2008 3294
342 174 549 212 CLXXVIII

341 279 515 314 stitiosam
529 277 633 312 nimis
651 275 889 310 eredulitatem
904 275 1142 311 disseruimus.
1187 273 1287 309 Nunc
1308 273 1420 317 aliud,
1442 273 1534 320 quod
1548 274 1726 310 institutae
1741 273 1892 322 disputa-

340 336 445 370 tionis
462 335 575 379 magis
591 333 770 379 proprium
785 335 855 375 est,
878 332 916 367 in
930 332 1054 367 iisdem
1070 332 1165 367 Actis
1181 331 1392 367 notabimus.
1424 330 1577 367 Gensent
1591 331 1685 366 enim
1699 331 1761 366 illa
1776 332 1893 378 aequi-

340 393 496 427 noctium
517 403 597 426 xxv.
614 389 732 424 Martii
754 389 848 432 fieri,
875 400 944 435 quo
971 388 1056 424 haec
1083 388 1404 436 pronunciabantur
1428 391 1601 436 tempore,
1628 387 1694 423 hoc
1720 391 1774 423 est
1800 398 1892 423 anno

341 448 468 483 Christi
485 457 654 483 ccxcvm.
687 445 788 488 Quod
803 457 908 492 quam
921 445 1012 481 falso
1029 446 1196 481 creditum
1220 445 1282 488 sit,
1303 446 1360 480 vel
1383 445 1640 481 observationes
1661 445 1759 492 ipsae
1780 444 1893 480 Ptole-

340 505 432 540 maei
446 515 486 539 ac
503 503 768 539 mathematicae
784 503 924 538 tabulae
941 503 1194 545 demonstra-nt,
1217 513 1261 536 ex
1285 502 1412 548 quibus
1430 505 1552 538 notum
1568 506 1620 538 est
1635 501 1894 548 aequinoctium

340 566 423 596 tunc
438 562 475 596 in
490 573 597 604 xx11.,
618 561 690 596 imo
707 561 812 595 etiam
827 573 900 597 ιιι.
915 560 1089 595 incidisse.
1136 559 1204 594 Sed
1226 558 1291 593 hoc
1313 570 1384 594 non
1406 569 1527 606 urgeo.
1573 559 1658 595 Esto
1679 571 1761 594 xxv.
1777 559 1895 594 Martii

341 619 414 653 dies
430 618 651 664 aequinoctii.
695 618 769 653 Iam
784 618 862 664 quis
878 617 1166 653 absurdissimum
1190 627 1265 650 esse
1289 619 1324 650 et
1346 616 1598 652 ecclesiasticae
1621 616 1824 662 disciplinae
1841 626 1894 650 re-

339 686 496 722 pugnare
511 686 584 710 non
597 674 707 717 videt,
729 674 822 721 quod
841 674 891 709 illi
913 675 1081 718 sciscunt,
1103 672 1233 720 pascha
1254 672 1367 708 triduo
1392 676 1472 708 ante
1494 673 1752 720 aequinoctium
1766 672 1894 708 indici?

340 733 446 768 Vetus
463 736 517 766 est
533 743 661 775 canon,
679 732 738 778 qui
750 732 840 766 inter
854 732 1062 778 apostolicos
1078 731 1241 765 refertur:
1258 729 1297 764 Εἷ
1309 741 1354 771 τις
1367 729 1599 777 πρεσβύτερος,
1615 730 1637 775 ἦ
1654 728 1819 775 διάκονος,
1835 728 1894 773 τὴν

341 789 434 835 ἁγίαν
451 792 510 823 τοῦ
527 787 641 836 πάσχα
655 788 778 836 ἡμέραν
794 787 858 834 πρὸ
875 790 931 832 τῆς
948 786 1082 834 εἰαρινῆς
1099 786 1264 834 ἰσημερίας
1281 786 1362 833 μετὰ
1377 785 1544 835 Ἰουδαίων
1569 785 1758 833 ἐπιτελέσει,
1782 786 1894 821 καθαι-

342 847 468 893 ρείσθω.
501 846 613 889 Quare
629 845 822 892 deponendi
835 849 951 892 patres
969 856 1088 880 omnes
1103 845 1155 880 illi
1169 844 1324 888 fuerunt,
1348 843 1473 879 sivero
1488 844 1762 890 pronunciatum:
1776 843 1894 891 aequi-

339 904 494 940 noctium
507 904 546 938 in
559 915 644 939 xxv.
657 903 774 938 Martii
788 902 874 938 fieri.
1530 928 1533 931 «
1600 918 1602 920 -

430 962 480 996 Ac
501 971 545 995 ne
566 960 651 995 satis
676 959 816 1006 quidem
839 965 999 995 accurate
1022 958 1108 994 mihi
1129 957 1303 1006 paschalis
1325 958 1493 994 terminus
1515 969 1578 1004 per
1597 957 1684 994 illud
1696 962 1833 1005 tempus
1855 958 1894 994 in

339 1030 412 1054 xxx.
428 1017 547 1053 Martii
568 1017 702 1064 positus
725 1016 870 1053 videtur.
917 1016 1055 1051 Etenim
1078 1027 1170 1051 anno
1195 1014 1324 1051 Christi
1337 1026 1418 1051 ccc.
1440 1026 1486 1051 ex
1500 1014 1717 1062 Alphousina
1730 1014 1893 1052 methodo

339 1074 598 1121 aequinoctium
612 1074 650 1109 in
666 1074 776 1109 noctis
800 1074 938 1108 initium
960 1074 1068 1117 cadit,
1090 1072 1156 1108 hoc
1176 1077 1230 1108 est
1251 1072 1373 1108 horam
1388 1085 1451 1109 vn.
1477 1083 1498 1107 a
1518 1072 1661 1108 meridie
1676 1084 1768 1116 ιιι,
1788 1072 1837 1108 ita
1855 1075 1896 1108 ut

340 1133 509 1180 spatium,
531 1143 594 1178 per
609 1131 702 1178 quod
718 1134 929 1174 excurreret,
945 1130 1050 1166 fuerit
1064 1142 1152 1166 xxn.
1166 1130 1284 1165 Martii
1299 1129 1383 1166 dies.
1425 1130 1566 1165 Rectius
1581 1130 1688 1176 igitur
1702 1129 1834 1177 pascha
1847 1129 1894 1165 ci—

340 1191 465 1225 timum
485 1189 523 1224 in
544 1200 646 1225 xxm.
666 1188 783 1223 Martii
802 1187 942 1222 haerere
963 1187 1092 1234 potuit,
1119 1187 1180 1222 ubi
1207 1190 1242 1222 et
1262 1187 1444 1222 Anatolius
1475 1186 1602 1233 aliique
1624 1187 1894 1230 constituerunt;

342 1259 429 1294 quos
445 1246 637 1282 Nicaenum
654 1245 838 1280 concilium
853 1247 977 1291 postea
992 1248 1149 1280 secutum
1164 1244 1385 1290 usurpandae
1400 1244 1584 1280 vetustatis
1605 1244 1720 1290 gratia
1733 1256 1804 1280 non
1819 1244 1896 1290 qui·
1953 1236 1955 1238 ¹

342 1305 421 1339 dem
443 1304 599 1339 citimum
620 1302 766 1349 pascha,
789 1301 851 1336 sed
872 1302 956 1336 anni
974 1301 1079 1348 primi
1101 1303 1156 1345 τῆς
1178 1299 1546 1347 ἐννεακαιδεκαετηρίδος
1568 1300 1707 1337 initium
1721 1301 1844 1337 eodem
1857 1301 1895 1336 in
1930 1332 1933 1335 Α

341 1362 399 1396 1110
417 1361 470 1396 die
486 1373 588 1396 xxm.
603 1359 753 1404 reliquit.
799 1357 877 1393 Non
891 1358 983 1393 male
1000 1358 1108 1404 igitur
1122 1357 1289 1393 hactenus
1313 1369 1455 1404 operam
1476 1358 1673 1405 posuimus,
1697 1359 1758 1405 qui
1779 1362 1813 1394 et
1831 1369 1894 1394 no·

342 1418 550 1453 bilissimum
570 1416 723 1451 Anatolii
741 1415 979 1462 fragmentum
1001 1414 1163 1461 idemque
1182 1415 1433 1461 perobscurum
1454 1414 1636 1462 diligenter
1657 1415 1895 1463 exposuimus,

342 1479 376 1510 et
392 1476 435 1510 ab
453 1474 594 1521 egregio
610 1473 901 1518 sanctissimoque
915 1475 1013 1519 patre
1027 1476 1101 1507 tam
1115 1471 1293 1518 insignem
1308 1472 1519 1508 calumniam
1540 1477 1643 1519 atque
1657 1473 1822 1509 iniuriam
1836 1472 1894 1509 de-

340 1533 504 1579 pulimus,
551 1531 628 1573 Qua
649 1531 686 1565 in
708 1530 911 1577 quaestione
935 1529 1235 1576 controversiaque
1258 1529 1481 1576 disceptanda
1502 1529 1677 1576 longiores
1694 1540 1759 1566 nos
1774 1529 1894 1574 fuisse,

341 1600 453 1636 neque
469 1599 534 1624 nos
553 1588 667 1634 ipsos,
693 1588 752 1634 qui
774 1587 810 1622 id
831 1587 1027 1622 necessario
1049 1586 1213 1630 fecimus,
1234 1586 1410 1634 poenitere
1433 1587 1609 1631 convenit,
1629 1598 1743 1635 neque
1763 1587 1894 1630 lectori,

342 1647 399 1682 cui
413 1646 611 1682 consultum
625 1645 799 1680 voluimus
815 1644 1005 1691 displicere.

405 1715 407 1718 ¹
431 1701 478 1737 Ἥ
494 1714 541 1742 τις
557 1700 707 1749 ἐμπίμτει
723 1699 775 1736 διὰ
790 1699 871 1736 ἐτῶν
887 1702 1012 1747 τριῶν]
1043 1701 1212 1748 Keplerus
1227 1696 1248 1749 ᾖ
1265 1713 1323 1736 τινι
1337 1701 1434 1748 legit.

432 1760 493 1794 Καὶ
515 1757 617 1799 ἄλλας
641 1757 713 1793 κατ’
731 1756 802 1799 ἔτος
823 1757 981 1804 τέσσαρας
1004 1757 1117 1805 ὥρας]
1165 1757 1368 1794 Cuiusmodi
1390 1770 1443 1794 ιιι
1463 1761 1602 1794 constat
1620 1757 1658 1793 τὸ
1680 1758 1893 1807 νυχθήμερον.

342 1818 431 1854 Nam
446 1817 532 1852 hora
545 1816 637 1863 apud
651 1815 884 1863 Epiphaniam
900 1815 988 1850 duae
1004 1819 1086 1851 sunt
1101 1815 1374 1862 aequinoctiales
1389 1814 1507 1852 horae.

432 1873 487 1914 Ὠς
504 1869 583 1908 εἶναι
598 1871 639 1913 εἰς
656 1872 697 1906 τὰ
712 1872 786 1919 τρία
801 1870 883 1916 ἔτη.]
915 1872 1001 1908 Vide
1018 1883 1107 1919 quae
1122 1873 1280 1920 superius
1297 1872 1548 1909 adnotavimus.

433 1930 490 1965 Διὶ)
507 1929 585 1976 παρ’
602 1929 712 1969 αὐτοῖς
729 1929 821 1963 πέντε
838 1930 958 1976 μῆνες]
1006 1929 1212 1965 Caussativa
1229 1930 1296 1966 ista
1311 1930 1481 1976 particula
1496 1939 1600 1977 aegre
1616 1941 1694 1966 cum
1709 1929 1892 1977 superiori-

343 1989 408 2024 bus
425 1986 596 2023 cohaeret.
619 1986 720 2022 Forte
737 1986 829 2021 idem
845 1990 898 2021 est
913 1985 1006 2032 quod
1023 1986 1104 2020 διότι
1115 1987 1171 2021 vel
1186 1984 1251 2032 ὅτι,
1268 1997 1332 2022 nec
1347 1986 1516 2022 inferendi
1531 1986 1601 2022 vim
1616 1985 1737 2031 habet,
1753 1986 1815 2022 sed
1830 1998 1891 2023 no·

343 2057 423 2081 vam
438 2044 646 2080 sententiam
661 2042 818 2086 inchoat,
840 2053 911 2090 qua
932 2054 1004 2079 xrv.
1022 2052 1193 2079 annorum
1208 2043 1324 2089 cyclus
1341 2043 1534 2090 exponitur.
1565 2042 1664 2085 Quod
1679 2043 1710 2079 si
1723 2043 1891 2080 illativam

344 2114 420 2138 esse
433 2102 555 2145 mavis,
567 2101 611 2136 ad
623 2100 859 2136 antecedentia
870 2099 1065 2147 pertinebit.
1087 2099 1176 2135 Nam
1191 2100 1273 2147 quia
1283 2100 1414 2135 lunaris
1427 2110 1539 2135 annus
1552 2099 1623 2135 dies
1635 2099 1740 2143 habet
1750 2110 1891 2146 ccccxv,

343 2160 385 2196 fit
400 2164 439 2195 ut
452 2159 552 2195 tertio
569 2162 603 2194 et
618 2161 718 2193 sexto
735 2168 826 2193 anno
842 2157 973 2204 singuli
986 2167 1142 2200 menses,
1164 2160 1200 2192 et
1216 2157 1254 2192 in
1268 2159 1379 2192 totum
1395 2168 1454 2194 xxv
1469 2157 1569 2192 annis
1585 2157 1737 2204 quinque
1752 2169 1891 2195 menses

345 2217 597 2259 intercalentur‚
620 2214 713 2262 quod
735 2226 772 2250 ιι
788 2214 909 2250 diebus
929 2214 1052 2250 solari·
1068 2224 1181 2249 annus
1197 2214 1354 2250 lunarem
1369 2216 1518 2261 superet.
1550 2212 1730 2262 Utcunque
1745 2215 1808 2259 eit,
1830 2228 1891 2252 xrv

345 2285 514 2310 annorum
530 2273 667 2319 cyclum
681 2271 832 2308 indicare
844 2271 987 2315 videtur,
1003 2271 1038 2307 in
1056 2282 1123 2318 quo
1140 2271 1238 2318 quini
1253 2282 1390 2307 menses
1405 2271 1614 2307 inseruntur.
1638 2270 1707 2307 Sed
1723 2276 1839 2309 utrum
1853 2273 1890 2309 in

346 2342 412 2367 usu
432 2330 571 2378 politico
593 2330 794 2365 observatus
816 2329 874 2364 ille
897 2328 1015 2376 cyclus
1036 2328 1156 2371 fuerit,
1184 2339 1230 2364 an
1258 2338 1366 2376 penes
1388 2328 1587 2376 synedrium
1611 2331 1763 2366 retentus
1791 2334 1826 2366 et
1845 2330 1891 2366 ad

345 2387 546 2424 methodum
561 2386 794 2423 conformatus
804 2411 813 2429 ‚
836 2396 915 2421 cum
936 2385 1118 2433 plenorum
1140 2395 1371 2432 caver-umque
1386 2385 1557 2422 mensium
1571 2389 1739 2433 perpetua
1753 2397 1889 2424 succee-

346 2447 443 2482 sione
459 2444 652 2481 communis
669 2454 781 2479 annue
798 2443 1022 2487 evolveretur,
1038 2447 1142 2479 antea
1156 2442 1398 2479 dubitavimus.

436 2502 496 2537 Διὰ
511 2502 549 2536 τ“ο
565 2500 766 2548 &perpacem
781 2498 845 2534 ἀπὸ
863 2502 921 2535 τοῦ
936 2498 1101 2546 munau]
1134 2499 1203 2535 Cur
1224 2511 1282 2536 xiv
1299 2509 1468 2536 annorum
1490 2499 1572 2535 orbe
1589 2500 1792 2537 neomeniae
1807 2511 1888 2538 con-

347 2560 461 2595 clusae
483 2559 568 2602 rint,
592 2568 752 2594 caussam
772 2557 840 2592 ieta
860 2556 1021 2601 reddunt,
1043 2556 1103 2593 sed
1122 2568 1184 2604 pro
1200 2556 1296 2592 varia
1310 2557 1400 2604 cycli
1413 2556 1635 2604 dlepoeitione
1651 2556 1787 2594 diversa
1800 2557 1888 2606 tingi

346 2621 466 2664 potest.
499 2615 569 2652 Nos
586 2615 712 2662 duplici
726 2614 858 2650 ratione
874 2615 1010 2661 cyclum
1026 2614 1191 2662 explicari
1206 2625 1308 2662 posse
1325 2613 1486 2651 diximus.
1516 2612 1631 2650 Prima
1646 2618 1716 2659 est,
1732 2618 1772 2650 ut
1787 2616 1887 2651 annis

347 2674 523 2709 lunaribus
539 2673 691 2720 praecise
707 2672 848 2707 trecenti
864 2676 898 2707 et
912 2671 1166 2718 quinquaginta
1181 2674 1327 2718 quatuor
1347 2670 1434 2714 dies,
1456 2669 1560 2706 horae
1583 2675 1660 2707 octo
1682 2671 1887 2717 tribuantur,

350 2742 405 2765 xiv
423 2734 537 2765 autem
554 2729 653 2765 annis
669 2729 741 2764 dien
758 2727 863 2772 5108,
884 2727 988 2764 horae
1003 2728 1036 2765 4.
1068 2728 1141 2765 1100
1163 2729 1327 2775 temporie
1343 2726 1454 2775 spatio
1471 2727 1606 2774 cyclum
1621 2729 1886 2774 constituebant,

350 2788 383 2822 in
400 2798 467 2833 quo
484 2787 589 2822 celius
606 2786 735 2821 lunari·
751 2784 1004 2826 ἀποκαστάσιως
1019 2786 1188 2821 rationem
1203 2784 1392 2829 habebant,
1415 2794 1478 2820 nec
1499 2783 1591 2820 illiue
1611 2785 1792 2822 ratiocinia
1807 2797 1887 2823 cum

350 2844 421 2879 nole
438 2844 693 2889 comparabant.
717 2842 829 2885 Quare
845 2841 887 2878 de
903 2842 1044 2886 ultimo,
1060 2841 1125 2878 hoc
1141 2845 1193 2878 ent
1208 2853 1277 2878 xrv.
1290 2852 1381 2878 anno
1396 2840 1515 2885 solari,
1532 2845 1567 2877 et
1582 2842 1719 2889 quidem
1734 2843 1886 2890 politico,

350 2901 409 2947 qui
425 2905 476 2935 eet
492 2910 628 2935 ccccxv
642 2900 788 2943 dierum,
805 2899 876 2935 dien
890 2899 1041 2947 quinque
1054 2898 1218 2935 ethoram
1229 2908 1333 2935 unum
1345 2897 1584 2941 detrahebam
1600 2903 1781 2947 propterea
1793 2900 1885 2948 quod

350 2958 380 2992 ni
396 2967 439 2992 ex
455 2956 553 2992 510⁴.
570 2957 601 2992 4.
648 2957 798 2992 iuliano·
815 2968 880 2992 xm
895 2956 1045 2999 eximar,
1067 2955 1220 2992 decimu·
1244 2958 1386 3003 quartu·
1407 2954 1479 2991 die·
1503 2954 1643 2992 habebit
1657 2967 1792 3001 ccccx,
1815 2967 1885 2994 una

349 3013 432 3050 hera
449 3014 579 3055 minum
602 3024 670 3060 quc
687 3013 865 3050 intervallo
882 3014 1019 3050 lunares
1034 3013 1233 3051 neomeniae
1249 3012 1384 3049 restitui
1398 3011 1593 3049 credebant.
1625 3013 1692 3051 Sed
1708 3013 1793 3051 haee
1808 3025 1884 3061 τιχ-
