2008 3294
1547 184 1722 222 XXXVII

164 290 219 325 καὶ
241 291 308 331 τοῖς
331 288 447 337 μάγοις
471 288 559 324 οἴνου
582 300 616 324 τε
632 287 718 337 ὁμοῦ
742 289 795 324 καὶ
811 287 986 337 ἐμψύχων,
1015 287 1068 323 καὶ
1091 285 1288 335 ἀφροδισίων
1312 286 1489 336 ἀπέχεσθαι
1511 287 1721 335 λατρεύουσιν

164 345 317 394 ἀγγέλοις
334 346 388 382 καὶ
403 346 564 394 δαίμοσιν.
595 346 685 382 Hinc
701 346 805 383 Cone.
819 345 926 382 Laod.
946 344 1031 382 Can.
1047 357 1153 382 xxxv.
1184 344 1264 381 Ὅτι
1279 345 1318 381 οὗ
1336 347 1386 381 δεῖ
1398 346 1608 393 Χριστιανοὺς
1623 343 1721 392 ἐγκα-

164 403 326 439 ταλείπειν
348 403 405 449 τὴν
422 401 594 447 ἐκκλησίαν
617 406 675 438 τοῦ
693 403 785 450 θεοῦ,
809 403 863 439 καὶ
878 401 1020 448 ἀπιέναι,
1043 402 1097 436 καὶ
1119 401 1280 449 ἀγγέλους
1298 400 1485 450 ὀνομάζειν,
1507 402 1562 438 καὶ
1578 401 1720 444 συνάξεις

167 463 270 496 ποίαν
286 464 351 498 ete.
398 461 493 504 Quae
508 461 714 508 angelorum
731 459 892 508 ὀνομασία
906 459 951 496 ad
965 469 1150 506 magorum
1165 460 1374 507 praestigias
1389 460 1722 508 superstisiososque

166 518 281 553 cultus
296 517 417 554 referri
431 517 544 553 debet.
575 517 622 553 Ut
636 522 671 554 et
685 518 771 554 illud
786 518 885 554 Pauli
900 517 944 553 ad
960 516 1093 552 coloss.
1109 527 1139 554 c.
1157 517 1196 552 2:
1226 517 1336 564 μηδείς
1353 516 1434 564 ὑμᾶς
1451 517 1720 564 καταβραβευέτω

166 574 271 609 θέλων
288 572 319 610 ἐν
336 575 613 622 ταπεινοφροσύνῃ
639 575 692 610 καὶ
709 574 861 623 θρησκείᾳ
875 575 941 609 τῶν
957 572 1119 621 ἀγγέλων.
1162 573 1216 609 Ex
1238 585 1307 620 quo
1329 574 1415 610 illud
1431 579 1592 622 apparet,
1616 586 1722 622 quam

163 632 280 680 inepte
296 631 340 668 ab
363 630 544 668 haereticis
562 632 606 667 ad
621 632 838 669 stolidissimi
859 631 984 668 erroris
998 631 1231 679 patrocinium
1252 635 1397 678 uterque
1411 632 1469 667 ille
1485 633 1583 668 locus
1599 631 1720 668 affera-

159 692 227 726 tur.
259 689 389 725 Mirum
404 692 458 724 est
471 700 552 725 vero
569 690 662 736 quod
685 679 721 725 in
735 689 986 727 Ecclesiasticis
1002 687 1195 724 Annalibus
1211 688 1357 734 legitur,
1379 688 1421 723 de
1436 689 1499 724 illa
1513 690 1719 736 angelorum

161 746 312 794 θρησκείᾳ
327 746 461 782 nullam
483 747 528 782 ab
543 746 737 794 Epiphanio
753 747 965 783 mentionem
981 756 1058 781 esse
1072 745 1212 780 factam.
1245 744 1334 787 Quid
1350 746 1443 780 enim
1470 747 1595 782 clarius
1612 758 1718 794 quam

159 803 252 851 quod
266 803 478 852 Epiphanius
493 803 651 841 hocloco
667 808 786 841 narrat
799 804 978 846 Simonem
993 803 1200 850 angelorum
1219 803 1338 839 nescio
1362 814 1449 850 quas
1466 804 1717 850 appellationes

158 872 234 897 esse
255 864 509 905 commentum,
540 873 605 897 nec
621 862 721 897 aliter
748 861 894 898 obtineri
915 871 1018 908 posse
1045 860 1195 895 salutem
1222 870 1452 903 asseverasse,
1470 871 1575 907 quam
1588 862 1619 896 si
1639 861 1716 907 quis

157 928 294 955 summo
309 917 447 954 Parenti
460 930 522 966 per
536 919 679 954 easdem
693 919 771 955 illas
786 918 978 954 Potestates
994 928 1034 953 ac
1046 917 1315 954 nominationes
1327 917 1537 953 sacrificium
1553 917 1692 954 offerret
1701 922 1717 954 ἲ

156 974 298 1017 Annon
311 974 397 1012 haec
412 979 467 1011 est
482 975 634 1023 θρησκεία
649 978 716 1011 τῶν
731 974 907 1024 ἀγγέλωνῗ
942 975 946 978 ”

249 1032 389 1069 Atenim
404 1033 565 1080 angelos,
582 1045 670 1080 quos
685 1033 808 1069 mundi
823 1033 1018 1068 conditores
1032 1031 1131 1075 fecit,
1159 1032 1349 1068 detestatus
1367 1035 1420 1066 est
1435 1031 1558 1067 Simon
1574 1033 1716 1080 suisque

154 1089 265 1129 vetuit
287 1089 453 1137 προςέχειν
484 1090 627 1137 τούτοις,
655 1094 695 1126 ut
716 1091 766 1126 ait
787 1089 955 1126 Theodor.
977 1092 1013 1125 et
1033 1088 1208 1125 Irenaeus.
1255 1088 1322 1131 Qui
1343 1089 1451 1135 igitur
1472 1090 1648 1131 convenit,
1678 1094 1717 1124 ut

156 1146 326 1195 θρησκείαν
346 1147 415 1183 illis
439 1146 658 1183 adhibuerit?
695 1147 763 1184 Sed
778 1147 942 1183 nimirum
957 1150 1142 1194 utrumque
1166 1158 1288 1182 verum
1314 1150 1378 1181 est.
1416 1146 1572 1192 Angelos
1594 1147 1718 1182 muudi

154 1204 349 1248 conditores
366 1205 637 1241 contemnendos
659 1216 736 1240 esse
757 1204 873 1240 docuit
894 1208 1053 1248 eatenus,
1074 1207 1114 1239 ut
1136 1215 1244 1252 supra
1266 1204 1344 1239 illos
1361 1203 1569 1239 attollendos
1586 1215 1623 1238 se
1640 1215 1716 1239 esse

155 1261 344 1305 crederent,
360 1265 395 1297 et
411 1261 454 1297 ad
470 1273 647 1298 summum
662 1262 761 1298 illum
771 1262 910 1298 Patrem
925 1273 1131 1305 emersuros,
1147 1271 1188 1296 ac
1202 1260 1430 1297 nihilominus
1446 1265 1576 1303 tamen,
1594 1273 1715 1308 quam-

154 1319 212 1355 diu
228 1319 266 1354 iu
280 1318 346 1355 hac
362 1319 433 1355 vita
449 1319 631 1366 degerent,
655 1319 857 1356 execrandis
873 1320 941 1355 illis
957 1319 1132 1366 mysteriis
1148 1329 1188 1354 ac
1203 1319 1327 1356 ritibus
1343 1318 1531 1366 placandos
1541 1345 1550 1361 ,
1574 1330 1618 1354 ne
1634 1330 1714 1354 evo·

153 1376 267 1412 lantes
291 1387 310 1412 e
330 1377 535 1424 corporibus
551 1377 684 1413 animas
707 1389 770 1424 pro
786 1388 851 1413 suo
866 1377 941 1413 iure
963 1377 1160 1412 retinerent.
1191 1375 1292 1419 Quod
1309 1375 1470 1412 Gnostici
1490 1377 1714 1423 postmodum

154 1434 382 1481 arripuerunt.
415 1434 570 1477 Quorum
584 1435 668 1471 illud
685 1439 776 1478 erat,
800 1434 838 1469 τὰ
854 1434 992 1481 σαρκικὰ
1006 1436 1074 1474 τοῖς
1088 1435 1254 1482 σαρκικοῖς
1270 1431 1464 1469 ἆπαδοτέον.

244 1489 291 1525 ’Ἣ
304 1490 364 1525 τίνι
379 1494 428 1539 τῷ
446 1490 542 1539 λόγῳ
559 1491 596 1526 τὶ)
614 1491 785 1538 ἐπίθετον]
808 1491 898 1535 Quid
913 1492 1054 1527 tandem
1069 1492 1136 1527 sibi
1151 1492 1226 1527 vult
1239 1490 1477 1538 Epiphanius?
1490 1490 1605 1537 Negat
1620 1492 1715 1527 enim

154 1547 333 1584 Simonem
346 1549 454 1584 ullam
468 1549 536 1584 sibi
551 1550 819 1597 appellationem
834 1549 1012 1585 indidisse.
1050 1549 1097 1585 At
1119 1549 1196 1596 quis
1212 1549 1242 1584 is
1265 1549 1371 1584 trium
1394 1548 1462 1583 sibi
1483 1559 1714 1595 personarum

152 1606 296 1641 nomina
309 1605 524 1650 vindicabat,
548 1609 583 1643 et
598 1607 731 1654 δύναμιν
746 1607 836 1643 inter
852 1610 966 1644 cetera
983 1607 1058 1642 θεοῦ
1073 1617 1151 1643 sese
1163 1606 1385 1650 nominabat,
1407 1605 1472 1641 hoc
1494 1609 1562 1649 est,
1587 1610 1626 1642 ut
1645 1617 1712 1653 ego

152 1663 374 1710 interpretor,
391 1663 446 1699 dei
459 1663 585 1702 filium.
616 1664 703 1701 Vide
718 1664 806 1702 Iren.

242 1719 298 1755 Ἐν
315 1720 398 1768 μέσῃ
413 1723 453 1768 τῇ
469 1723 534 1756 τῶν
551 1721 727 1769 Ῥωμαίων
743 1721 865 1767 πόλει]
893 1722 992 1758 Hanc
1005 1721 1186 1758 historiam
1208 1726 1341 1758 veteres
1358 1732 1479 1757 omnes
1495 1722 1615 1757 Patres
1631 1725 1712 1768 post

152 1776 326 1814 Iustinum
346 1777 518 1823 referunt,
544 1779 735 1823 Eusebius,
758 1779 923 1826 Cyrinus,
946 1783 981 1815 et
996 1780 1065 1815 alii.
1109 1779 1178 1814 Sed
1200 1780 1242 1815 de
1258 1782 1376 1815 statua
1391 1779 1527 1814 Simoni
1550 1789 1629 1814 cum
1645 1778 1711 1813 hac

150 1835 375 1882 inscriptione
389 1836 520 1884 posita,
536 1836 696 1873 SIMONI
717 1836 808 1872 DEO
832 1835 1025 1880 SANCTO,
1047 1837 1100 1872 vir
1116 1836 1256 1885 quidam
1272 1836 1428 1872 eruditus
1444 1836 1633 1878 addubitat,
1650 1836 1711 1882 qui

150 1892 321 1928 Iustinum
338 1891 509 1930 Graecum
521 1893 698 1930 homiuem
713 1905 826 1930 errore
842 1894 1025 1942 deceptum
1040 1897 1151 1942 putat,
1168 1905 1248 1929 cum
1264 1895 1444 1941 vulgarem
1460 1893 1556 1928 illam
1572 1903 1612 1927 ac
1629 1904 1708 1940 pas·
1758 1918 1765 1922 -

149 1951 218 1987 sim
233 1953 411 1987 extantem
426 1949 606 1998 ἐπιγραφὴν
620 1951 766 1999 legisset
781 1951 952 1988 SEMONI
966 1951 1057 1987 1)Εο
1074 1951 1268 1995 SANCTO,
1285 1951 1463 1987 Simonem
1479 1961 1542 1997 pro
1557 1949 1709 1988 Semone

149 2009 334 2058 accepisse.
366 2007 463 2053 Quae
477 2007 563 2046 mihi
578 2009 776 2046 coniectura
791 2020 875 2045 sane
890 2009 1078 2057 probabilis
1095 2014 1148 2044 est
1162 2009 1248 2044 visa.

433 2112 494 2149 AD
517 2112 750 2151 HAERESIM
767 2108 898 2157 XXII„
922 2113 1042 2156 QUAE
1065 2113 1150 2150 EST
1172 2111 1423 2150 MENANDRI.

239 2181 292 2218 De
306 2181 497 2219 Menandro
514 2182 643 2220 Tertul.
668 2182 709 2219 de
731 2183 885 2219 Praescr.
907 2194 937 2219 c.
954 2195 1048 2219 xnvi.
1093 2183 1176 2218 Post
1196 2183 1284 2217 hunc
1306 2182 1498 2217 Menander
1520 2182 1707 2228 disdpulus

147 2241 256 2282 illius,
272 2240 428 2274 similiter
443 2252 577 2286 votaque,
595 2236 711 2276 eudem
730 2242 845 2276 dicens
860 2252 947 2288 quae
961 2240 1075 2275 Simon
1090 2243 1173 2287 ipse,
1190 2241 1350 2286 quiequid
1369 2251 1405 2273 se
1419 2238 1534 2273 Simon
1558 2240 1704 2280 dixerat,

149 2297 211 2332 hoc
226 2309 262 2332 se
277 2296 468 2332 Menander
490 2309 559 2332 esse
575 2298 725 2340 dicebat,
749 2310 877 2344 neqans
893 2297 1018 2333 habere
1033 2310 1215 2344 quenquam
1226 2309 1327 2344 posse
1349 2298 1490 2331 salutem
1514 2299 1582 2330 uisi
1596 2298 1631 2329 in
1648 2309 1705 2330 no-

148 2357 235 2390 mine
249 2367 308 2389 suo
325 2355 658 2401 baptizamsfuiseet.
672 2355 759 2391 Vide
774 2355 901 2392 Euseb.
919 2355 978 2392 lib.
994 2355 1053 2392 111.
1068 2355 1156 2391 Hist.
1179 2365 1254 2403 cap.
1271 2354 1337 2397 20„
1353 2354 1526 2389 Iustinum
1542 2353 1643 2400 Apol.
1661 2353 1704 2394 2.,

146 2411 306 2459 August„
320 2410 463 2447 Philast.
479 2415 543 2447 etc.

237 2468 279 2504 N.
296 2481 318 2504 ι.
354 2465 419 2509 “Ος
442 2465 507 2503 ἀπὸ
530 2468 740 2516 Σαμαρειτῶν
764 2468 982 2517 ὁρμώμενος.]
1018 2469 1186 2505 Iustinus:
1215 2467 1279 2503 ἀπὸ
1303 2468 1417 2515 κώμης
1439 2465 1701 2514 Καππαρεταίας.

147 2526 400 2563 Theodoretus:
417 2523 481 2560 ἀπὸ
498 2522 623 2572 Χαβραῖ
639 2525 752 2572 κώμης
769 2526 856 2561 οὕτω
873 2526 1083 2574 καλουμένης.

238 2582 377 2618 Ἑαυτὸν
394 2581 429 2618 δὲ
444 2580 536 2630 ἔλεγε
553 2583 715 2630 δύναμιν]
767 2583 873 2630 Atqui
893 2584 982 2621 Iren.
1010 2585 1070 2619 lib.
1087 2596 1110 2619 1.
1137 2593 1212 2630 cap.
1230 2594 1301 2618 xxr.
1330 2582 1452 2618 scribit
1470 2582 1702 2618 Menandrum

149 2640 283 2676 dixisse
297 2641 448 2688 primam
463 2641 626 2677 virtutem
641 2641 855 2687 incognitam
869 2641 1030 2677 omnibus
1046 2652 1132 2684 esse,
1149 2651 1187 2675 se
1203 2651 1284 2675 vero
1301 2640 1345 2675 ad
1356 2639 1538 2676 hominum
1553 2640 1701 2676 salutem

148 2697 194 2734 ab
214 2698 349 2745 angelis
373 2709 450 2734 esse
471 2698 630 2735 missum.
677 2698 791 2740 Quare
811 2709 883 2733 non
899 2697 1044 2744 μεγάλην
1064 2698 1161 2733 illam
1184 2708 1222 2732 se
1249 2708 1325 2732 esse
1347 2697 1482 2744 δύναμιν
1509 2698 1701 2733 asseruisse

147 2755 299 2799 videtur,
314 2759 355 2791 ut
367 2755 478 2803 ipsius
493 2756 662 2802 magister
678 2759 713 2790 et
728 2755 852 2790 erroris
869 2754 1092 2798 architectus,
1114 2755 1176 2790 sed
1190 2754 1361 2791 minorem
1377 2754 1563 2802 quandam.
1599 2754 1699 2797 Quod

150 2816 185 2847 et
206 2812 332 2848 diserte
355 2811 525 2850 Theodor.
552 2813 686 2848 asserit.
723 2811 860 2846 Ἑαυτὸν
883 2811 934 2858 δὲ,
956 2812 1084 2858 inquit,
1103 2811 1140 2846 οὖ
1154 2810 1210 2856 τὴν
1227 2811 1360 2859 πρώτην
1376 2811 1530 2859 ὠνόμασε
1551 2812 1697 2859 δύναμιν.

147 2867 341 2916 ’Άγνωστον
362 2868 425 2917 γὰρ
441 2867 539 2917 ἔφησε
555 2870 685 2914 ταύτην·
704 2867 779 2904 ἀλλ’
796 2868 846 2904 ἐπ’
861 2868 979 2913 ἐκείνης
996 2867 1195 2904 ἀπεστάλθαι
1211 2868 1450 2916 βρενθυόμενος.
1482 2869 1582 2913 Quod
1603 2870 1634 2904 si
1648 2870 1698 2904 ita

148 2929 217 2970 est,
244 2926 306 2973 qui
326 2937 446 2963 verum
466 2938 543 2964 esse
562 2930 678 2975 potest
701 2927 794 2974 quod
814 2927 952 2962 subiicit
965 2926 1194 2974 Epiphanius,
1220 2927 1386 2962 maiorem
1407 2939 1444 2963 se
1465 2927 1696 2963 Menandrum

149 2986 367 3020 antecessore
387 2994 451 3021 suo
466 2995 507 3020 ac
521 2988 743 3032 praeceptore
757 2985 924 3019 iactasse?
947 2984 1023 3019 Nisi
1036 2984 1126 3020 forte
1140 2984 1312 3020 mendacii
1332 2984 1397 3020 hac
1417 2986 1456 3020 in
1470 2989 1568 3032 parte
1584 2984 1696 3020 Simo-

148 3052 229 3077 nem
249 3051 400 3088 arguens
427 3053 577 3088 eumque
603 3042 640 3078 iu
663 3042 817 3078 ordinem
844 3041 1021 3088 redigens,
1048 3042 1114 3078 sibi
1135 3042 1204 3089 ipsi
1224 3042 1397 3079 inferioris
1418 3043 1512 3078 illius
1529 3042 1694 3089 δυνάμεως

1771 1061 1778 1068 .
1797 1042 1838 1067 41.
