2008 3294
1619 217 1709 255 GVH

157 337 290 362 sunum
305 337 373 373 quo
389 325 570 372 Augustus
586 324 673 361 obiit
686 324 869 361 convenire
883 326 1018 371 potest,
1038 323 1100 359 sed
1115 323 1160 360 sd
1174 323 1304 360 Tiberii
1321 334 1389 367 ιιι,
1414 325 1455 359 ut
1466 320 1618 360 Lucidus
1634 321 1709 357 alii·

158 394 226 430 que
249 383 503 425 demonstrent3
531 382 591 428 qui
613 382 679 418 hoc
701 385 880 429 praeterea
904 379 1132 424 confirmant,
1158 391 1272 427 neque
1300 391 1342 416 eo
1370 391 1440 427 quo
1461 382 1626 415 'mortuus
1656 381 1710 414 est

155 440 336 486 Augustus
351 451 444 477 suno
452 465 462 483 ,
482 450 596 486 neque
616 439 776 486 sequenti
790 439 898 476 ullam
911 437 996 475 solis
1011 437 1159 484 eclipsin
1175 438 1354 474 accidisse.
1386 436 1598 473 Crediderim
1611 436 1709 484 equi-

157 497 236 534 dem
250 497 398 534 Diouem
420 497 504 534 solis
526 497 700 533 defectum
719 508 782 544 pro
797 495 912 532 lunari
925 506 987 542 per
1002 494 1272 541 imprudentiam
1288 494 1464 531 habuisse.
1493 493 1585 531 Nem
1599 494 1706 541 paulo

156 558 236 602 post
249 554 401 602 Augusti
413 558 563 590 mortem
577 554 663 590 luna
677 554 818 598 defecit,
834 553 929 600 Sept.
945 563 1054 589 xxvu.
1064 578 1074 595 ,
1090 552 1188 588 cuius
1204 563 1312 599 suprs
1326 552 1560 588 meminimus.
1596 550 1710 595 Quam

155 622 237 648 vero
252 612 341 648 false
355 612 402 648 sit
413 611 728 658 Middelburgensis
750 612 811 647 ills
830 610 918 648 rstio
940 612 1037 657 petet
1051 619 1097 645 ex
1113 619 1154 644 eo
1171 609 1264 655 quod
1279 620 1386 656 supra
1401 610 1630 648 constitutum
1644 613 1709 652 est,

155 669 459 716 Augustumsnuo
475 669 630 715 vulgaris
646 680 748 705 serae
763 680 852 712 x1v.,
866 679 938 705 nou
952 679 1027 710 xv.,
1050 670 1228 703 mortuum
1244 677 1334 702 esse.
1364 666 1410 702 At
1425 667 1564 714 eclipsis
1578 667 1640 704 ilis
1653 678 1709 703 so·

155 727 200 762 lis
223 726 324 763 tertio
346 729 426 774 post
448 726 523 764 eius
548 727 682 764 obitum
704 737 796 762 enno
819 725 976 772 configit.
1021 724 1175 771 Augusti
1188 735 1270 759 vero
1291 727 1441 760 mortem
1461 724 1499 759 in
1520 724 1710 760 triennium

155 783 366 820 summoveri
378 794 443 819 nec
457 783 602 819 Herodis
623 795 811 827 annorum,
831 793 898 819 uec
917 782 1028 830 ipsius
1043 781 1210 828 Augusti,
1233 784 1395 817 accurata
1417 782 1630 829 computatio
1645 793 1710 818 nec

154 840 396 877 historicorum
411 842 595 877 consensio
611 841 790 888 permittit.
818 840 870 877 Ac
885 840 916 876 si
927 850 1048 876 verum
1063 842 1168 880 esset,
1183 838 1277 885 quod
1291 837 1419 874 Paulus
1436 839 1624 882 contendit,
1639 851 1710 875 nou

154 898 312 942 biennio,
328 898 390 934 sed
406 898 554 937 triennio
563 925 572 942 ,
587 898 779 945 Dionysius
794 896 1026 934 hanecintun
1040 896 1141 933 foret.
1164 895 1299 943 Quippe
1314 895 1407 933 idem
1422 906 1536 932 sunus
1553 897 1613 943 qui
1628 896 1709 932 Dio-

154 955 343 1001 nysiosxrv.
361 958 429 998 est,
451 968 507 991 xv.
531 956 576 991 ab
597 955 748 992 Eusebio
770 958 982 998 numeratur,
1005 954 1098 1001 quod
1118 954 1150 993 is
1170 953 1323 989 natalem
1340 952 1467 990 Christi
1489 954 1651 989 coniicist
1673 954 1710 989 in

154 1024 285 1048 annum
300 1013 440 1048 tertium
458 1013 594 1060 Olymp.
613 1023 747 1056 cxciv„
771 1023 840 1060 quo
864 1012 986 1050 eodem
1007 1022 1099 1048 suno
1115 1011 1257 1047 ineunte
1273 1021 1355 1046 sets
1371 1009 1497 1046 Christi
1511 1010 1710 1046 Eusebisns

154 1061 292 1106 initium
307 1069 430 1113 hebet,
454 1070 587 1106 Iuliano
604 1083 703 1113 nv„
726 1070 941 1117 Dionysisus
955 1080 1038 1107 vero
1054 1068 1214 1116 sequenti
1229 1080 1324 1104 xnvr.
1356 1068 1486 1104 Verum
1501 1067 1543 1104 de
1559 1068 1710 1114 Augusti

153 1130 189 1163 et
202 1127 348 1164 Herodis
362 1128 464 1164 annis
475 1139 560 1164 mox
576 1127 758 1164 dicendum
773 1127 848 1165 erit.

220 1264 546 1302 EXCUTIUNTUR.
566 1265 625 1301 EA
649 1264 768 1309 QUAE
791 1263 1029 1302 ADVERSUS
1054 1263 1372 1300 DIONYSIANAM
1393 1262 1554 1300 AERAM
1576 1263 1642 1299 Ex

494 1322 684 1359 IOSEPHO
707 1322 858 1359 NUPER
881 1321 1018 1358 OBIICI
1042 1321 1217 1358 COEPTA
1240 1320 1370 1357 SUNT.

243 1414 408 1451 Omnium
425 1426 514 1462 quse
529 1416 698 1464 superiori
713 1416 826 1463 capite
841 1414 1070 1452 disseruimus
1086 1425 1128 1450 eo
1144 1425 1282 1450 summo
1295 1414 1401 1457 redit,
1425 1416 1464 1449 ut
1479 1414 1511 1450 si
1532 1414 1610 1461 quis
1626 1414 1707 1451 Dio-

153 1472 337 1519 nysisnam
352 1483 469 1509 seram
485 1484 525 1509 sc
540 1484 761 1510 communem
776 1473 866 1509 tueri
875 1473 970 1516 velit,
985 1472 1183 1508 necessario
1199 1471 1285 1507 hsee
1299 1471 1474 1508 affirmare
1490 1471 1625 1515 debeat,
1642 1472 1708 1519 pri-

153 1541 251 1565 mum
267 1530 342 1566 eius
357 1530 497 1566 initium
510 1541 602 1566 anno
618 1530 752 1567 Iuliano
770 1543 865 1567 xnvr.
886 1530 1061 1578 coepisse,
1082 1529 1121 1566 C.
1139 1528 1288 1566 Caesare
1309 1533 1344 1565 et
1357 1529 1465 1565 Paulo
1484 1540 1592 1572 coss.‚
1615 1540 1656 1565 sc
1678 1530 1710 1565 si

153 1587 312 1634 proxime
328 1590 408 1623 snte
423 1588 631 1635 principium
647 1599 746 1624 serae
761 1591 884 1624 natum
899 1598 976 1624 esse
992 1586 1168 1623 Christum
1187 1587 1381 1630 existimet,
1402 1586 1438 1622 id
1459 1597 1553 1623 anno
1575 1587 1710 1623 Iulisno

154 1656 234 1681 xtv.
252 1644 490 1689 tribuendum,
513 1656 604 1681 coss.
620 1645 780 1682 Cornelio
795 1646 943 1682 Lentulo
965 1648 1001 1680 et
1022 1643 1210 1692 Calpurnio
1225 1644 1368 1680 Pisone:
1391 1643 1515 1680 deinde
1535 1643 1711 1681 Christum
1734 1680 1740 1683 ,

153 1713 265 1738 annos
288 1705 411 1738 ustum
432 1713 560 1738 novem
581 1706 617 1738 et
629 1703 756 1750 viginti
777 1703 823 1739 sd
837 1703 1051 1749 baptismum
1066 1702 1274 1745 accessisse,
1294 1713 1387 1738 auno
1403 1702 1532 1738 Tiberii
1546 1714 1617 1739 xvr.
1627 1729 1637 1746 ‚
1652 1702 1711 1738 Vi-

153 1759 244 1795 nicio
261 1758 468 1807 etLougiuo
485 1771 575 1796 coss.
590 1760 732 1796 ineunte
747 1761 932 1796 tricesimo.
962 1760 1036 1796 Hsc
1058 1770 1131 1796 une,
1149 1760 1284 1795 ratione
1300 1759 1433 1795 biennii
1449 1759 1710 1807 μεταχρονισμὸς

153 1817 211 1851 ille
227 1816 374 1890 devigui
388 1820 520 1864 potest,
542 1828 646 1864 quem
662 1817 819 1864 Scaliger
835 1818 979 1865 eiusque
994 1821 1182 1854 sectatores
1198 1817 1386 1860 obiiciunt3
1408 1817 1470 1863 qui
1490 1817 1630 1864 quidem
1651 1829 1710 1853 ne-

153 1874 304 1912 cessario
326 1874 495 1921 sequitur,
515 1875 548 1910 si
567 1875 716 1911 Lentulo
733 1886 774 1910 sc
788 1875 990 1911 Marcellino
1007 1886 1095 1911 coss.
1111 1874 1246 1911 Iulisno
1262 1886 1364 1911 xurr.
1380 1878 1502 1911 natum
1519 1886 1598 1911 esse
1613 1874 1710 1911 Chri-

152 1934 244 1967 stum
261 1941 417 1975 ssseras,
433 1934 468 1967 et
482 1931 613 1968 Tiberii
627 1944 683 1968 xv.
694 1959 702 1975 ‚
718 1932 853 1968 Iuliano
866 1945 984 1970 nxxrv.
994 1959 1004 1976 ,
1020 1932 1142 1968 aetatis
1159 1942 1243 1968 suae
1258 1932 1434 1968 tricesimo
1449 1932 1521 1968 iam
1537 1933 1710 1977 absoluto,

152 1989 293 2025 ineunte
308 2000 390 2025 vero
406 1989 581 2025 tricesimo
595 1990 725 2036 primo,
742 1990 955 2037 baptizatum
969 1990 1090 2027 fuisse.

241 2045 287 2082 Et
299 2045 468 2082 hsctenus
485 2046 626 2094 quidem
640 2050 732 2083 recte
749 2048 945 2083 communis
963 2058 1044 2083 sera
1059 2047 1242 2095 procedere
1257 2047 1381 2095 potuit.
1412 2046 1484 2083 Sed
1498 2058 1589 2083 novs
1604 2059 1710 2095 quse-

151 2103 231 2139 dsm
254 2106 335 2139 ante
355 2102 420 2139 hos
434 2104 561 2151 viginti
583 2114 693 2140 annos
716 2105 830 2140 eidem
851 2105 985 2141 moveri
1005 2105 1243 2141 controversis
1263 2105 1386 2152 coepit.
1414 2104 1505 2141 Nm
1522 2106 1582 2152 qui
1603 2107 1640 2141 in
1656 2106 1709 2141 10-

150 2159 249 2208 sephi
264 2160 462 2207 gravissimi
476 2161 655 2209 scriptoris
674 2161 856 2198 historiam
879 2163 1079 2209 diligentius
1102 2163 1352 2206 incubuerunt,
1375 2173 1523 2210 esmque
1546 2174 1626 2199 cum
1641 2163 1710 2199 Ro-

150 2218 266 2254 manis
281 2217 452 2255 historicis
467 2219 728 2255 accuratissime
743 2221 980 2264 contulerunt,
1003 2220 1129 2256 eruditi
1143 2221 1358 2267 solertesque
1373 2219 1594 2267 chronologi,
1608 2221 1710 2256 facile

152 2275 449 2322 deprehenderunt
462 2287 534 2312 non
550 2277 691 2312 biennio
706 2277 838 2321 solum,
853 2277 916 2313 scd
931 2281 967 2313 et
981 2277 1208 2325 quadriennio
1218 2304 1227 2320 ,
1243 2278 1299 2313 vel
1314 2278 1553 2324 quinquennio
1563 2304 1572 2321 ,
1588 2289 1709 2313 verum

153 2332 280 2368 Christi
301 2333 456 2369 natalem
478 2333 739 2381 anticipandum
761 2346 856 2378 esse,
877 2335 909 2371 si
923 2345 1007 2371 vers
1020 2339 1104 2371 suut
1119 2345 1209 2382 quse
1223 2335 1268 2370 sb
1283 2335 1354 2371 illis
1369 2334 1542 2370 historicis
1558 2335 1709 2381 produn-

151 2394 218 2425 tur.
249 2389 447 2438 Disputsvit
461 2402 504 2426 ee.
518 2391 561 2427 de
575 2402 613 2426 re
628 2391 760 2438 primus
777 2392 934 2428 omnium
948 2392 1119 2428 Dekerius
1134 2396 1272 2435 noster3
1295 2392 1395 2428 cuius
1411 2392 1620 2427 sententiam
1635 2403 1708 2427 am-

151 2447 276 2493 plexus
293 2451 348 2482 est
361 2450 398 2482 et
410 2447 596 2484 illustravit
610 2448 800 2495 plurimum
814 2449 984 2496 Keplerus
998 2450 1148 2496 insignis
1163 2449 1429 2485 mathematicus
1444 2449 1532 2484 libro
1549 2449 1592 2484 de
1606 2450 1708 2485 Anno

151 2503 284 2547 Natali,
305 2509 340 2540 et
360 2504 398 2540 in
418 2504 559 2551 Eelogis
582 2505 823 2552 Ohronologis.
869 2505 982 2548 Quam
1007 2507 1148 2542 illorum
1176 2507 1375 2554 opinionem
1397 2506 1540 2552 dignam
1561 2506 1709 2543 arbitror

151 2571 241 2608 quse
257 2561 363 2597 otiam
377 2564 481 2608 atque
497 2562 604 2597 etism
619 2562 865 2606 consideretur,
885 2563 1069 2610 indignum
1089 2567 1180 2599 certe
1197 2574 1303 2610 quam
1318 2574 1398 2599 cum
1414 2563 1490 2598 eius
1506 2566 1626 2599 sutore
1641 2563 1708 2600 De·

149 2618 246 2654 kerio
258 2618 311 2654 vir
324 2619 405 2666 pius
421 2623 456 2655 et
470 2619 624 2655 eruditus
639 2630 728 2666 pene
743 2618 907 2656 hostilem
920 2621 959 2656 in
973 2621 1119 2656 modum
1132 2620 1380 2667 proscriberet,
1395 2623 1565 2667 tanquam
1579 2632 1708 2657 novam

151 2679 186 2710 et
200 2675 246 2711 ab
259 2686 329 2711 usu
341 2676 448 2712 totius
465 2677 631 2712 ecclesiae
646 2679 827 2712 remotam,
857 2677 933 2723 Ego
949 2688 1031 2713 vero
1047 2688 1176 2713 novam
1197 2688 1275 2713 esse
1297 2677 1438 2724 quidem
1457 2678 1555 2713 illam
1577 2689 1642 2714 nec
1662 2679 1707 2714 sb

150 2732 303 2779 antiquis
318 2737 523 2780 usurpatam
537 2734 654 2777 video,
671 2734 781 2780 quod,
797 2737 838 2769 ut
852 2734 983 2770 dictum
997 2739 1068 2778 est,
1084 2745 1290 2781 persuasum
1304 2734 1473 2770 hactenus
1489 2739 1583 2771 esset
1597 2737 1708 2772 omni-

151 2789 217 2824 bus
233 2788 409 2826 Christum
430 2791 555 2826 aetatis
577 2802 669 2826 anno
690 2791 864 2826 tricesimo
879 2792 1095 2838 baptizatum
1111 2803 1203 2835 esse,
1225 2803 1337 2839 neque
1357 2792 1549 2839 puticulse
1564 2791 1637 2833 ὡςεὶ
1653 2804 1707 2828 ra.-

151 2845 283 2881 tionem
297 2846 484 2884 admodum
498 2848 683 2891 haberent,
707 2849 873 2884 ecclesiae
889 2859 971 2884 vero
993 2848 1130 2884 decreto
1155 2849 1218 2884 ulli
1232 2849 1288 2884 vel
1309 2850 1486 2885 autoritati
1499 2861 1707 2898 repugnare,

151 2903 187 2938 id
203 2906 403 2939 constanter
416 2915 521 2952 nego.
551 2905 631 2941 Non
654 2906 747 2940 enim
771 2909 967 2952 temporum
989 2916 1230 2953 annorumque
1250 2906 1355 2942 tricas
1370 2907 1457 2943 istas
1473 2918 1515 2943 ac
1529 2908 1707 2951 minutias,

151 2963 214 2994 aut
226 2960 487 2997 intervallorum
501 2966 607 3009 atque
623 2962 833 3009 epocharum
848 2960 1009 3010 ἀκρίβειαν
1025 2966 1126 2998 curat
1139 2963 1316 3007 ecclessia,
1339 2964 1401 3000 sed
1424 2969 1561 3011 recepta
1583 2976 1623 3000 ac
1645 2977 1707 3012 po-

150 3017 265 3063 pulari
279 3019 592 3065 computandorum
606 3024 802 3066 temporum
817 3020 951 3055 ratione
967 3023 1131 3055 contente.
1145 3024 1208 3056 est.
1232 3020 1317 3064 Quis
1333 3022 1427 3057 enim
1441 3026 1540 3068 putet
1554 3026 1707 3058 veterem

151 3073 248 3110 inam
262 3085 435 3112 annorum
449 3075 495 3113 ab
511 3077 594 3114 orbe
609 3077 748 3114 condito
765 3087 939 3113 summm
954 3088 975 3114 e
991 3076 1203 3114 Graecorum
1215 3077 1373 3116 sontibus
1394 3078 1558 3115 haustam
1567 3106 1576 3123 ,
1600 3090 1706 3126 quam

1744 1282 1772 1308 p.
1787 1275 1844 1303 119.
