2008 3294
1623 165 1717 201 CXV

169 272 222 308 Ita
238 272 391 318 quinque
405 271 485 319 plus
508 271 623 307 minus
646 271 746 307 annis
763 269 819 316 τὴν
834 268 1010 316 ἐπιτροπὴν
1026 270 1299 314 administravit3
1321 269 1414 316 quod
1434 269 1549 304 innuit
1570 268 1718 315 Epipha-

170 329 260 366 nius.
291 328 362 365 Sed
376 328 469 365 idem
482 327 733 372 hallucinatus,
750 327 882 375 opinor,
897 338 960 374 pro
974 327 1062 363 Iulio
1081 326 1228 363 Caesare
1242 327 1442 374 Augustum
1457 326 1611 373 scripsit,
1628 326 1719 371 quod

169 384 261 421 hunc
275 386 392 433 ipsum
406 385 623 421 meminisset
644 385 750 421 etiam
771 385 810 421 in
822 384 982 432 Aegypto
1005 387 1041 419 et
1054 384 1286 420 Alexandriae
1308 385 1438 420 bellum
1458 383 1623 430 gessisse.
1653 383 1720 418 De-

169 442 249 478 inde
263 452 377 489 neque
391 441 477 479 illud
491 453 612 478 verum
628 446 697 486 est,
716 442 882 479 Iudaeam
894 444 977 488 post
990 440 1167 476 Actiacam
1183 441 1323 477 demum
1338 441 1520 477 victoriam
1535 440 1579 476 ad
1593 440 1721 476 Roma·

170 510 234 534 nos
249 499 448 546 pervenisse
469 501 503 534 et
519 497 688 546 ὑπόφορον
711 499 837 542 fuisse,
860 509 942 535 eum
963 496 1130 534 hactenus
1155 498 1303 534 societas
1326 499 1578 534 intercessisset
1599 508 1642 533 ac
1662 497 1722 532 tri·

169 556 256 591 buta
277 556 350 592 sive
370 556 486 603 potius
505 566 652 592 munera
666 555 904 602 penderentur.
933 554 1072 591 Etenim
1086 555 1192 601 longe
1208 559 1288 590 ante
1303 566 1459 602 pugnam
1474 555 1652 591 Actiacam
1667 554 1722 590 Iu·

170 612 258 648 daea
270 612 507 649 Romanorum
521 613 558 649 in
573 616 782 659 potestatem
796 612 891 650 venit
914 614 950 649 et
972 612 1104 647 tributa
1123 613 1300 658 persolvit.
1344 612 1500 654 Primus,
1520 613 1590 648 nisi
1611 612 1723 655 fallor,

169 669 354 716 Pompeius
378 669 543 707 Cicerone
567 675 602 706 et
615 670 767 707 Antonio
790 680 880 707 coss.
902 667 1006 705 Urbis
1022 668 1100 704 791.
1121 669 1369 716 Hierosolymis
1397 670 1608 716 expugnatis
1623 668 1724 705 thane

169 727 283 774 ipsam
291 726 420 764 urbem
434 727 641 773 vectigalem
655 727 812 763 reddidit.
847 724 1015 773 Iosephus
1030 725 1090 762 lib.
1102 738 1174 763 xxv.
1190 737 1266 773 cap.
1279 739 1353 762 xv.:
1377 726 1431 760 καὶ
1452 726 1493 761 τὰ
1509 726 1566 774 μὲν
1582 725 1724 774 Ἱεροσό-

171 782 262 830 λυμα
277 781 420 828 ὑποτελῆ
437 785 541 830 φόρον
554 783 732 831 Ῥωμαίοις
748 782 906 828 ἐποίησεν.
934 783 1038 819 Mox:
1055 783 1174 817 τούτου
1190 786 1249 818 τοῦ
1266 782 1387 823 πάθους
1403 786 1471 824 τοῖς
1484 783 1724 830 Ἱεροσολύμοις

172 839 269 876 αἴτιοι
285 840 488 884 κατέστησαν
502 840 659 888 Ὑρκανὸς
676 841 730 876 καὶ
741 839 989 887 Ἀριστόβουλος
1002 839 1084 888 πρὸς
1099 839 1265 884 ἀλλήλους
1281 839 1521 881 στασιάσαντες·
1540 842 1596 886 τήν
1614 853 1647 875 τε
1663 841 1725 889 γὰρ

171 895 353 944 ἐλευθερίαν
377 895 585 944 ἀπεβάλομεν
609 898 663 932 καὶ
686 897 824 943 ὑπήκοοι
839 895 1015 944 Ῥωμαίων
1037 896 1248 944 κατέστημεν.
1293 897 1403 944 Igitur
1424 897 1469 932 ab
1490 899 1548 932 illo
1570 902 1724 945 tempore

170 953 338 991 Romanis
359 954 489 991 Iudaea
509 955 625 1002 panxit
645 965 711 991 nec
731 965 815 991 suos
835 964 937 1002 reges
957 953 1097 998 habuit,
1120 954 1186 989 etsi
1206 954 1407 1000 aliquandiu
1428 954 1618 990 conflictati
1634 960 1725 992 sunt.

171 1011 331 1058 Hyrcano
347 1011 487 1058 quidem
502 1011 724 1058 pontificatus
746 1011 886 1048 relictus
908 1014 978 1054 est,
1000 1022 1023 1048 a
1045 1010 1192 1047 Gabinio
1213 1012 1417 1059 praesertim
1441 1012 1517 1058 qui,
1540 1017 1578 1047 ut
1598 1024 1674 1059 cap.
1692 1025 1726 1048 x.

171 1068 231 1104 lib.
247 1079 318 1106 xrv.
341 1069 476 1112 scribit,
500 1069 652 1116 quinque
676 1067 847 1115 synedriis
866 1068 903 1105 in
917 1067 1045 1105 Iudaea
1066 1069 1243 1104 collocatis
1266 1069 1520 1104 aristocratiam
1536 1071 1725 1105 constituit.

171 1125 256 1160 Post
270 1124 355 1161 haec
372 1126 537 1161 adversus
551 1126 750 1173 Hyrcanum
763 1125 959 1163 Alexander
975 1128 1011 1161 et
1021 1126 1219 1172 Antigonus
1234 1125 1426 1161 Aristobuli
1439 1126 1503 1162 filii
1517 1127 1652 1174 aliquot
1666 1139 1726 1162 an·

173 1182 227 1219 nis
244 1186 436 1227 certarunt,
451 1183 644 1230 iisdemque
658 1194 720 1230 pro
735 1183 896 1229 Hyrcano
911 1186 1051 1220 strenue
1065 1182 1247 1230 Antipater
1262 1183 1406 1226 restitit,
1428 1184 1488 1230 qui
1503 1195 1525 1218 a
1538 1184 1626 1219 Iulio
1644 1184 1726 1220 Cae-

173 1249 252 1276 sare
265 1243 389 1286 postea
403 1239 460 1285 τὴν
474 1237 650 1287 δπιτροπὴν
665 1243 788 1277 nactus
805 1243 860 1276 est
879 1250 918 1276 ac
934 1251 996 1287 per
1012 1239 1105 1276 idem
1122 1243 1260 1287 tempus
1278 1240 1399 1287 populi
1410 1240 1511 1277 Rom.
1525 1242 1727 1277 societatem

175 1300 211 1332 et
224 1296 414 1333 amicitiam
427 1297 636 1344 impetravit.
666 1296 718 1333 De
741 1307 810 1344 quo
833 1297 1013 1344 complura
1028 1296 1187 1333 Caesaris
1203 1297 1340 1334 decreta
1356 1298 1450 1345 apud
1465 1298 1651 1345 Iosephum
1667 1310 1726 1334 ex-

175 1357 252 1392 tant
265 1354 326 1391 lib.
338 1366 412 1391 nv.
429 1364 504 1402 cap.
515 1365 602 1391 xvn.
631 1353 702 1390 Sed
717 1353 933 1390 antecedenti
954 1354 1069 1403 capite
1086 1353 1227 1400 Iosephi
1248 1365 1295 1391 an
1310 1355 1440 1391 librarii
1457 1354 1728 1391 hallucinatione

177 1410 318 1455 accidit,
339 1414 378 1447 ut
398 1422 478 1447 cum
499 1414 640 1447 senatus
655 1411 830 1448 decretum
853 1411 894 1447 de
909 1411 1018 1449 muris
1030 1411 1357 1458 Hierosolymorum
1370 1411 1564 1448 reficiendis
1580 1414 1624 1449 ab
1642 1414 1727 1459 Hyr-

177 1478 265 1504 cano
281 1468 416 1505 iuniore
435 1468 660 1516 impetratum
674 1469 778 1505 vellet
792 1468 1003 1511 adscribere,
1026 1468 1121 1504 aliud
1144 1469 1379 1512 subiunxerit,
1402 1469 1495 1516 quod
1518 1470 1555 1505 in
1579 1471 1729 1516 gratiam

175 1525 329 1572 Hyrcani
350 1525 491 1563 maioris
505 1525 637 1563 factum
650 1525 782 1568 fuerat,
804 1525 862 1561 cui
876 1526 1023 1563 alterum
1038 1525 1302 1562 Atheniensium
1317 1525 1516 1573 psephisma
1525 1553 1534 1569 ,
1557 1527 1650 1574 quod
1672 1539 1728 1563 eo-

177 1582 256 1619 dem
270 1582 482 1630 pertinebat,
497 1582 691 1630 adscripsit.
715 1582 815 1626 Quod
830 1582 970 1629 quidem
984 1582 1135 1619 Eusebio
1150 1582 1264 1619 fraudi
1284 1583 1353 1619 fuit
1375 1584 1435 1630 qui
1455 1584 1501 1619 ad
1515 1595 1647 1619 annum
1662 1589 1729 1620 ter·

176 1639 264 1677 tium
285 1639 366 1676 Iulii
388 1639 563 1684 Caesaris,
586 1639 723 1687 olymp.
743 1650 939 1677 cuxxvm.
961 1640 1118 1683 tertium,
1146 1640 1304 1683 adnotat,
1331 1640 1510 1676 decretum
1531 1646 1672 1678 senatus
1696 1646 1731 1677 et

176 1695 441 1734 Atheniensium
462 1697 507 1733 ad
521 1697 667 1733 Iudaeos
689 1708 766 1733 esse
786 1697 949 1740 missum,
970 1697 1031 1743 qui
1051 1707 1113 1744 per
1132 1697 1268 1743 legatos
1290 1698 1480 1734 amicitiam
1501 1700 1729 1745 postularant.

177 1753 250 1790 1100
265 1764 346 1791 vero
361 1753 422 1791 diu
436 1757 517 1791 ante
532 1757 671 1800 gestum
687 1758 762 1790 erat
776 1754 842 1790 sub
856 1754 1018 1800 Hyrcano
1035 1754 1187 1797 seniore,
1202 1757 1242 1789 ut
1256 1755 1366 1791 cuivis
1381 1759 1536 1802 apparet.

265 1810 359 1850 Haec
372 1811 492 1858 itaque
507 1811 655 1847 societas
676 1814 731 1847 est
751 1812 813 1847 illa
833 1814 868 1846 et
883 1811 1037 1847 amicitia
1051 1821 1157 1857 quam
1173 1811 1239 1847 sub
1254 1811 1407 1858 Augusti
1420 1812 1558 1848 initium
1574 1814 1662 1849 inter
1677 1814 1731 1849 Iu·

178 1867 284 1905 daeos
299 1871 335 1904 et
348 1867 526 1904 Romanos
541 1868 772 1904 instauratam
788 1867 890 1903 docet
902 1867 1134 1915 Epiphanius,
1150 1879 1240 1914 quae
1256 1868 1300 1903 ad
1312 1868 1392 1904 Iulii
1403 1867 1563 1905 Caesaris
1574 1875 1731 1918 tempora

179 1924 282 1960 debet
295 1924 432 1968 referri,
449 1935 528 1962 cum
539 1925 722 1972 Hyr-canus
737 1924 944 1961 Iudaeorum
958 1925 1119 1972 pontifex
1134 1929 1168 1961 et
1184 1924 1372 1966 ethnarcha
1387 1926 1432 1961 ab
1445 1927 1506 1962 illo
1521 1929 1729 1964 constitutus

178 1985 242 2019 est.
274 1982 324 2018 Ac
345 1985 422 2017 tum
444 1981 584 2028 quidem
607 1981 764 2018 nonnihil
785 1982 906 2017 tributi
920 1982 1062 2018 nomine
1076 1983 1410 2028 Hierosolymitanos
1426 1983 1639 2031 Iudaeosque
1656 1997 1732 2021 cae·

177 2042 269 2075 teres
290 2039 486 2086 pensitasse
505 2037 672 2086 Iosephus
693 2038 826 2074 indicat
846 2039 960 2086 capite
980 2039 1040 2074 illo
1056 2052 1158 2082 xv11.,
1181 2040 1249 2075 etsi
1270 2040 1481 2086 perobscura
1501 2047 1582 2077 sunt
1596 2043 1731 2078 Iuliana

176 2096 238 2133 illa
252 2096 391 2133 decreta
405 2106 493 2143 quae
509 2107 550 2131 eo
565 2096 643 2133 loco
658 2100 986 2133 commemorantur.
1016 2096 1250 2143 Posteaquam
1265 2108 1346 2132 vero
1361 2097 1567 2134 Iudaeorum
1583 2111 1731 2146 regnum

177 2153 407 2190 adHerodem
421 2154 628 2189 translatum
643 2157 714 2197 est,
728 2164 800 2190 non
814 2157 899 2200 puto
915 2153 1092 2190 Romanos
1107 2154 1275 2190 tributum
1292 2155 1336 2191 ab
1350 2155 1419 2190 illis
1435 2157 1614 2202 exegisse,
1639 2157 1731 2202 quod

178 2210 270 2248 idem
286 2215 321 2246 et
329 2209 477 2258 Keplero
489 2210 635 2253 videtur,
651 2221 732 2246 cum
742 2210 870 2246 Iudaea
883 2211 1039 2248 nondum
1055 2214 1148 2246 esset
1162 2211 1198 2247 in
1210 2211 1360 2247 formam
1371 2213 1569 2258 provinciae
1582 2213 1730 2248 redacta.

179 2266 292 2311 Quare
306 2277 372 2304 uec
386 2267 424 2304 in
437 2267 500 2304 illa
512 2268 626 2315 priore
642 2266 777 2310 Quirini
791 2267 1020 2314 descriptione
1035 2268 1205 2304 tributum
1220 2269 1331 2304 ullum
1346 2280 1488 2305 necesse
1509 2274 1562 2304 est
1576 2271 1732 2316 persolu-

179 2329 255 2360 tum
270 2324 418 2360 credere.
453 2324 529 2368 Quo
545 2325 662 2361 minus
677 2325 848 2360 assentior
864 2324 1058 2373 Epiphanio
1075 2326 1136 2372 qui
1150 2330 1226 2360 tum
1242 2326 1296 2360 vel
1312 2326 1467 2361 maxime
1483 2327 1611 2362 tributa
1627 2338 1649 2361 a
1664 2327 1732 2362 Ro·

178 2381 292 2418 manis
314 2381 484 2428 imperata
505 2382 626 2418 scribit
653 2385 688 2417 et
710 2393 796 2418 xxxx
809 2382 928 2425 annis,
952 2383 1011 2429 qui
1032 2382 1076 2418 ab
1091 2382 1234 2418 Actiaca
1256 2382 1352 2417 clade
1373 2382 1417 2417 ad
1432 2384 1585 2418 natalem
1601 2384 1733 2420 domini

178 2437 374 2482 fluxerunt,
396 2437 563 2486 ὓπόφορον
585 2437 715 2478 τελείως
737 2438 976 2484 παραδοθέῖσαν
998 2438 1173 2486 Ῥωμαίοις
1194 2439 1359 2474 Iudaeam
1379 2440 1500 2476 fuisse.
1531 2441 1638 2487 Atqui
1653 2446 1733 2488 post

178 2495 426 2543 Pompeianam
445 2495 627 2532 victoriam
647 2505 687 2530 ac
710 2495 862 2541 priorem
885 2494 1006 2531 ἅλωσιν
1027 2506 1208 2542 nunquam
1229 2495 1358 2531 Iudaea
1380 2497 1496 2531 minus
1519 2499 1584 2533 sub
1604 2498 1732 2534 Roma-

179 2563 305 2589 norum
324 2553 521 2600 principum
541 2555 712 2599 potestate
727 2553 783 2587 vel
803 2552 1100 2589 administratione
1121 2553 1188 2588 fuit
1210 2563 1315 2598 quam
1331 2553 1475 2588 Herodis
1491 2554 1551 2590 illo
1565 2559 1731 2601 tempore,

180 2610 382 2656 praesertim
397 2613 477 2657 post
490 2610 668 2647 Actiacam
683 2619 855 2655 pugnam,
877 2620 957 2644 cum
980 2609 1072 2655 apud
1087 2610 1284 2656 Augustum
1304 2610 1474 2655 imprimis
1498 2611 1556 2646 ille
1571 2613 1684 2658 gratia
1699 2617 1733 2648 et

181 2667 365 2705 autoritate
379 2665 527 2703 floreret.
572 2665 667 2701 Nulli
682 2666 799 2711 itaque
813 2665 964 2700 Romani
980 2666 1221 2711 magistratus,
1243 2666 1419 2712 praesides
1442 2668 1547 2710 nulli,
1568 2669 1731 2704 Iudaeam

183 2723 421 2768 obtinuerunt,
443 2734 507 2761 nec
530 2723 605 2769 alii,
630 2733 735 2769 quam
758 2721 1026 2757 extraordinarii
1044 2721 1215 2768 ἡγεμόνες,
1238 2721 1304 2758 hoc
1324 2726 1377 2759 est
1390 2725 1567 2770 praesides
1582 2727 1638 2761 vel
1653 2738 1732 2773 pro-

183 2782 376 2823 curatores,
395 2780 452 2816 vel
466 2780 625 2816 universe
641 2790 719 2814 cum
735 2781 907 2825 potestate
923 2779 1040 2824 aliqua
1055 2779 1171 2822 missi,
1193 2779 1299 2815 ullam
1317 2779 1462 2816 Herodis
1478 2781 1515 2817 in
1530 2793 1638 2829 regno
1654 2784 1731 2820 fun-

183 2837 334 2872 ctionem
349 2836 410 2872 aut
421 2837 694 2875 iurisdictionem
710 2838 949 2871 exercuerunt.

272 2893 319 2928 At
330 2893 369 2928 in
383 2893 575 2933 Annalibus
590 2903 772 2941 perperam
786 2891 971 2939 Epiphanii
984 2903 1084 2928 mens
1100 2893 1274 2939 accipitur,
1295 2905 1374 2930 cum
1396 2895 1431 2930 id
1454 2907 1534 2932 eum
1548 2898 1732 2944 scripsisse

184 2953 342 2986 narrant:
386 2950 517 2996 chinti
538 2963 650 2986 novem
675 2952 775 2985 annis
797 2950 946 2985 Iudaeos
967 2950 1130 2986 Romanis
1156 2951 1282 2986 tributa
1310 2953 1523 2998 dependis-se,
1553 2962 1731 3002 antequam

186 3008 370 3053 Antipater
385 3006 531 3043 Herodis
539 3020 672 3054 parens
684 3007 838 3043 Iudaeae
847 3013 1056 3053 procurator
1069 3021 1091 3042 α
1107 3007 1269 3044 Romanis
1282 3011 1522 3052 institueretur,
1539 3025 1599 3047 nec
1610 3019 1730 3058 postea

1409 3078 1463 3113 Η.

1767 1891 1793 1917 p.
1808 1882 1865 1909 129.
