2008 3294
315 207 453 244 CXXX

313 325 370 347 xv.
403 311 572 354 Quocirca
586 310 642 345 vel
656 308 863 344 indictiones
878 308 1059 344 Romanae
1074 309 1146 344 iam
1161 311 1237 343 tum
1259 318 1282 342 a
1296 307 1456 343 Ianuario
1478 307 1661 343 inchoatae
1677 311 1760 343 sunt
1787 310 1823 343 et
1836 308 1874 343 in

313 369 479 404 ultimum
501 367 704 403 Decembris
729 366 822 402 diem
844 365 994 410 desitas,
1017 366 1074 401 vel
1097 377 1158 412 pro
1183 375 1281 401 nccx.
1305 364 1398 412 apud
1418 364 1554 400 Bedam
1567 374 1653 402 noc.
1676 365 1875 411 legendum,

315 425 609 472 quemadmodum
622 425 753 471 legisse
769 422 975 459 scholiastes
990 423 1136 466 videtur,
1159 422 1216 457 vel
1230 421 1380 468 denique
1394 422 1536 458 indictio
1552 434 1609 458 xv.
1625 433 1689 469 pro
1705 434 1777 459 xxv.
1792 423 1875 458 sub-

314 483 499 519 stituenda.
546 481 645 524 Quod
661 482 692 516 si
707 491 792 518 nco.
811 491 943 516 annum
957 480 1054 516 Beda
1076 480 1232 526 scripsit,
1256 483 1333 514 tum
1353 479 1473 526 utique
1489 491 1616 515 χχχιιι.
1639 490 1731 514 anno
1757 479 1801 515 ab
1821 479 1874 514 in—

314 540 516 575 carnatione
539 550 665 586 passus
689 539 755 574 erit
777 538 957 582 dominus,
980 538 1105 574 aetatis
1122 549 1234 572 χχχιι.
1257 537 1410 572 ineunte.
1455 536 1584 572 Paulus
1606 536 1873 583 Forosempron.

312 598 373 632 lib.
390 610 436 633 ιν.
453 597 620 632 Paulinae
637 606 735 632 nccr.
752 596 892 642 quidem
914 606 1046 631 annum
1067 595 1132 630 hoc
1154 595 1190 629 in
1206 593 1323 629 Bedae
1337 594 1416 629 loco
1431 595 1565 641 posuit,
1587 594 1649 630 sed
1671 605 1693 629 a
1713 593 1876 641 passione

313 665 458 690 Dcmux.
469 681 478 698 ,
494 665 567 689 non
579 665 751 690 ncnxvm.
773 653 830 694 Ex
844 664 915 700 quo
930 653 1084 700 idipsum
1097 651 1190 698 quod
1201 651 1306 686 modo
1322 651 1596 698 significavimus
1612 651 1763 698 colligit,
1779 650 1876 687 Chri-

313 716 407 747 stum
430 723 476 747 ex
498 712 638 747 illorum
661 711 834 747 sententia
847 722 993 758 passum
1010 721 1086 745 esse
1103 709 1227 745 aetatis
1244 719 1336 744 anno
1349 721 1446 744 χχχι.
1463 719 1543 744 cum
1557 709 1669 744 tribus
1684 708 1876 744 mensibus.

314 769 450 803 Etenim
468 772 566 812 anni,
583 769 714 815 inquit,
738 782 761 804 a
771 771 935 815 passione
952 775 984 803 et
998 769 1237 802 incarnatione
1253 767 1366 801 eodem
1383 767 1438 801 die
1452 766 1671 809 inchoantur,
1689 766 1751 802 hoc
1768 773 1818 802 est
1831 766 1875 800 ab

313 839 389 863 vm.
406 826 490 861 Kal.
508 827 597 872 Apr.
628 826 725 872 Erqo
746 837 880 861 necesse
903 833 951 860 est
971 826 1151 860 secundum
1169 824 1302 859 Bedam
1324 829 1425 859 totum
1440 824 1534 858 illum
1557 836 1698 867 annum,
1721 826 1780 870 qai
1800 830 1878 858 erat

178 903 204 928 p.
219 896 279 923 145,
311 894 410 921 nccr.
428 885 472 919 ab
488 886 744 926 incarnatione,
761 895 831 918 esse
847 897 870 918 a
878 885 1042 929 passione
1054 892 1199 919 ncnxrx.
1224 881 1382 916 Detrahe
1393 883 1463 916 iam
1477 893 1584 916 annos
1594 891 1730 916 nonxix
1743 894 1766 916 α
1777 890 1875 923 noct,

313 943 490 977 restabunt
500 944 586 976 anni
595 953 697 978 χχχιι
710 941 754 976 ab
766 943 1006 976 incarnatione
1019 941 1068 975 ad
1072 942 1279 986 passionem.
1304 939 1473 974 Deductis
1488 931 1653 977 mensibus
1667 950 1782 973 novem
1790 950 1877 984 paa-

314 1012 371 1034 sns
387 1005 438 1035 est
453 999 608 1034 Christus
624 1011 713 1033 anno
729 1010 826 1035 χχχι.
843 1010 919 1033 cum
935 998 1041 1033 tribue
1056 998 1232 1032 mensibus.
1262 996 1358 1032 Haec
1375 996 1446 1031 ille.
1477 995 1609 1031 Verum
1630 998 1804 1042 repugnat
1824 995 1877 1030 in-

314 1057 418 1092 dictio
427 1083 437 1100 ,
453 1056 522 1092 nisi
537 1057 637 1091 aliter
651 1056 750 1091 locus
766 1055 978 1091 emendetur.
1002 1055 1057 1090 Ex
1072 1055 1115 1090 iis
1133 1054 1296 1090 omnibus
1308 1053 1522 1089 validissime
1533 1052 1651 1088 Bedae
1665 1053 1728 1088 illa
1739 1051 1876 1088 sanctio

313 1115 492 1160 refellitur,
509 1125 579 1160 qua
594 1125 640 1149 ex
656 1113 822 1149 ecclesiae
837 1112 907 1148 fide
919 1111 1095 1148 Christum
1106 1115 1209 1159 putat
1222 1114 1399 1147 mortuum
1416 1122 1508 1147 anno
1520 1123 1660 1154 xxxxv„
1675 1109 1877 1156 vixisseque

314 1183 426 1207 annos
443 1184 574 1214 χχχιιι,
597 1182 736 1206 menses
753 1183 805 1206 111.
852 1169 965 1212 Quam
980 1169 1121 1216 quidem
1138 1169 1338 1216 opinionem
1354 1171 1515 1203 neminem
1530 1180 1584 1211 ae,
1606 1170 1664 1214 qai
1677 1168 1877 1214 quadraret,

313 1232 481 1276 reperisse
495 1229 624 1264 Paulus
641 1228 873 1274 Middeiburg.
890 1222 1053 1270 affirmat,
1071 1227 1156 1274 quin
1172 1230 1208 1262 et
1221 1225 1356 1262 Bedam
1371 1236 1394 1261 a
1409 1237 1447 1261 se
1461 1226 1538 1272 ipso
1555 1225 1748 1268 dissentire,
1765 1224 1878 1272 qui-in

314 1286 503 1330 Chronico,
520 1287 593 1321 sive
608 1286 669 1322 lib.
688 1285 730 1320 de
746 1285 820 1320 Sex
831 1284 1029 1328 Aeta-tibus,
1044 1284 1204 1331 Augusto
1221 1294 1332 1319 annos
1348 1295 1408 1321 rvr
1423 1286 1459 1318 et
1473 1294 1536 1319 sex
1551 1293 1691 1319 menses
1707 1282 1877 1328 assignat,

313 1349 390 1379 tum
406 1343 581 1380 Christum
598 1354 691 1378 anno
714 1343 809 1378 illius
825 1354 911 1378 χιιι.
933 1342 970 1377 in
992 1340 1086 1377 hunc
1108 1341 1279 1377 mundum
1301 1341 1482 1378 advenisse
1505 1341 1641 1384 scribit,
1665 1350 1757 1376 anno
1773 1338 1877 1374 Urbis

314 1412 466 1444 noctu„
484 1401 622 1447 Olymp.
636 1410 755 1436 cxcrv.
772 1410 864 1434 anno
881 1399 999 1441 tertio,
1015 1409 1162 1446 passum
1177 1409 1258 1434 vero
1274 1398 1404 1435 Tiberii
1414 1410 1515 1436 xvrn.
1545 1397 1645 1434 Unde
1660 1407 1876 1444 consequens

313 1464 367 1494 est
378 1459 510 1494 vixisse
526 1458 592 1493 sub
604 1458 764 1504 Augusto
778 1457 889 1492 annos
901 1468 973 1499 xrv,
988 1467 1128 1492 menses
1140 1467 1196 1500 1¹3
1213 1456 1279 1492 sub
1291 1455 1430 1492 Tiberio
1446 1467 1558 1492 annos
1570 1467 1662 1500 xvrr,
1676 1466 1816 1491 menses
1828 1466 1876 1492 vx.

314 1517 535 1563 Colliguntur
552 1515 635 1550 anni
650 1527 769 1558 χχχιι,
785 1525 924 1550 menses
939 1526 983 1550 111
998 1513 1042 1549 ab
1057 1514 1316 1557 incarnatione;
1332 1523 1354 1548 a
1367 1513 1548 1550 nativitate
1563 1513 1649 1549 anni
1658 1525 1762 1556 χχχι,
1778 1523 1875 1548 men-

313 1585 368 1609 ses
384 1587 438 1611 ιιι.
487 1573 657 1616 Quocirca
678 1576 814 1607 veteres
828 1571 1144 1618 Middelburgensis
1165 1571 1346 1607 existimat
1367 1569 1504 1607 Christo
1527 1571 1566 1607 in
1586 1581 1688 1607 carne
1710 1570 1876 1606 tribuisse

313 1642 424 1666 annos
441 1643 556 1667 χχχιιι
579 1629 735 1665 nondum
758 1629 954 1672 absolutos,
976 1630 1038 1664 aed
1058 1641 1124 1663 non
1147 1630 1197 1664 ad
1212 1628 1332 1664 Bedae
1353 1640 1486 1664 sensum
1507 1630 1565 1675 qui
1579 1628 1640 1664 Ιιοε
1655 1639 1762 1664 annos
1777 1633 1875 1664 extra

312 1696 440 1724 uterum
458 1702 481 1723 a
498 1689 611 1723 natali
627 1693 812 1734 computat,
829 1686 890 1722 sed
904 1686 970 1730 ita,
986 1689 1026 1721 ut
1041 1686 1085 1722 ab
1100 1686 1340 1722 incarnatione
1354 1685 1433 1733 ipsa
1447 1688 1684 1722 numerentur.

404 1746 495 1781 Nam
511 1745 604 1792 quod
620 1745 789 1780 ecclesiae
812 1744 998 1780 autoritate
1022 1744 1083 1791 qui
1106 1754 1187 1779 cum
1201 1743 1318 1779 Bedae
1341 1743 1552 1780 sententiam
1573 1743 1672 1779 illam
1693 1742 1878 1778 adstruunt

313 1805 377 1839 niti
393 1815 431 1839 se
447 1803 664 1851 profitentur,
680 1802 787 1838 velim
803 1802 940 1838 concilii
956 1802 1103 1837 alicuius
1116 1801 1308 1845 decretum,
1325 1800 1392 1836 hoc
1406 1804 1461 1837 est
1476 1811 1697 1837 communem
1712 1800 1877 1836 ecclesiae

314 1873 451 1904 vocem,
475 1865 537 1896 aut
559 1861 782 1907 antiquorum
806 1862 898 1895 certe
913 1859 1057 1896 Patrum
1080 1862 1299 1895 constantem
1321 1859 1358 1894 in
1378 1859 1440 1894 illa
1460 1859 1589 1894 tuenda
1611 1858 1877 1894 consensionem

312 1919 505 1965 proferant,
538 1918 630 1965 quod
653 1927 835 1963 nunquam
859 1916 1001 1952 omnino
1025 1915 1213 1963 perficient.
1271 1915 1344 1952 Nec
1370 1916 1464 1952 enim
1490 1916 1653 1963 ignorare
1678 1918 1877 1963 possumus,

312 1979 525 2022 quantopere
542 1986 563 2010 a
578 1986 616 2010 se
632 1975 782 2010 invicem
796 1973 862 2010 PP.
880 1985 1003 2009 omnes
1020 1984 1101 2009 cum
1116 1974 1153 2009 in
1169 1984 1260 2010 anno
1277 1974 1450 2021 passionis
1460 2000 1469 2018 ,
1493 1977 1570 2010 tum
1590 1973 1628 2009 in
1643 1972 1698 2008 die
1713 1973 1791 2020 ipso
1807 1972 1876 2008 dis-

313 2033 458 2068 sideant.
501 2033 665 2067 Irenaeus
688 2031 928 2078 apostolorum
948 2030 1202 2078 propemodum
1223 2031 1379 2078 aequalis
1399 2030 1491 2066 inter
1511 2030 1820 2077 quadragesimum
1841 2032 1878 2064 et

314 2089 646 2137 quinquagesimum
669 2099 801 2124 annum
825 2089 949 2124 aetatis
973 2098 1058 2123 suae
1083 2098 1230 2136 passum
1256 2099 1334 2124 esse
1361 2088 1571 2124 salvatorem
1595 2087 1734 2131 asserit,
1757 2087 1817 2125 lib.
1838 2099 1875 2122 ιι.

313 2159 389 2194 cap.
401 2148 474 2191 39„
491 2147 595 2194 idque
611 2157 650 2182 se
666 2150 702 2182 et
717 2157 762 2181 ex
779 2146 963 2193 evangelio
980 2148 1015 2180 et
1028 2144 1170 2181 Ioannis
1187 2145 1424 2191 evangelistae
1443 2144 1638 2192 discipulis,
1655 2143 1748 2191 quod
1763 2154 1786 2179 a
1802 2154 1875 2179 ma-

313 2206 424 2251 gistro
441 2208 662 2251 acceperant,
678 2202 839 2239 didicisse
855 2202 1050 2239 confimat.
1075 2202 1186 2245 Quem
1202 2202 1335 2238 Irenaei
1349 2202 1466 2238 locum
1484 2213 1556 2238 non
1570 2205 1664 2237 recte
1679 2201 1716 2237 in
1731 2201 1876 2237 Annali-

314 2264 379 2298 bus
395 2262 610 2297 intellectum
626 2260 738 2297 video.
769 2259 908 2307 Negant
928 2260 1022 2296 enim
1037 2260 1176 2307 penitus
1199 2258 1265 2295 hoc
1286 2259 1330 2295 ab
1346 2258 1489 2295 Irenaeo
1513 2270 1590 2295 esse
1606 2259 1784 2306 scriptum.
1816 2257 1875 2294 Ni-

314 2321 440 2355 mirum
456 2320 572 2355 aliena
585 2329 693 2355 manu
705 2318 875 2354 insertum
886 2317 1005 2354 videri.
1029 2316 1136 2353 Cuius
1149 2317 1368 2353 coniecturae
1380 2326 1539 2353 caussam
1551 2315 1641 2351 hanc
1653 2316 1875 2364 potissimum

313 2377 479 2420 afferunt,
503 2376 596 2423 quod
619 2375 742 2412 eodem
765 2375 878 2423 capite
900 2374 1005 2423 paulo
1029 2377 1110 2411 ante
1133 2374 1344 2411 contrarium
1364 2373 1547 2421 profitetur
1562 2374 1776 2421 baptizatum
1797 2383 1874 2409 esse

313 2435 504 2478 Christum,
529 2445 608 2469 cum
623 2433 873 2481 propemodum
890 2444 964 2469 χχχ
980 2435 1074 2468 esset
1088 2442 1276 2476 annorum,
1299 2442 1340 2467 ac
1354 2430 1499 2468 subinde
1514 2431 1582 2467 tria
1595 2430 1762 2479 paschata
1776 2442 1874 2478 pere-

313 2493 425 2537 gines,
447 2502 595 2538 quorum
616 2491 653 2527 in
675 2490 777 2527 tertio
799 2490 846 2526 sit
867 2500 1003 2538 passus.
1035 2489 1117 2526 ideo
1142 2489 1234 2536 quod
1256 2488 1478 2536 subiungitur
1493 2499 1627 2525 meram
1642 2489 1872 2537 imposturam

313 2562 389 2585 esse
406 2552 515 2596 putat.

404 2606 472 2642 Sed
490 2605 553 2641 hac
570 2606 772 2642 coniectura
793 2604 879 2642 nihil
902 2605 947 2641 ab
963 2605 1095 2641 Irenaei
1111 2608 1227 2641 mente
1243 2607 1279 2640 et
1293 2603 1468 2640 sententis
1481 2602 1568 2650 fingi
1585 2607 1700 2651 potest
1713 2603 1871 2640 alienius.

313 2665 464 2699 'rantum
480 2664 572 2699 enim
590 2664 690 2699 abest
704 2667 744 2699 ut
758 2662 845 2699 haec
860 2662 991 2699 irenaei
1007 2662 1148 2710 propria
1162 2673 1232 2698 non
1252 2661 1340 2706 sint,
1362 2664 1400 2697 ut
1422 2661 1522 2697 aliter
1545 2671 1649 2707 quam
1672 2661 1703 2697 si
1723 2662 1773 2697 ita
1793 2672 1871 2697 sen-

313 2722 393 2756 tiret
408 2733 449 2756 ac
468 2721 634 2756 scriberet
655 2721 747 2756 illius
769 2719 955 2768 procedere
978 2719 1166 2768 disputatio
1190 2718 1287 2755 nullo
1310 2717 1414 2755 modo
1436 2718 1598 2766 potuerit.
1646 2718 1730 2766 Agit
1751 2718 1789 2755 in
1810 2719 1871 2755 iiio

314 2779 389 2813 ioco
414 2783 533 2813 contra
555 2778 742 2814 Gnosticos
764 2777 938 2813 tricenarii
959 2777 1095 2813 numeri
1109 2787 1150 2813 sc
1163 2775 1366 2824 pleromatis
1381 2778 1564 2823 patronos,
1589 2776 1647 2823 qui
1671 2788 1754 2814 xxx.
1778 2786 1871 2812 anno

314 2837 455 2872 ineunte
476 2836 688 2882 baptizatum
712 2834 905 2878 Christum,
929 2834 1050 2870 eodem
1067 2845 1148 2871 vero
1169 2844 1277 2878 anno,
1298 2843 1418 2870 mense
1435 2843 1496 2869 χιι.
1517 2843 1660 2879 passum
1682 2843 1760 2869 esse
1781 2832 1871 2869 dice-

315 2893 407 2928 bant.
432 2894 527 2934 Quos
543 2904 586 2927 ex
606 2892 744 2928 ioannis
760 2892 941 2939 evangelio
957 2891 1100 2935 refellit,
1118 2892 1153 2927 in
1169 2902 1239 2939 quo
1254 2890 1321 2927 tria
1331 2889 1490 2926 distincte
1505 2890 1673 2937 paschata
1686 2900 1870 2927 numeran-

313 2955 381 2987 tur.
407 2949 483 2985 Non
498 2950 605 2994 igitur
618 2961 687 2985 uuo
704 2960 796 2985 anno
813 2949 1066 2997 praedicatione
1082 2949 1222 2985 functus
1236 2950 1300 2984 est.
1322 2945 1442 2994 Neque
1454 2957 1535 2983 vero
1547 2948 1614 2983 tria
1625 2948 1694 2983 ista
1704 2946 1872 2995 paschata

314 3008 363 3043 sic
381 3006 498 3042 attulit
514 3007 691 3048 irenaeus.
716 3011 838 3043 utnon
856 3007 956 3054 plura
971 3005 1147 3043 Christum
1164 3005 1314 3042 obivisse
1330 3003 1497 3047 crederet,
1521 3005 1583 3040 sed
1601 3004 1693 3053 quod
1709 3004 1799 3053 apud
1816 3005 1869 3041 lo-

314 3075 439 3100 annem
457 3063 587 3110 liquida
604 3064 663 3100 iiis
679 3069 714 3099 et
730 3075 896 3111 expressa
911 3065 1085 3111 leguntur,
1101 3074 1145 3100 ex
1169 3063 1212 3099 iis
1234 3062 1356 3099 saitem
1380 3062 1421 3097 ad
1445 3062 1582 3098 tortium
1606 3074 1716 3109 usque
1738 3073 1868 3099 annum
