2008 3294
175 846 203 871 1).
215 838 274 865 319.

312 216 538 253 CCLXXXII

311 320 498 356 secundam
514 320 609 354 illam
625 318 791 365 perfidiae
806 319 945 365 plenam
956 318 1037 354 fidei
1052 319 1314 366 professionem,
1330 322 1497 365 tanquam
1509 330 1531 354 a
1541 319 1688 356 Roman.
1701 319 1864 366 pontifice

311 378 588 424 comprobatam,
611 377 740 423 ubique
762 376 1032 417 disseminarunt
1053 380 1088 411 et
1107 376 1278 422 imprimis
1293 375 1339 411 ad
1353 376 1552 412 Eudoxium
1567 377 1712 423 eiusque
1728 377 1864 413 sodales

310 435 507 469 Anomoeos
524 432 745 468 Antiochiam
758 433 941 476 miseruut.
986 432 1063 476 Qua
1083 445 1120 468 re
1142 433 1343 468 audaciores
1358 433 1410 468 illi
1423 433 1507 468 facti
1522 434 1707 469 Aeuanum
1724 433 1864 480 dogma,

311 491 404 537 quod
419 491 539 526 timide
561 490 728 526 hactenus
751 489 1015 537 diffidenter-que
1036 490 1300 537 praedicabant,
1323 490 1440 536 palam
1463 490 1641 537 divulgare
1665 494 1864 538 coeperunt.

309 549 364 584 Ex
387 560 457 595 quo
480 558 613 594 magna
633 559 695 594 per
718 547 959 584 Orientemac
982 547 1120 594 Syriam
1142 547 1356 594 perturbatio
1379 551 1575 585 consecuta.
1622 548 1728 584 Cuius
1752 549 1865 595 gratia

313 606 484 652 Georgius
498 605 716 641 Laodicenus
735 604 920 652 epistolam
941 605 1080 652 scripsit
1100 605 1145 640 ad
1160 604 1331 640 Basilium
1346 605 1585 651 Anoyranum,
1609 605 1670 652 qui
1691 605 1735 640 ad
1759 606 1865 641 ecele-

310 664 399 706 siae,
416 674 522 710 quam
538 674 648 709 nuper
664 673 686 698 a
699 662 934 699 fundamentis
949 663 1128 705 excitarat,
1145 662 1312 697 encaenia
1325 662 1492 698 finitimos
1509 663 1691 709 episcopos
1707 663 1865 698 concive-

310 724 366 756 rat
380 721 588 763 admonens,
609 723 649 755 ut
669 731 752 756 cum
773 720 918 766 collegis
937 722 1010 756 suis
1025 722 1246 766 grassantem
1259 719 1519 756 Anomoeorum
1532 720 1866 767 impietatemsyno-

310 778 386 814 dico
402 778 540 813 decreto
555 778 739 823 iugularat.
769 777 825 812 Ex
839 777 883 813 iis
898 777 970 813 labi
983 777 1063 812 illos
1079 777 1242 823 opinione
1258 780 1410 820 constat,
1429 777 1549 824 quiex
1565 776 1780 814 Theodoreto
1797 778 1866 813 col·

308 837 439 882 ligunt,
460 835 639 871 Liberium
660 835 706 870 ab
729 834 835 871 exilio
854 838 1055 870 revocatum
1074 845 1150 869 esse
1180 834 1303 869 eodem
1325 834 1384 869 illo
1410 845 1519 885 anno,
1542 844 1612 882 quo
1641 834 1864 873 Constantius

309 893 442 928 Romae
463 892 595 938 degens
617 902 638 926 a
657 891 825 927 matronis
845 891 1084 938 interpellatus
1106 897 1170 927 est.
1205 891 1387 938 Siquidem
1409 891 1550 927 nonni‘si
1571 895 1652 938 post
1674 892 1865 935 biennium,

311 961 417 997 quam
438 950 570 985 eiectus
589 949 719 993 fuerat,
738 949 919 984 restitutus
943 953 996 984 est
1009 948 1178 985 Liberius.
1209 948 1256 983 At
1270 959 1362 984 anno
1381 958 1508 984 cccnv.
1526 948 1734 991 Mediolani,
1749 948 1802 984 usi
1814 948 1867 984 di·

310 1011 405 1043 ctum
421 1011 490 1050 est,
513 1007 701 1053 imperator
719 1007 927 1042 sententiam
942 1007 979 1041 in
994 1006 1093 1041 illum
1108 1005 1214 1048 dixit,
1235 1010 1270 1040 et
1289 1009 1370 1052 post
1386 1005 1459 1040 Osii
1473 1007 1612 1052 lapsum
1628 1005 1795 1042 Sirmium
1809 1015 1870 1040 ac·.

309 1065 399 1100 citus
415 1067 479 1099 est.
511 1063 625 1106 Quare
639 1064 690 1099 ita
704 1062 941 1099 Theodoretus
956 1063 1233 1109 interpretandus
1249 1066 1318 1106 est,
1340 1067 1380 1098 ut
1393 1066 1469 1098 tum
1485 1063 1624 1109 quidem
1641 1062 1865 1100 Constantius

309 1121 478 1157 matronis
493 1131 591 1168 spem
605 1121 700 1156 illius
715 1119 922 1156 restituendi
934 1119 1071 1162 fecerit,
1087 1120 1149 1155 sed
1163 1120 1199 1155 id
1215 1120 1323 1155 altero
1340 1120 1463 1155 deinde
1479 1131 1572 1156 anno
1587 1120 1806 1167 praestiterit.

400 1179 501 1215 Anno
518 1187 688 1214 ccctvm.
704 1177 855 1212 Basilius
868 1178 1074 1223 Ancyranus
1090 1177 1240 1224 acceptis
1254 1177 1396 1223 Georgii
1407 1177 1516 1213 literis
1527 1177 1759 1224 cognitisque,
1776 1187 1866 1224 quae

309 1236 428 1272 Sirmii
443 1247 466 1271 a
479 1235 625 1272 Valente
641 1238 675 1270 et
691 1234 835 1270 Ursacio
851 1238 954 1281 gesta
967 1234 1116 1277 fuerant,
1132 1245 1212 1269 cum
1229 1234 1274 1269 ad
1289 1235 1472 1277 ecclesiae,
1493 1235 1546 1270 uti
1561 1235 1692 1271 dictum
1707 1239 1770 1277 est,
1786 1245 1867 1271 con·

309 1294 539 1339 secretionem
554 1296 765 1328 conventum
780 1291 923 1327 haberet
937 1292 1196 1338 episcoporum,
1217 1292 1436 1337 Ancyreum
1452 1292 1626 1338 synodum
1641 1292 1809 1336 celebrat,
1829 1292 1868 1328 in

310 1362 381 1398 qua
400 1350 601 1386 Sirmiensis
623 1349 698 1385 Osii
720 1360 762 1385 ac
779 1349 935 1385 Valentis
965 1353 1000 1384 et
1028 1353 1244 1384 caeterorum
1272 1349 1503 1385 condemnata
1524 1349 1606 1384 fidei
1627 1349 1780 1385 formula
1802 1352 1866 1392 est,

309 1411 565 1454 statutumque,
588 1407 678 1454 patri
693 1407 806 1442 filium
827 1406 1026 1442 substantia
1041 1417 1118 1441 esse
1134 1407 1295 1442 similem.
1342 1406 1420 1449 Qua
1435 1418 1479 1442 ex
1496 1406 1630 1453 synodo
1646 1407 1766 1442 literae
1782 1407 1867 1442 scri·

309 1470 391 1513 ptae
414 1469 496 1500 sunt
518 1465 562 1500 ad
585 1463 774 1500 Phoenices
797 1467 832 1499 et
850 1463 976 1510 Syros,
998 1463 1061 1499 ubi
1082 1463 1234 1498 Eudoxii
1249 1463 1457 1500 Antiocheni
1479 1464 1593 1499 studio
1610 1463 1868 1500 Anomoeorum

309 1522 455 1570 perfidia
475 1521 663 1568 flagrabat,
686 1532 774 1568 quas
798 1519 1012 1568 Epiphanius
1027 1521 1160 1556 recitat.
1206 1520 1339 1556 Deinde
1354 1521 1462 1567 legati
1477 1521 1522 1556 ad
1536 1522 1781 1568 imperatorem
1795 1521 1868 1557 Sir-

310 1581 420 1616 mium
449 1579 564 1622 missi,
592 1579 743 1614 Basilius
771 1579 862 1626 ipse,
889 1577 1092 1614 Eustathius
1122 1577 1353 1621 Sebastenus,
1379 1577 1545 1614 Leontius
1569 1577 1777 1625 Cyzicenus,
1807 1578 1868 1625 qui

310 1638 595 1673 Eudoxianorum
613 1636 685 1672 illic
707 1636 908 1671 disturbatis
930 1635 1082 1671 consiliis
1105 1635 1351 1682 imperatorem
1373 1636 1615 1682 perpulerunt,
1639 1639 1678 1671 ut
1700 1635 1866 1671 adversus

309 1695 509 1731 Eudoximn
524 1697 559 1729 et
574 1694 773 1730 Anomoeos
790 1693 833 1729 ad
850 1692 1083 1729 Antiochenoe
1105 1692 1281 1729 scriberet.
1314 1693 1402 1729 Tum
1427 1696 1560 1736 autem,
1582 1693 1651 1729 nisi
1673 1692 1786 1736 fallor,
1808 1702 1867 1729 ae-

311 1752 393 1788 cidit
406 1751 492 1787 illud
508 1751 601 1798 quod
617 1762 636 1786 e
652 1751 794 1787 Socrate
815 1761 921 1798 supra
942 1750 1141 1793 retulimus,
1164 1753 1203 1785 ut
1225 1750 1445 1797 imperatoris
1468 1749 1632 1786 mandato
1655 1749 1786 1786 Osiena
1805 1750 1868 1786 illa

311 1811 385 1846 sive
399 1809 553 1845 secunda
563 1808 764 1844 Sirmiensis
776 1809 1002 1854 abrogaretur
1012 1807 1164 1843 formula
1171 1834 1179 1850 ‚
1195 1818 1275 1842 cum
1286 1807 1438 1843 Basilius
1452 1807 1749 1843 Semiarianorum
1758 1806 1868 1854 sigui-

311 1867 363 1903 ier
377 1867 565 1914 plurimum
580 1866 675 1913 apud
687 1866 933 1912 imperatorem
949 1865 1062 1911 gratia
1076 1868 1112 1900 et
1127 1865 1309 1902 autoritate
1331 1868 1462 1911 posset.
1493 1865 1606 1912 Atque
1622 1864 1667 1900 ad
1683 1864 1868 1901 orientales

311 1925 390 1960 illos
413 1924 582 1959 tumultus
603 1933 802 1972 novamque
823 1921 995 1959 haeresim
1008 1922 1307 1958 exterminandam
1327 1921 1550 1958 Constantius
1563 1921 1735 1968 synodum
1747 1926 1868 1958 autore

312 1981 443 2018 Basilio
458 1976 872 2031 Nicomedimin'dixit'f)
888 1978 992 2023 Quae
1004 1990 1085 2020 cum
1100 1982 1213 2015 terrae
1228 1983 1324 2015 motu
1341 1979 1562 2023 concidisset,
1584 1989 1624 2015 ac
1645 1979 1792 2015 subinde
1807 1978 1867 2015 Ni·

313 2050 449 2082 caeam,
470 2049 540 2085 quo
559 2036 742 2086 episcopos
757 2037 943 2076 convocari
1010 2032 1022 2045 ³
1034 2041 1148 2085 ιιᾳιι,
1171 2036 1294 2072 eadem
1309 2036 1489 2072 calamitas
1506 2035 1706 2080 afflixisset,
1727 2036 1870 2072 tandem

313 2096 464 2133 Basilius
479 2094 697 2143 imperatori·
710 2093 918 2132 lit-mem-
943 2085 950 2134 ’,
1046 2086 1057 2093 ’
1074 2091 1105 2129 is
1121 2093 1199 2129 aliis
1221 2093 1263 2129 de
1284 2093 1408 2129 idoneo
1429 2093 1506 2129 loco
1529 2093 1718 2130 deliberare
1739 2093 1867 2137 iussus,

313 2165 393 2190 cum
407 2154 498 2190 inter
512 2153 593 2190 illos
598 2148 750 2199 §hine
764 2148 981 2195 eonveniret,
990 2160 993 2162 ’
1002 2148 1168 2187 Sirmium
1188 2150 1233 2186 ad
1247 2150 1491 2198 imperatorem
1507 2150 1656 2187 advolat.
1703 2150 1757 2186 Ibi
1771 2150 1869 2186 Aria·

313 2222 379 2248 nos
393 2211 578 2258 episcopos
593 2205 729 2259 repetit,
743 2208 903 2246 uncum
914 2206 1156 2253 Asathmium,
1174 2206 1365 2254 Georgium
1381 2206 1672 2250 Alexandrinum,
1687 2207 1870 2256 Valentem
1896 2220 1898 2225 ·

314 2273 348 2304 et
370 2273 536 2305 caeteros.
582 2266 737 2310 Quorum
759 2264 1083 2319 masilia
1100 2265 1325 2302 Constantius
1341 2264 1536 2300 Seleuciam
1551 2265 1587 2300 iu
1604 2264 1738 2300 Isauria
1750 2263 1796 2300 ad
1811 2276 1869 2311 sy-

315 2326 445 2363 nodum
469 2325 607 2372 delegit.
638 2324 770 2366 Verum
819 2314 823 2323 ⁵
874 2316 875 2319 ¹
948 2322 1114 2367 ,⁴⁴Acacii,
1130 2322 1303 2365 Valentis,
1327 2321 1460 2358 Ursacii
1482 2322 1741 2358 Anomoeorum
1764 2332 1870 2369 opera

313 2383 443 2420 tactum
460 2387 513 2419 est
528 2387 567 2419 ut
580 2381 700 2418 divisis
760 2371 762 2377 ¹
808 2375 819 2385 ⁸
832 2378 845 2386 ⁶
896 2405 908 2427 ,
927 2379 1156 2417 occidentales
1176 2379 1315 2426 quidem
1331 2378 1493 2422 Arimini,
1509 2378 1692 2414 orientales
1709 2389 1790 2415 vero
1806 2378 1869 2415 Se·

314 2441 446 2477 leucise
461 2442 770 2487 congregarentur.
813 2434 936 2475 laneo
951 2437 1159 2474 Arianorum
1180 2437 1377 2484 principum
1399 2446 1591 2483 congressu
1611 2435 1752 2479 accidit,
1776 2435 1869 2483 quod

313 2498 465 2534 Hilarius
480 2497 568 2533 libro
584 2496 627 2532 de
642 2495 795 2543 Synodis
809 2498 944 2539 narrat,
967 2497 1008 2531 ut
1027 2494 1211 2531 orientales
1234 2494 1406 2541 episcopi,
1429 2493 1490 2541 qui
1511 2492 1694 2529 sirmiensi
1710 2491 1870 2540 blaephe-

316 2556 406 2591 miae
420 2554 630 2597 restiterant,
645 2557 785 2589 autores
801 2553 876 2589 eius
893 2552 1139 2600 compellerent
1154 2555 1192 2587 ut
1207 2550 1456 2587 subscribendo
1471 2549 1687 2593 damnarent,
1711 2549 1803 2596 quod
1817 2549 1869 2585 fe-

315 2616 444 2649 cerant.
477 2611 674 2654 Quinetiam
690 2621 735 2647 ex
750 2610 873 2646 eodem
888 2609 1018 2646 Hilario
1034 2609 1218 2656 colligitur,
1242 2612 1469 2656 posteaquam
1484 2606 1590 2643 dividi
1604 2606 1779 2653 synodum
1794 2606 1868 2654 pla-

315 2670 397 2713 cuit,
413 2669 581 2716 principio
594 2668 769 2716 Ancyram
784 2668 827 2703 ad
844 2667 1063 2704 orientalium
1079 2676 1282 2703 consessum
1298 2665 1466 2713 delectam
1479 2664 1597 2701 fuisse.
1630 2663 1760 2700 Scribit
1774 2664 1869 2700 enim

317 2724 369 2761 his
386 2726 515 2761 verbis:
545 2725 615 2761 Sed
631 2727 773 2761 maxime
791 2737 863 2760 cum
881 2726 1113 2771 comperissem
1128 2724 1271 2769 synodos
1286 2726 1321 2759 in
1337 2723 1483 2767 Ancyra
1499 2727 1598 2767 aequo
1613 2722 1773 2756 Arimino
1790 2733 1867 2756 con-

315 2785 512 2829 qreyamlas
528 2789 560 2818 ee
574 2795 615 2817 e:
629 2783 772 2828 sinquls’s
785 2784 974 2829 provinciis
993 2782 1189 2817 Gallicanis
1205 2781 1298 2815 binos
1312 2780 1366 2815 vel
1377 2779 1526 2824 &aqueae
1542 2790 1579 2813 eo
1595 2790 1664 2813 esse
1680 2785 1846 2815 venturos.

407 2839 476 2875 Cur
491 2844 605 2875 autem
621 2839 656 2875 in
673 2850 804 2875 annum
821 2849 990 2875 cccuvm.
1006 2850 1076 2874 non
1092 2838 1324 2885 superiorem,
1347 2839 1386 2872 ut
1407 2834 1532 2871 caeteri
1557 2845 1695 2879 omnes,
1717 2835 1869 2882 Ancyra-

318 2906 399 2933 nam
415 2896 708 2932 Semiarlauorum
723 2895 896 2943 synodum
913 2896 1134 2938 contulerim,
1156 2894 1330 2931 docebunt
1350 2893 1476 2930 allatae
1496 2902 1518 2927 a
1538 2903 1593 2928 me
1610 2896 1690 2928 ante
1704 2892 1868 2936 rationes,

317 2964 361 2990 ex
378 2952 505 3000 quibus
522 2954 716 2989 necessario
734 2952 818 2989 haec
833 2957 1028 3000 temporum
1046 2952 1186 3000 partitio
1203 2950 1389 2987 deducitur.

408 3010 509 3046 Anno
524 3008 663 3045 demum
680 3020 821 3046 occur.
839 3010 940 3046 tertia
954 3010 1015 3046 illa
1030 3009 1230 3046 sirmiensis
1245 3007 1395 3046 formula
1409 3017 1431 3042 a
1445 3007 1562 3043 Marco
1578 3006 1770 3051 Arethusia,
1787 3017 1868 3043 con-

319 3066 546 3105 sentientibus
561 3066 805 3111 Seinlarianls,
827 3066 920 3104 edita
941 3071 1011 3111 est,
1034 3066 1084 3103 uti
1098 3065 1255 3114 pluribus
1269 3063 1646 3113 postea-declarabitur.
1690 3063 1768 3108 Qua
1786 3074 1867 3101 con-
