2008 3294
165 330 387 377 Megarensia
411 330 603 365 certamina
627 340 716 377 quae
836 327 914 365 338.

165 386 393 423 Melchisedec
419 387 629 423 sacrificium
661 391 765 434 typus
789 385 915 422 eueha-

216 445 334 480 ristiae
833 442 912 479 221.

166 501 426 538 Melchisedecis
464 501 678 537 domicilium
716 501 776 537 ubi
810 500 915 536 fuerit

836 556 913 593 218.

164 616 274 652 Meles
297 620 332 652 et
355 615 501 651 Critheis
518 616 657 651 Homeri
682 618 843 662 parentes
855 613 910 648 78.

165 674 327 710 Meletius
353 674 405 708 bis
429 674 464 709 in
489 674 633 708 exilium
658 673 779 719 pulsus
833 671 909 707 327.

166 730 357 768 Menander
401 731 589 778 discipulus
625 729 780 766 Simonis
815 728 912 774 Magi

212 800 233 824 a
257 799 327 835 quo
345 788 507 825 haeretici
523 787 764 823 Menandriani
787 786 844 822 41.
865 796 910 822 an

211 847 318 882 fuerit
347 846 460 892 major
483 845 625 881 Simone
654 855 718 880 suo
742 843 910 890 magistro

213 905 274 946 ib.,
299 903 374 950 ejus
398 903 592 950 baptismus
617 913 686 949 quo
710 901 914 937 immortali-

211 965 320 997 tatem
344 960 567 1008 promittebat
830 958 915 995 ibid.

167 1019 344 1055 Mensium
356 1017 592 1059 Judaicormn,
608 1016 915 1052 Macedonicorum

216 1075 430 1112 Graecorum
462 1079 496 1110 et
517 1074 736 1110 Julianorum
768 1074 915 1109 latercu-

224 1133 296 1168 lum
842 1130 915 1166 139.

169 1190 342 1226 Mensium
356 1189 549 1225 Atticorum
565 1188 692 1236 duplex
709 1198 821 1235 genus
840 1187 915 1223 138.

171 1249 364 1284 Mercurius
379 1247 594 1283 lucrionibus
610 1251 647 1282 et
658 1249 826 1293 quaestus
843 1246 915 1281 avi·

217 1306 270 1341 dis
292 1309 420 1352 praest.
860 1302 916 1339 34.

170 1363 274 1399 Metis
297 1374 388 1398 uxor
403 1362 502 1398 Jovis
525 1372 570 1397 ex
594 1372 665 1408 qua
687 1361 829 1397 sustulit
841 1361 916 1396 Pal·

218 1419 332 1456 ladem
859 1418 915 1454 46.

170 1477 300 1512 Missae
316 1476 525 1512 sacrificium
538 1476 695 1512 divinum
707 1480 742 1511 et
756 1476 917 1511 incruen-

216 1539 292 1570 tum
837 1532 915 1568 364.

171 1591 321 1628 Mithrae
352 1591 531 1634 sacerdos,
568 1590 660 1638 quod
690 1591 758 1626 fuit
786 1590 918 1626 idolum

219 1649 438 1684 Cretensium
861 1647 919 1684 Sl.

170 1705 396 1742 Monarchiae
412 1709 560 1752 quatuor
576 1716 646 1752 quo
663 1710 820 1752 tempore
843 1716 919 1740 coe-

172 1764 284 1810 perint
842 1762 920 1797 214.

171 1821 312 1866 Moyses
336 1824 371 1856 et
394 1818 543 1855 Inachus
567 1829 613 1855 an
629 1819 759 1855 fuerint
775 1819 919 1866 σύγχρο-

216 1889 266 1911 νοι
866 1876 919 1912 15.

172 1935 253 1969 Mus
284 1944 432 1970 araneus
463 1934 584 1969 orbitis
614 1936 768 1969 rotarum
797 1944 919 1968 eneca-

215 1995 271 2026 tur
287 1990 377 2034 223„
401 1990 476 2037 ejus
495 2001 632 2027 morsus
658 1991 763 2038 quale
787 1991 917 2026 vulnus

215 2047 342 2083 inferat
832 2047 917 2084 ibid.

521 2154 568 2195 Π.

168 2219 372 2255 Nabathaea
394 2220 492 2266 regio
516 2230 606 2266 quae
636 2220 741 2256 fuerit
764 2225 801 2256 et
824 2220 917 2267 quod

216 2288 238 2312 a
261 2277 416 2314 Batanea
438 2277 576 2313 differat
861 2278 917 2315 59.

87 2369 95 2375 ,
171 2333 336 2370 Nasaraei
350 2334 410 2381 qui
421 2334 579 2370 dieantur
597 2335 642 2370 ab
653 2335 846 2382 Epiphanio
861 2335 917 2372 36.

171 2391 340 2427 Nazaraei
364 2391 423 2438 qui
445 2391 576 2426 fuerint
590 2395 626 2426 et
642 2396 760 2427 utrum
775 2393 918 2428 Judaeis

217 2459 262 2483 an
287 2447 518 2483 Christinanis
540 2449 794 2484 annumerandi
861 2450 917 2486 50.

168 2499 337 2541 Nazaraei
361 2515 407 2540 an
430 2516 551 2541 verum
573 2505 744 2541 Matthaei
767 2517 918 2552 evange-

217 2563 301 2597 lium
325 2562 510 2597 habuerint
861 2563 917 2600 55.

171 2619 336 2655 Nazaraei
354 2619 414 2665 qui
435 2619 566 2654 fuerint
588 2622 624 2654 et
646 2619 737 2654 unde
764 2619 845 2654 dicti
861 2619 917 2655 36.

172 2676 325 2712 Nectarii
348 2676 517 2722 praesulis
543 2675 917 2722 constantinopolitani

217 2733 454 2768 memorabilis
484 2732 629 2768 historia
658 2738 692 2768 et
721 2737 836 2768 utrum
861 2733 920 2768 ille

218 2790 475 2825 confessionem
498 2790 678 2825 sustulerit
843 2790 920 2826 ⁶240.

171 2846 365 2883 Nembroth
394 2847 486 2883 idem
517 2851 551 2883 et
587 2846 692 2883 Belus
731 2847 919 2893 Babylonis

217 2904 375 2940 conditor
883 2904 915 2940 7.

172 2961 385 2997 Neomenias
429 2962 602 2997 mensium
643 2961 688 2996 ab
725 2961 917 3008 Epiphanio

216 3019 413 3064 propositae
447 3023 482 3052 et
516 3018 700 3064 diligenter
735 3018 918 3053 distinctae

840 3075 916 3110 138.

1565 215 1730 252 CCOXLI

984 328 1253 365 Neomeniarum
1291 329 1614 365 eonstituendarnm
1649 341 1730 376 syn-

1029 386 1125 422 edria
1141 388 1242 434 plura
1255 387 1292 423 in
1309 387 1508 423 Palaestina
1535 387 1621 429 151„
1646 398 1730 434 quo·

1029 443 1132 479 modo
1165 444 1368 480 neomenias
1398 446 1573 491 sapienter
1602 445 1730 480 iudice-

1029 507 1106 536 rent
1655 502 1730 537 151.

983 558 1119 593 Tabula
1135 559 1398 594 neomeniarum
1415 558 1523 594 Nisan
1540 558 1731 595 secundum

1027 615 1181 651 Judaeos
1645 616 1732 657 ζ166.

983 673 1152 709 Nitrariae
1197 674 1391 720 permultae
1427 674 1463 708 in
1502 675 1661 720 Aegypto
1699 678 1733 708 et

1023 741 1155 776 magna
1178 731 1277 777 copia
1298 731 1382 766 nitri
1654 729 1733 766 329.

981 788 1115 824 Notarii
1134 793 1238 835 atque
1257 792 1459 835 exceptores
1479 799 1521 823 ac
1538 787 1648 823 ferme
1660 787 1732 822 dia-

1028 847 1107 882 coni
1131 847 1371 893 episcoporum
1395 846 1430 881 in
1455 846 1612 881 conciliis
1651 844 1730 881 304.

982 904 1093 940 Notae
1111 904 1153 939 ad
1172 907 1335 950 excerpta
1359 904 1605 938 consulatuum
1630 903 1734 938 colle-

1028 962 1087 1006 gia
1602 960 1659 996 95.
1677 960 1733 995 96.

985 1019 1096 1066 Νουρὰ
1121 1020 1241 1065 lingua
1258 1021 1429 1054 Aramaea
1453 1018 1536 1064 quid
1560 1017 1736 1064 significet

1677 1074 1733 1110 45.

986 1133 1111 1170 Novati
1136 1144 1177 1169 ac
1193 1133 1378 1169 Novatiani
1396 1134 1431 1168 in
1455 1132 1659 1168 nominibus
1683 1143 1735 1167 er-

1028 1203 1086 1227 ror
1109 1195 1264 1227 veterum
1289 1191 1377 1232 226„
1403 1190 1494 1225 unde
1525 1189 1734 1225 Novatiano-

1030 1260 1106 1284 rum
1132 1248 1284 1284 haeresis
1301 1248 1383 1284 ibid.
1401 1248 1494 1294 quod
1517 1258 1638 1282 eorum
1661 1247 1735 1282 fue-

1033 1307 1078 1342 rit
1100 1306 1232 1352 dogma
1255 1306 1351 1348 ibid.,
1382 1305 1568 1341 Novatiani
1598 1315 1735 1351 praece-

1031 1365 1139 1410 ptoris
1164 1365 1219 1398 sni
1243 1363 1372 1410 dogma
1403 1366 1598 1409 temperant
1658 1362 1736 1397 227.

989 1421 1174 1457 Novatiaui
1191 1421 1346 1456 haeresis
1363 1432 1432 1466 quo
1450 1425 1605 1466 tempore
1629 1419 1735 1454 eccle-

1031 1480 1120 1514 siam
1144 1479 1190 1514 sit
1202 1484 1387 1525 persecuta
1658 1475 1735 1511 253.

1340 1580 1381 1622 0.

988 1646 1193 1682 Oblationes
1240 1657 1389 1693 quarum
1425 1652 1540 1693 partes
1576 1648 1737 1683 dicuntur

1035 1703 1160 1751 μερίδες
1185 1703 1305 1750 quales
1329 1704 1399 1739 siut
1423 1715 1467 1739 ex
1492 1705 1638 1740 concilio
1655 1705 1738 1741 Car-

1035 1760 1235 1806 thaginensi
1659 1762 1737 1798 866.

991 1818 1216 1854 Oblationum
1229 1829 1315 1854 usus
1333 1824 1367 1853 et
1381 1830 1529 1865 quorum
1543 1819 1737 1855 oblationes

1035 1875 1290 1921 recipiebantur
1298 1875 1388 1917 351„
1396 1876 1438 1911 de
1452 1876 1627 1912 oblatione
1636 1877 1737 1923 panis

1036 1937 1070 1967 et
1079 1932 1150 1967 vini
1157 1931 1247 1975 352„
1257 1933 1395 1979 quando
1403 1933 1537 1968 fiebant
1544 1934 1739 1969 oblationes

1654 1991 1737 2026 ibid.

986 2046 1173 2083 Oraculum
1186 2047 1310 2083 Jacobi
1330 2047 1372 2082 de
1386 2048 1598 2095 principibus
1613 2059 1631 2083 e
1645 2049 1738 2083 tribu

1030 2104 1123 2140 Juda
1135 2115 1326 2152 numquam
1341 2104 1383 2141 de
1402 2106 1528 2141 futuris
1542 2116 1611 2152 quo
1628 2116 1733 2140 seusu

1031 2162 1273 2210 accipiendum
1681 2162 1736 2198 50.

988 2220 1171 2256 Orationes
1196 2226 1230 2255 et
1254 2220 1429 2255 sacrificia
1453 2230 1542 2266 qnae
1567 2220 1603 2254 in
1626 2221 1736 2255 eccle-

1033 2279 1087 2313 sia
1109 2278 1200 2313 fiunt
1224 2289 1285 2324 pro
1302 2278 1451 2313 mortuis
1475 2281 1637 2312 accurate
1660 2288 1737 2324 pro-

1034 2336 1160 2370 bantur
1657 2334 1737 2372 367.

986 2393 1078 2428 Ordo
1101 2392 1229 2438 triplex
1254 2391 1426 2437 graduum
1451 2392 1488 2427 in
1506 2393 1654 2427 ecclesia
1671 2393 1736 2427 vir-

1031 2450 1172 2496 ginum,
1203 2448 1404 2491 viduarum,
1427 2449 1619 2495 conjugum
1647 2448 1737 2491 342„

1033 2507 1210 2552 virginum
1235 2505 1318 2541 ordo
1349 2516 1394 2540 ex
1419 2506 1575 2552 patribus
1599 2510 1635 2542 et
1657 2517 1737 2542 con-

1034 2564 1122 2598 ciliis
1147 2562 1339 2598 defenditur
1363 2563 1529 2598 adversus
1546 2562 1737 2599 haereticos

1033 2620 1124 2662 343„
1145 2621 1189 2654 ab
1204 2619 1374 2666 episcopis
1385 2620 1614 2665 lconsecratae
1633 2622 1737 2667 virgi-

989 2688 1051 2711 nes
1438 2712 1444 2716 ,
1688 2679 1735 2714 ib.

990 2733 1159 2780 Origenes
1192 2733 1283 2780 apud
1312 2734 1541 2780 imperatores
1565 2736 1681 2781 gratia
1704 2740 1739 2770 et

1034 2791 1336 2826 commendatione
1360 2792 1498 2826 valebat
1654 2792 1735 2828 257.

988 2848 1058 2883 alia
1080 2849 1190 2883 multa
1223 2848 1264 2883 de
1289 2848 1439 2895 Origene
1469 2849 1553 2885 ibid.
1577 2849 1619 2884 de
1642 2850 1737 2884 illius

1032 2906 1133 2951 lapsu
1157 2905 1248 2948 258„
1278 2905 1320 2940 de
1345 2906 1420 2951 ejus
1444 2906 1478 2941 in
1503 2907 1634 2952 Tyrum
1660 2917 1737 2952 pro-

1032 2962 1180 2997 fectione
1657 2962 1734 2996 259.

988 3019 1150 3064 Origenis
1174 3020 1400 3055 insectatores
1417 3025 1568 3066 quatuor
1596 3020 1655 3065 qui
1678 3019 1736 3053 ad-

1032 3087 1155 3111 versus
1180 3088 1260 3111 eum
1286 3078 1414 3123 scripta
1446 3077 1626 3111 ediderunt
1666 3075 1732 3110 260
