2008 3294
1555 157 1743 192 CCCXXV

187 274 289 308 δοσαν
304 275 352 319 τῷ
367 272 442 318 θεῷ.
461 273 586 308 Athan.
600 272 740 315 Quaest.
754 272 797 307 ad
812 271 1019 307 Antiochum
1034 271 1176 313 Quaest.
1191 283 1323 314 xxxxv„
1335 282 1416 306 cum
1430 270 1627 317 quaesitum
1639 275 1744 313 esset,
1783 267 1787 270 ’

188 335 303 366 utrum
319 333 534 364 mortuorum
553 335 772 376 peccatorum
789 329 926 364 animae
944 328 1111 364 beneficia
1127 329 1164 364 in
1182 340 1220 364 se
1232 330 1360 364 collata
1371 328 1549 371 sentirent,
1565 327 1745 374 γινομένων

189 386 267 433 ὑπὲρ
291 387 400 420 αὐτῶν
425 385 586 426 συνάξεων
604 386 657 420 καὶ
673 386 824 420 εὖποιϊῶν
847 385 902 420 καὶ
918 387 1124 432 προςφορῶν,
1149 386 1343 432 respondet,
1367 385 1424 425 τὰς
1447 386 1514 419 τῶν
1537 383 1746 432 ἁμαρτωλῶν

190 443 295 491 ψυχὰς
320 442 464 490 μετέχειν
490 443 671 490 εὐεργεσίας
706 443 791 483 τινος
827 441 862 477 ἐκ
897 444 953 486 τῆς
977 441 1057 487 ὑπὲρ
1082 442 1190 476 αὐτῶν
1214 442 1387 489 γενομένης
1411 441 1611 488 ἆναιμάιιτου
1636 441 1746 481 θυσίας

191 500 243 535 καὶ
268 497 421 540 εὐποιίας.
471 501 611 547 Alioqui
635 501 665 535 si
689 500 776 536 nihil
798 499 884 535 haec
907 499 994 546 ipsis
1018 500 1234 545 prodessent,
1272 499 1332 533 οὒκ
1357 499 1394 534 ἂν
1418 498 1450 533 ἐν
1475 502 1514 545 τῇ
1538 498 1746 545 προσκομιδῇ

190 556 459 604 ἐμνημονεύοντο,
496 557 560 592 hoc
595 564 648 592 est
685 558 720 592 in
763 557 948 592 oblatione.
995 555 1085 591 Nam
1110 555 1311 603 προςκομιδὴ
1351 560 1403 591 est
1428 554 1608 603 προςφορά.
1654 556 1748 591 Male

191 618 308 650 autem
333 614 514 661 interpres,
551 615 594 648 In
625 627 709 649 cura
734 621 766 648 et
788 616 962 660 exsequiis.
1010 613 1204 660 Scripserat
1227 613 1319 648 idem
1344 614 1555 648 Athanasius
1579 613 1682 659 λόγον
1707 611 1749 654 εἰς

189 671 265 712 τοὺς
290 671 513 718 κοιμηθέντας,
539 671 638 718 cujus
661 671 822 706 meminit
833 670 1069 706 Damascenus
1086 671 1121 705 in
1135 670 1291 717 ejusdem
1308 671 1508 716 argumenti
1524 671 1692 712 oratione,
1716 675 1751 705 et

191 728 355 764 Balsamo
380 729 424 763 ad
449 728 535 764 Can.
550 741 597 764 ιν.
621 729 742 775 Apost.
788 728 920 763 Citatur
942 732 978 762 et
1000 727 1185 773 Epiphanii
1208 728 1307 763 locus
1331 739 1376 763 ex
1413 738 1516 775 opere
1540 727 1693 774 quodam
1715 730 1752 761 in

192 786 380 820 Proverbia
405 785 495 832 apud
512 786 736 821 Anastasium
753 785 922 820 Nicenum
939 784 1080 827 Quaest.
1099 796 1156 819 xx.
1173 785 1207 820 in
1226 785 1453 832 scripturam,
1477 785 1514 820 in
1538 795 1607 831 quo
1632 795 1752 830 preces

192 854 253 890 pro
278 843 424 878 mortuis
462 842 760 878 commendantur.
808 841 875 884 Qui
909 843 1006 877 locus
1041 840 1184 876 totidem
1220 842 1292 877 fere
1315 842 1430 877 verbis
1454 842 1603 889 sparsim
1626 842 1662 876 in
1687 841 1753 876 hoc

193 911 296 947 opere
333 901 537 936 continetur.
583 900 634 935 De
663 904 879 935 mortuorum
914 904 1093 945 praeterea
1127 900 1457 934 commemoratione
1480 900 1516 935 in
1541 898 1752 934 salutaribus

193 958 301 992 sacris
326 958 484 992 meminit
509 956 704 992 Concilium
730 956 882 991 Vaseuse
906 956 990 992 Can.
1007 968 1045 995 11.
1082 960 1116 991 et
1141 956 1305 1002 Cartbag.
1323 968 1373 992 ιιι.
1411 956 1495 993 Can.
1514 967 1623 998 xxix„
1648 960 1683 990 et
1705 967 1753 991 1v.

194 1014 413 1056 Cau.1.xxrx,
438 1019 477 1049 ut
500 1015 568 1049 alia
590 1014 726 1049 infinita
748 1013 1033 1060 praetermittam,
1061 1014 1286 1059 maximeque
1311 1013 1524 1049 Graecorum
1550 1025 1591 1048 ac
1614 1013 1755 1048 Latino·

194 1083 272 1107 rum
307 1072 569 1118 antiquissimas
604 1071 775 1116 liturgias.
822 1070 1136 1106 Luculentissimus
1172 1082 1254 1106 vero
1290 1077 1343 1106 est
1378 1072 1464 1106 alter
1487 1072 1546 1106 ille
1570 1069 1755 1117 Epiphanii

194 1130 292 1164 locus
317 1128 411 1165 haer.
428 1141 534 1165 mxxv.
557 1139 653 1164 num.
679 1139 746 1170 vu,
775 1129 813 1163 in
837 1139 904 1174 quo
931 1131 1145 1163 mortuorum
1171 1128 1318 1174 duplicis
1342 1129 1480 1174 generis
1504 1138 1755 1163 commemora-

196 1187 330 1221 tionem
354 1186 391 1221 in
414 1186 584 1221 sacrificio
608 1186 683 1220 fieri
707 1185 816 1228 docet,
837 1186 1014 1232 justorum
1038 1191 1074 1220 et
1096 1191 1327 1232 peccatorum.
1374 1186 1506 1220 Horum
1530 1185 1683 1232 quidem,
1707 1185 1757 1219 uti

198 1243 352 1279 divinam
378 1255 439 1290 pro
464 1244 533 1279 illis
557 1242 831 1279 misericordiam
856 1243 1093 1289 imploremus.
1140 1243 1322 1278 Justorum
1346 1248 1463 1278 autem
1485 1253 1526 1277 ac
1543 1247 1757 1284 sanctorum,

197 1306 236 1336 ut
261 1301 439 1348 singulare
463 1300 589 1336 Christi
619 1300 751 1336 domini
775 1300 995 1347 privilegium
1020 1305 1247 1346 agnoscatur,
1278 1301 1338 1346 qui
1362 1301 1406 1335 ab
1430 1301 1644 1346 reliquorum
1667 1311 1757 1334 mor-

197 1358 320 1393 talium
346 1358 542 1394 conditione
567 1362 784 1404 segregatur.
832 1357 881 1392 De
897 1362 1088 1403 martyrum
1106 1358 1440 1392 commemoratione
1456 1358 1588 1404 passim
1605 1357 1759 1403 loquitur

198 1415 412 1463 Cyprianus,
437 1420 475 1450 ut
497 1415 533 1451 in
557 1415 620 1462 Ep.
638 1426 763 1451 xxx1v:
787 1415 975 1460 Sat-russeta
987 1427 1054 1461 pro
1078 1418 1145 1456 eis,
1169 1415 1298 1461 iuquit,
1322 1427 1469 1461 semper,
1494 1421 1532 1448 at
1552 1416 1759 1455 meministis,

199 1475 386 1517 offerimus,
422 1475 548 1519 quoties
583 1479 770 1517 martyrum
800 1475 979 1518 passiones
1014 1480 1046 1507 et
1080 1474 1152 1507 dies
1182 1475 1427 1507 anniversaria
1451 1474 1761 1506 commemoratione

202 1530 422 1564 celebramus.
470 1529 568 1572 Quod
598 1529 641 1565 ad
671 1530 875 1567 memoriam
900 1529 1264 1576 praedicationemque
1287 1535 1481 1574 martyrum
1505 1529 1608 1564 debet
1630 1528 1761 1570 referri,

203 1587 495 1630 quemadmodum
512 1592 547 1623 et
561 1587 598 1623 in
613 1597 734 1644 eorum
749 1587 936 1622 memorias
953 1587 1075 1621 altaria
1092 1587 1402 1622 constituebantur.
1425 1587 1611 1632 Augustin.
1626 1586 1685 1620 lib.
1703 1597 1761 1621 xx.

201 1649 322 1680 contra
345 1644 514 1680 Faustum
538 1655 613 1692 cap.
629 1651 703 1692 ⁸4³⁸!-
710 1643 894 1694 adversus
918 1644 1142 1678 Manichaeos
1167 1644 1364 1690 disputans,
1391 1644 1450 1690 qui
1474 1644 1635 1678 similiter
1657 1647 1763 1689 atque

201 1701 358 1736 hodierni
375 1703 552 1736 στασιῶται
567 1683 768 1757 memo&
770 1706 966 1747 martyrum
988 1701 1026 1735 in
1048 1701 1143 1736 idola
1158 1705 1357 1736 convertere
1378 1700 1566 1736 catholicos
1582 1700 1763 1746 impuden-

202 1759 337 1794 tissime
361 1759 652 1800 criminabantur,
671 1754 731 1812 Β)
753 1759 869 1794 'verbis
894 1758 1017 1793 utitur:
1042 1758 1192 1804 Populus
1216 1765 1325 1792 aute-m
1345 1758 1562 1793 Christianus
1584 1760 1765 1792 memor-ias

203 1822 391 1860 martyrum
414 1817 578 1862 reliqiosa
601 1812 800 1851 solennitate
831 1816 1061 1857 concelebrat,
1091 1822 1124 1850 et
1147 1817 1195 1850 ad
1226 1817 1443 1849 excitandam
1467 1818 1704 1856 imitathonem
1730 1821 1767 1848 ut

203 1875 334 1908 meritis
350 1885 461 1907 eorum
477 1876 704 1915 consocietur,
731 1880 829 1917 atque
852 1873 1062 1907 orationibus
1079 1873 1269 1918 adjuvetur.
1318 1872 1377 1906 Ita
1395 1878 1506 1906 tamen
1522 1879 1559 1906 ut
1575 1873 1659 1906 nulli
1674 1884 1765 1905 mar-

205 1935 329 1974 tyrum,
358 1931 420 1964 sed
446 1933 516 1977 ipsi
543 1931 604 1965 deo
635 1936 821 1975 martyrum
851 1931 1100 1974 sacrificemus,
1130 1932 1282 1974 quamvis
1310 1932 1347 1963 in
1377 1931 1557 1963 memorias
1580 1936 1766 1973 martyrum

205 1989 445 2022 constituamus
475 1988 618 2022 altaria.
669 1987 753 2028 Quis
783 1989 867 2021 enim
899 1989 1085 2022 antistitum
1115 1989 1151 2020 in
1182 1988 1266 2020 locis
1292 1992 1487 2020 sanctorum
1511 1992 1688 2032 cor-Porum
1714 1998 1766 2020 as-

204 2047 325 2079 sistens
341 2046 451 2079 altari
464 2045 650 2090 aliquando
665 2046 768 2078 dixin
791 2044 970 2091 offerimus
987 2045 1063 2085 tibi,
1081 2043 1191 2085 Petro,
1209 2050 1270 2078 aut
1281 2043 1404 2085 Paule,
1423 2049 1483 2077 aut
1495 2043 1689 2088 Cypriane!
1704 2050 1767 2078 etc.

296 2100 447 2136 Ἓωθινοί
471 2113 505 2136 τε
536 2101 632 2148 ὕμνοι
655 2099 687 2135 ἐν
713 2100 822 2148 αὐτῇ]
872 2101 923 2136 De
950 2102 1121 2136 matutino
1159 2111 1200 2136 ac
1224 2105 1438 2136 caeterarum
1463 2100 1626 2135 horarum
1650 2099 1767 2134 officio

207 2159 392 2204 diligenter
421 2159 458 2194 in
485 2159 679 2194 Annalibus
710 2163 745 2193 et
774 2159 818 2194 ab
842 2159 919 2194 aliis
950 2158 1155 2205 disputatur.
1202 2158 1252 2193 De
1276 2157 1509 2192 lucernalibus
1533 2156 1677 2202 psalmis
1702 2155 1768 2191 hoc

205 2216 452 2251 adscribimus:
485 2216 665 2251 Socratem
695 2216 754 2250 lib.
773 2228 805 2252 v.
829 2227 904 2263 cap.
921 2228 1011 2252 xxn.
1040 2227 1100 2251 eas
1132 2216 1307 2262 appellare
1336 2214 1392 2254 τὰς
1423 2212 1455 2247 ἐν
1480 2215 1550 2253 ταῖς
1574 2212 1768 2259 λυχναψίαις

211 2271 322 2319 εὐχάς.
369 2271 435 2315 Qui
459 2273 588 2308 ibidem
619 2273 714 2308 addit
744 2274 779 2308 iu
804 2273 918 2320 Cypro
944 2284 984 2308 ac
1009 2272 1178 2308 Caesarea
1202 2272 1347 2306 sabbato
1372 2276 1407 2306 et
1430 2270 1605 2306 dominica
1628 2268 1675 2303 ἀεὶ
1699 2270 1770 2315 περὶ

207 2328 344 2375 ἑσπέραν
362 2328 442 2375 μετὰ
457 2331 513 2374 τῆς
529 2329 712 2377 λυχναψίας
726 2331 802 2371 τοὺς
819 2330 1054 2377 πρεσβυτέρους
1072 2329 1125 2363 καὶ
1141 2327 1338 2367 ἐπισκόπους
1361 2327 1417 2367 τὰς
1434 2325 1562 2374 γραφὰς
1579 2326 1770 2373 ἑρμηνεύειν.

208 2386 338 2422 Concil.
362 2386 473 2423 Tolet.
488 2399 510 2421 ι.
527 2387 610 2422 Can.
628 2399 676 2423 rx.
709 2389 938 2422 lucernarium
969 2387 1131 2433 appellat.
1180 2385 1283 2420 Vetat
1312 2385 1405 2419 enim
1432 2387 1610 2430 professas
1639 2391 1698 2418 aut
1722 2386 1770 2417 vi-

208 2445 296 2478 duas
320 2445 410 2478 domi
431 2455 515 2478 suae
539 2445 762 2490 antiphonam
789 2457 862 2478 cum
888 2447 1076 2489 consessore
1099 2444 1152 2477 vel
1174 2454 1270 2476 servo
1293 2453 1352 2476 suo
1367 2444 1512 2486 facere,
1544 2442 1678 2476 absente
1701 2443 1771 2486 epi-

208 2513 309 2546 scopo
340 2492 394 2534 vel
410 2501 621 2546 presbytero.
669 2501 918 2535 Lucerum-ium
941 2513 1036 2542 vero,
1063 2500 1187 2545 inquit,
1220 2501 1287 2532 nisi
1309 2501 1346 2532 in
1369 2499 1515 2532 ecclesia
1540 2510 1603 2532 non
1625 2499 1771 2543 lcqatar.

208 2557 260 2593 De
284 2557 386 2592 nonis
411 2561 444 2591 et
468 2557 620 2603 vesperis
643 2557 782 2594 Laodic.
806 2557 967 2592 meminit
989 2557 1074 2592 Can.
1090 2568 1189 2591 xvm.
1238 2555 1322 2590 Vide
1346 2559 1382 2590 et
1396 2550 1546 2590 Tertull.'
1564 2555 1622 2591 lib.
1647 2558 1772 2590 contra

211 2613 346 2660 Psych„
370 2612 571 2659 Agathense
595 2614 678 2649 Can.
696 2626 778 2649 xxx.

1788 854 1815 879 p.
1837 844 1888 871 368
