2008 3294
297 220 454 259 XXXVI

296 325 446 361 Iudaeae
471 325 730 370 procuratorem
757 321 802 357 ab
825 320 983 368 Augusto
1008 321 1141 358 factum
1167 324 1352 357 asseverat.
1374 321 1427 358 De
1449 332 1518 369 quo
1547 321 1591 356 ad
1616 319 1788 358 haeresim
1809 333 1856 359 m.

298 382 423 418 dicturi
445 392 578 416 sumus.

388 436 615 485 Περιτέμνεταί
630 448 665 471 τε
681 435 735 471 καὶ
751 435 878 481 αὖτός,]
899 435 1014 483 Negat
1028 435 1092 472 hoc
1106 435 1282 482 Scaliger
1271 447 1309 472 ιιι
1321 435 1527 472 Eusebianis
1542 435 1858 472 Animadversioni-

298 497 364 531 bus
381 496 474 542 quod
489 495 674 530 Idumaeas
691 497 784 529 esset
797 493 988 540 Antipater.
1019 494 1066 529 At
1080 493 1236 528 Idumaei
1257 504 1378 529 omnes
1398 497 1479 528 ante
1501 494 1618 540 plures
1642 504 1752 528 annos
1767 493 1858 528 inter

298 554 446 588 Iudaeos
463 551 638 598 adscripti.
672 550 742 586 Sed
756 550 842 586 haec
858 551 990 586 emdite
1006 562 1028 586 a
1043 551 1196 586 Serrario
1211 554 1331 586 nostro
1345 550 1562 587 refelluntur.

386 610 473 655 Pag.
487 609 544 644 47.
567 606 728 655 Ἔνδημία
742 608 910 654 Χριστοῦ.]
932 608 1028 651 Quae
1043 608 1100 643 hic
1116 608 1160 643 ab
1174 606 1369 654 Epiphanio
1385 607 1427 643 de
1439 608 1630 644 Salvatoris
1647 611 1736 650 ortu,
1751 617 1856 643 cuna·

298 667 388 702 bulis
405 678 446 702 ac
461 669 637 713 postremo
653 665 816 712 passione
831 665 1009 709 dicuntur,
1025 677 1089 701 nec
1105 677 1176 700 non
1192 668 1228 700 et
1242 665 1284 700 de
1299 665 1451 714 Augusti
1464 668 1568 711 atque
1582 664 1728 700 Herodis
1744 664 1857 707 annis,

298 724 526 770 opportunius
543 722 587 757 ad
602 722 773 767 haeresim
787 734 836 759 u.
852 723 1080 770 explicantur.
1114 722 1181 757 Ubi
1203 722 1245 757 de
1268 733 1361 757 anno
1383 722 1549 758 dominici
1570 721 1696 757 natalis
1721 732 1762 757 ac
1777 731 1858 768 pas·

298 782 423 825 sionis,
439 791 479 816 ac
493 780 654 827 reliquis,
669 790 760 827 quae
775 780 899 816 eodem
913 784 1088 827 spectant,
1105 779 1280 826 agendum
1295 779 1360 815 erit
1373 779 1542 826 pluribus.

523 883 584 920 AD
607 883 842 920 HAERESIM
862 883 983 927 XXI„
1016 882 1136 926 QUAE
1158 882 1243 918 EST
1267 863 1630 918 SIMONIANORUM.

387 953 431 990 N.
450 965 473 988 ι.
496 953 646 1000 Σίμωνος
662 952 698 987 δὲ
714 952 860 1000 γίνεται.]
875 952 962 989 Vide
977 952 1150 987 Iustinum
1165 952 1315 998 Apolog.
1331 963 1380 995 11.,
1395 951 1578 986 Irenaeum
1591 951 1652 986 lib.
1667 962 1690 986 1.
1702 961 1776 998 cap.
1785 962 1856 995 xx„

296 1010 474 1053 Philastr„
489 1011 744 1057 Augustinum,
767 1001 1032 1053 Theodoretum‚
1050 1009 1217 1045 clement.
1231 1008 1420 1048 Alexandr.
1437 1020 1476 1044 ιι.
1497 1008 1644 1052 Stram„
1666 1007 1858 1044 Eusebium

296 1069 357 1103 lib.
373 1080 411 1103 ιι.
427 1068 516 1104 Hist.
533 1078 610 1114 cap.
625 1079 692 1111 xa,
713 1067 876 1114 Niceph.‚
898 1066 990 1102 Ruff.
1007 1070 1043 1101 et
1057 1067 1156 1102 alios.
1196 1066 1266 1102 Sed
1281 1066 1408 1101 mirum
1425 1069 1493 1109 est,
1522 1065 1614 1113 quod
1633 1066 1671 1101 in
1685 1066 1779 1101 calce
1793 1076 1855 1103 vu.

297 1125 426 1160 Strom.
442 1125 602 1160 Clemens
626 1125 752 1160 asserit
766 1124 945 1160 Simonem
961 1124 1139 1159 Marcione
1158 1124 1386 1170 posteriorem
1407 1123 1527 1159 fuisse.
1558 1122 1628 1158 Ubi
1642 1122 1857 1159 Catholicam

295 1183 488 1218 Ecclesiam
514 1182 718 1218 haeresibus
744 1182 916 1217 universis
943 1185 1056 1217 aetate
1083 1181 1298 1227 superiorem
1324 1191 1402 1216 esse
1418 1180 1574 1224 doeens,
1601 1178 1704 1214 Κάτω
1727 1179 1764 1214 δὲ
1784 1179 1858 1228 περὶ

295 1242 355 1274 τοῦ
371 1238 543 1287 Ἀδριανοῦ
567 1243 626 1274 τοῦ
648 1238 808 1285 βασιλέως
829 1239 970 1285 χρόνους
986 1237 1017 1272 οἱ
1031 1237 1087 1279 τὰς
1104 1237 1237 1284 αἱρέσεις
1253 1237 1478 1282 ἐπινοήσαντες
1493 1238 1666 1284 γεγόνασι,
1689 1237 1743 1272 καὶ
1759 1237 1857 1284 μέχρι

296 1310 333 1345 γε
349 1300 405 1341 τῆς
422 1296 614 1331 Ἀντωνίνου
631 1299 690 1331 τοῦ
707 1296 924 1342 πρεσβυτέρου
941 1295 1092 1330 διέτειναν
1107 1294 1244 1339 ἡλικίας.
1277 1295 1368 1330 Τιιιιι
1382 1294 1560 1330 Basiliden
1582 1298 1618 1330 et
1631 1295 1858 1331 Valentinum

296 1358 485 1390 enumerat.
506 1355 662 1399 Moxque
679 1353 835 1388 subiicit:
863 1353 1020 1400 Μαρκίων
1036 1352 1099 1399 γὰρ
1116 1351 1200 1386 κατὰ
1215 1350 1316 1396 αὐτὴν
1333 1351 1433 1397 αὐτὴν
1456 1353 1524 1392 τοῖς
1540 1350 1668 1396 ἡλικίαν
1683 1353 1855 1398 γενόμενος

296 1410 341 1452 ὡς
358 1411 539 1458 πρεσβύτης
555 1410 723 1457 νεωτέροις
740 1409 935 1456 συνεγένετο.
959 1407 1040 1444 Μεθ’
1054 1407 1090 1443 ὃν
1099 1408 1210 1455 Σίμων
1227 1407 1278 1443 ἐπ’
1291 1405 1404 1456 ὀλίγον
1423 1409 1643 1456 κηρύσσοντος
1655 1411 1713 1443 τοῦ
1730 1408 1855 1455 Πέτρου

296 1468 488 1512 ὑπήκουσεν.
512 1468 605 1514 Ergo
622 1467 746 1503 Simon
761 1467 938 1502 Marcione
959 1466 1130 1513 posterior
1151 1469 1228 1501 est?
1251 1466 1458 1502 Manifestus
1474 1467 1592 1512 itaque
1612 1475 1707 1502 error
1721 1469 1786 1501 est.
1810 1465 1857 1501 Ut

296 1530 332 1561 et
346 1526 433 1561 illud
457 1525 549 1571 quod
571 1525 708 1568 scribit,
736 1523 927 1559 haereticos
952 1535 1072 1559 omnes
1088 1524 1154 1559 sub
1169 1523 1314 1559 Adriani
1335 1524 1493 1559 extitisse
1512 1527 1679 1570 tempora.
1711 1523 1856 1560 Constat

294 1584 388 1618 enim
412 1582 593 1618 Simonem
615 1582 753 1617 vivente
775 1580 888 1616 adhuc
901 1581 1002 1616 Petro
1025 1581 1091 1616 sub
1112 1580 1250 1617 Nerone
1275 1584 1454 1616 mortuum
1474 1591 1562 1617 esse.
1606 1580 1676 1617 Sed
1698 1580 1856 1627 quidest

295 1640 388 1687 quod
410 1640 503 1675 idem
519 1640 627 1676 Clem.
649 1639 778 1675 Strom.
803 1651 841 1676 ιι.
863 1638 906 1674 de
921 1638 1133 1674 Simonianis
1155 1639 1303 1685 loquens
1325 1638 1368 1673 iis
1390 1638 1504 1674 verbis
1527 1638 1728 1684 significat?
1762 1636 1804 1673 Οἱ
1819 1637 1855 1673 δὲ

295 1696 379 1744 ἀμφὶ
397 1709 454 1731 τον
471 1698 607 1744 Σίμωνα
622 1700 672 1743 τῷ
689 1695 816 1741 ἑστῶτι,
834 1695 870 1730 ὅν
883 1695 1044 1742 σέβουσιν,
1059 1694 1288 1743 ἐξομοιοῦσθαι
1299 1695 1422 1742 τρόπον
1439 1694 1623 1742 βούλονται.
1653 1695 1708 1731 An
1723 1698 1854 1731 stantes

294 1756 462 1791 orabant?
479 1759 540 1790 aut
556 1755 734 1801 quippiam
749 1754 843 1789 aliud
857 1753 902 1788 ad
917 1764 998 1789 eum
1013 1753 1157 1789 modum
1171 1753 1348 1799 agebant?

383 1811 467 1847 ’Ano
485 1812 636 1856 Γιτθῶν.]
668 1811 921 1858 8ῐορ1ι.1ίττα,
939 1810 1034 1851 πόλις
1050 1810 1277 1854 Παλαιστίνης.
1301 1809 1465 1856 Πολύβιος
1480 1808 1700 1856 ἑκκαιδεκάτῳ
1718 1809 1767 1848 το
1773 1808 1854 1845 ἐθνι-
1885 1838 1887 1840 .

294 1869 352 1904 κὀν
369 1869 527 1910 Γιτταῖος.
560 1869 613 1904 Ita
629 1873 664 1904 et
677 1869 833 1904 Iustinus
849 1868 949 1914 Apol.
966 1868 998 1903 2.
1013 1867 1183 1903 Theodor.
1199 1867 1333 1903 Γιτθῶν

385 1926 606 1973 Λογισάμενος
622 1925 765 1970 affictum]
798 1925 1042 1972 Expungenda
1062 1937 1132 1961 vox
1155 1924 1289 1971 δώσειν,
1318 1927 1422 1972 atque
1443 1925 1494 1961 ita
1517 1925 1679 1972 deinceps
1700 1925 1852 1962 scriben-

293 1983 392 2019 dum.
417 1982 632 2030 λογισάμενος
648 1982 776 2027 πολλὴν
794 1981 834 2027 δὴ
847 1981 916 2017 ἀντὶ
932 1979 1058 2029 ὀλίγου.
1075 1982 1152 2018 Nisi
1164 1986 1300 2018 retenta
1314 1993 1399 2018 voce
1415 1981 1530 2018 δώσειν
1542 1993 1666 2019 sensus
1677 1983 1736 2018 ille
1748 1993 1852 2030 quem

293 2041 531 2088 expressimus
545 2040 660 2086 magis
676 2039 836 2075 arrideat.

384 2097 427 2133 N.
444 2110 466 2133 ι.
497 2097 579 2132 ‘Ano
595 2099 652 2142 τῆς
675 2095 708 2131 ἐν
732 2099 771 2141 τῆ
789 2096 935 2144 μαγείᾳ.]
967 2097 1056 2132 Ηίιιο
1079 2096 1275 2133 Simoniani
1296 2108 1418 2133 omnes
1438 2098 1546 2144 magi.
1591 2097 1773 2134 Irenaeus·
1804 2097 1854 2134 Et

292 2167 506 2202 quaecunque
518 2162 595 2190 eunt
609 2156 684 2190 aaa
687 2166 857 2201 parerqa
874 2155 970 2201 apud
975 2155 1182 2189 eoumdnoee
1195 2162 1401 2191 exercentur.
1418 2154 1851 2202 Corrigendumperierqae

293 2217 333 2247 ut
346 2212 690 2255 Act.x11‚19.Qu··
705 2218 806 2247 erant
820 2214 958 2247 curiosa
973 2215 1105 2247 sectati.

383 2268 518 2314 Ἑλένην
535 2268 706 2316 τοῦνομα]
743 2268 892 2305 Selenen
909 2272 1034 2305 vocant
1048 2269 1126 2311 alii,
1142 2273 1181 2304 ut
1196 2269 1283 2305 Iren.
1312 2270 1334 2307 l
1352 2281 1374 2305 1.
1397 2280 1469 2317 cap.
1487 2281 1545 2307 xx.
1550 2270 1742 2317 (styx-illus,
1759 2270 1849 2318 Aug.

293 2332 328 2362 et
343 2327 412 2364 alii.
435 2327 522 2363 Vide
536 2326 667 2363 Tertul.
691 2326 713 2361 l.
729 2326 771 2361 de
787 2326 852 2362 An.
868 2337 899 2362 c.
914 2326 970 2361 34.

383 2383 428 2419 ἸΙ
447 2384 499 2419 καὶ
516 2383 723 2432 Προῦνικος.]
748 2383 869 2419 Dicam
887 2383 927 2419 de
941 2394 983 2419 ea
998 2394 1081 2419 voce
1097 2383 1141 2419 ad
1156 2383 1404 2421 Nicolaitarum
1420 2384 1553 2421 haeresi
1593 2411 1601 2421 .

384 2440 546 2490 Βαρβηρὼ
561 2440 636 2486 ἤτοι
649 2440 839 2489 Βαρβηλώ.]
864 2440 1011 2487 Syriaca
1026 2452 1095 2477 vox
1112 2452 1188 2477 esse
1205 2442 1340 2478 videtur
1355 2442 1504 2478 Barbelo
1522 2447 1553 2483 κ
1586 2446 1646 2486 372
1662 2447 1740 2487 ῆι,
1755 2443 1849 2479 filius

293 2498 451 2542 Bahalis,
472 2499 506 2535 id
531 2503 584 2535 est
605 2499 710 2536 Iovis.
747 2498 791 2534 Ut
814 2499 908 2534 enim
922 2498 1074 2535 Verbum
1099 2500 1232 2535 aeterni
1245 2498 1357 2535 Patris
1380 2499 1507 2543 Filius,
1534 2500 1583 2535 sic
1605 2501 1762 2548 impurus
1783 2500 1850 2536 iste

294 2555 444 2592 Ἔννοιαν
460 2567 560 2592 snam
570 2582 580 2599 ‚
602 2555 668 2592 hoc
683 2560 740 2592 est
754 2556 922 2592 Helenam
932 2582 942 2600 ,
962 2555 1074 2592 videri
1096 2557 1205 2592 voluit
1219 2557 1314 2593 velut
1328 2556 1438 2593 fetum
1453 2556 1628 2604 quendam
1643 2568 1720 2594 esse
1734 2567 1850 2602 suum,

293 2619 331 2650 ut
346 2614 498 2650 lustinus
514 2618 647 2658 narrat,
669 2612 726 2659 τὴν
744 2611 799 2648 ὑπ’
816 2613 908 2661 αὐτῷ
925 2611 1076 2649 Ἔννοιαν
1093 2613 1226 2662 πρώτην
1241 2613 1426 2662 γινομένην.

383 2670 436 2712 Εἰς
453 2671 694 2719 συλαγωγίαν.]
730 2671 783 2707 lta
805 2683 850 2707 ex
874 2671 960 2718 [ὣς.
985 2670 1069 2708 eod.
1092 2671 1352 2709 emendavimus
1374 2682 1436 2719 pro
1460 2683 1501 2708 eo
1525 2673 1617 2720 quod
1640 2676 1716 2710 erat
1739 2672 1847 2721 ψυχα-

292 2741 427 2775 γωγιαν,

382 2785 422 2822 Ν.
440 2797 491 2825 m.
518 2786 627 2821 Τοῦτο
643 2785 706 2833 γάρ
722 2785 790 2822 ἔστι
806 2786 843 2821 τὸ
860 2786 1112 2835 γιγραμμίνον.]
1137 2787 1229 2825 Text.
1245 2787 1350 2824 Hane
1365 2789 1472 2834 {quur
1487 2799 1559 2823 esee
1571 2800 1662 2824 ocem
1672 2790 1846 2835 perditam

293 2845 342 2878 ad
355 2857 454 2889 quam
471 2845 683 2880 descenderit
692 2850 798 2891 pater
811 2856 970 2887 summae,
985 2844 1100 2881 Simon
1115 2847 1262 2888 scilicet,
1279 2851 1341 2881 etc.

382 2900 423 2937 N.
442 2913 487 2937 ιν.
516 2899 687 2948 Ὀνόματα
698 2901 741 2936 ed
754 2913 824 2936 τινα
841 2899 858 2937 ὁ
876 2900 1002 2947 αὐτός.)
1040 2902 1132 2939 Tert.
1147 2902 1190 2939 de
1203 2902 1356 2940 Pmnor.
1379 2913 1408 2938 c.
1424 2902 1483 2938 882
1499 2902 1720 2939 ›Simon-‘anae
1737 2910 1845 2941 autem

291 2960 427 3004 ’παρίοι
451 2959 636 3005 disciplina
660 2961 793 3004 unqe-tio
812 2962 961 2995 εενινίεηε
981 2963 1093 3007 utique
1108 2966 1141 2997 et
1159 2963 1239 3008 ἅμα
1258 2963 1347 2996 inter
1365 2960 1585 2996 idololatrias
1608 2962 1845 3008 deputabatur,

291 3021 323 3050 et
345 3028 368 3050 a
385 3014 486 3051 Petro
509 3017 659 3062 aponalo
686 3018 723 3050 in
744 3019 818 3063 ipso
837 3016 970 3052 Simone
994 3018 1233 3055 damnabatur.
1279 3017 1374 3053 naec
1395 3021 1449 3052 ent
1471 3018 1677 3065 angelorum
1701 3018 1844 3067 λατρεία,

291 3073 519 3121 qumuagi·
535 3074 699 3110 unitatem
715 3085 791 3110 ene
807 3074 907 3111 docet
923 3074 1030 3111 Glem.
1047 3075 1146 3111 Alex.
1157 3074 1215 3111 111.
1231 3073 1359 3112 strom.
1376 3072 1505 3120 Ἀμέλει
1522 3075 1575 3111 διὰ
1592 3075 1762 3123 φροντίδος
1778 3074 1845 3112 ἐστὶ
