2008 3294
1578 176 1719 216 XXXV

160 263 265 331 οξτο
288 264 498 332 senibus
526 283 647 325 aar:
670 284 740 325 *w
767 271 947 323 *affl
959 258 1101 330 seb-:³³
1124 282 1285 343 mem
1308 284 1377 325 ἰν
1399 283 1560 341 ’,ποια-ι
1586 262 1717 329 ⁸5³³:

159 340 232 376 Hoc
249 345 317 376 est:
334 338 522 387 παρελθέτω
538 338 729 380 ταπείνωσις
745 337 781 374 ἐκ
797 338 946 387 πατέρων
962 350 1045 385 μου,
1067 340 1123 383 τῆς
1140 338 1350 385 δολιότητος,
1367 341 1424 383 τῆς
1441 337 1718 382 καταπατησάσης

161 396 280 441 αὐτοὺ,
309 397 364 432 καὶ
390 397 509 437 πόνους
539 396 831 440 καταπατήσαντος
852 388 990 439 αὖτοὺς,
1017 397 1074 439 τῆς
1097 394 1289 439 δολιότητος
1312 394 1348 430 ἐκ
1376 395 1526 442 πατέρων
1548 399 1632 442 μου,
1661 398 1718 439 τῆς

159 453 384 494 ταπεινώσεως
399 455 456 498 τῆς
472 452 716 501 παρελθούσης,
739 452 771 488 ἐν
794 451 966 500 ἀποστολῇ
989 451 1196 492 τιλειώσεως·
1242 453 1311 488 Ubi
1332 453 1502 488 nonnulla
1520 453 1718 488 necessario

159 511 469 554 commutavimus,
490 510 584 557 quod
606 511 707 546 aliter
729 510 892 547 extricari
913 509 1086 546 sententia
1106 521 1178 544 nou
1200 513 1347 556 poterat.
1394 510 1465 546 Sed
1485 510 1657 557 imprimis
1679 509 1718 544 rb

159 567 298 614 νωχιλὲ,
319 567 413 615 quod
433 566 620 614 κατάκρισιν
636 569 732 604 nullo
753 567 858 604 modo
881 566 1068 614 signifieat.
1113 566 1190 602 Nisi
1211 567 1295 612 quid
1316 567 1432 614 aptius
1454 578 1496 603 ac
1510 567 1636 603 melius
1652 567 1719 602 He-

159 624 298 660 braicae
307 625 449 672 linguae
458 625 640 672 peritiores
646 626 846 673 repererint,
862 624 956 673 quod
963 635 1036 660 non
1048 623 1282 670 desperamus
1299 624 1346 659 At
1354 624 1510 671 Scaliger
1523 624 1601 660 loco
1615 624 1719 660 citato

158 682 292 718 nullam
313 682 351 718 in
370 682 440 717 ista
457 682 642 718 verborum
657 683 884 730 conceptione
903 681 1070 729 precandi
1089 681 1277 716 formulam
1296 682 1410 716 inesse
1432 685 1550 728 putat,
1572 681 1634 716 sed
1648 685 1719 717 tres

160 738 294 786 γνώμας
314 749 356 775 ac
370 739 619 786 magistrorum
634 740 836 776 sententias.
873 739 990 775 Prima
1010 742 1063 774 ent
1091 718 1223 788 κᾶν»
1248 741 1372 779 uta-¹72
1396 743 1465 781 *w
1490 743 1631 783 5:3⁷2,
1654 738 1720 776 hoc

160 799 215 831 est
229 796 522 844 ταπεινοφροσύνης
539 797 764 844 παρελθούσης
781 796 852 832 ὗπει
870 794 983 844 άγεται
1006 795 1175 839 δολιότηςε
1213 795 1280 836 Qm·
1295 795 1515 830 humilitatem
1533 797 1720 839 abdicavit,

159 865 263 900 saepe
277 845 331 900 ‘fit
341 854 596 900 fraudulentus.
643 853 805 890 Secunda
835 857 867 895 ιι
899 857 967 895 ⁸2³
997 853 1151 894 numu-e
1181 855 1250 894 ἐν
1274 852 1428 893 ΝΜ
1458 857 1720 893 καταπατοῦντες

163 909 274 945 πενίαν
290 913 516 945 καταπατοῦσι
538 910 732 956 δολιότηται
767 911 837 952 ραι·
851 911 1053 947 conculcant
1060 914 1320 959 paupertatem,
1336 911 1539 944 canende-ant
1543 912 1719 955 fraudem.

158 967 276 1004 Tertia
286 966 436 1015 denique
451 949 557 1018 nbffl
572 971 664 1011 *0237
678 971 748 1012 *w
763 971 903 1010 &mm
921 957 1167 1011 ὗπειςιλθῶὴς
1179 967 1409 1010 ταπεινότητος
1423 966 1532 1013 ᾤχετο
1546 965 1719 1013 ἀσπασμός

163 1025 232 1066 Qm·
245 1037 287 1060 ex
301 1026 406 1060 divite
418 1037 554 1072 pauper
559 1029 682 1072 factm
697 1032 760 1069 est,
781 1038 848 1062 non
867 1026 1024 1060 salvam·
1042 1031 1084 1060 ue
1103 1030 1192 1060 ante.
1223 1023 1395 1067 Quocirca
1414 1024 1459 1059 ab
1474 1024 1632 1059 Hebraeo
1649 1025 1720 1068 illo,

159 1092 267 1129 quem
279 1081 495 1130 Epiphanius
511 1083 750 1128 consuluerat,
764 1082 887 1119 fucum
901 1093 979 1118 esse
993 1081 1128 1118 sactum
1142 1082 1331 1118 existimat.
1362 1081 1415 1117 De
1431 1092 1501 1128 qua
1515 1092 1553 1116 re
1569 1082 1720 1128 amplius

158 1138 356 1176 videndum.
393 1139 549 1188 Apparet
569 1144 688 1176 autem
707 1140 746 1176 iu
766 1140 882 1188 priore
895 1139 1086 1183 sententia,
1108 1150 1215 1187 quarn
1229 1138 1446 1186 Epiphanius
1461 1140 1624 1186 exponit,
1640 1143 1721 1174 ante

159 1176 265 1246 abu:
291 1196 414 1234 deesse
438 1197 668 1242 vocabulum,
702 1197 796 1246 quod
826 1196 886 1243 τὴν
913 1194 1103 1242 ἀποστολὴν
1129 1196 1323 1244 significet3
1350 1208 1414 1244 pro
1442 1207 1512 1244 quo
1540 1177 1721 1246 mrt'bu:

159 1253 416 1292 substituimus.

534 1346 596 1384 AD
617 1345 849 1385 HAERESIM
869 1346 953 1384 XX.
974 1345 1350 1384 HERODIANORUM.

248 1426 483 1472 Herediauos,
498 1437 648 1474 quorum
661 1427 699 1464 in
713 1428 896 1475 evangelio
911 1428 1043 1464 mentio
1059 1431 1130 1471 est,
1145 1427 1207 1463 alii
1221 1428 1266 1463 ab
1280 1426 1417 1463 Herode
1431 1427 1565 1474 Magno
1574 1453 1583 1470 ,
1599 1426 1661 1463 alii
1676 1426 1720 1463 ab

159 1483 238 1520 eius
249 1484 323 1520 mio
337 1484 472 1520 Herode
487 1484 616 1532 Antipa
629 1485 827 1522 nominatos
842 1485 1059 1522 existimant.
1095 1485 1250 1520 Priorem
1273 1485 1482 1520 sententiam
1503 1488 1620 1520 tuetur
1640 1485 1722 1531 Epi·

159 1541 327 1590 phanias,
342 1541 404 1589 qui
417 1545 454 1578 et
463 1541 737 1579 Herodianorum
753 1547 884 1579 sectam
899 1553 941 1578 ae
955 1543 1085 1590 dogma
1096 1542 1236 1589 copiose
1247 1543 1478 1589 persequitur.
1503 1542 1592 1578 Cum
1603 1547 1722 1577 autem
1777 1570 1784 1578 .
1831 1569 1839 1578 .

159 1599 205 1635 de
230 1599 367 1635 Herode
394 1599 506 1647 deque
531 1599 740 1636 Herodianis
767 1600 1030 1636 accuratissime
1067 1599 1368 1647 eruditissimeque
1397 1599 1573 1636 Serrarius
1603 1604 1722 1635 noster

159 1657 328 1704 peculiari
340 1657 378 1692 in
394 1667 496 1704 opere
511 1656 756 1704 disputaverit,
776 1668 891 1705 neque
906 1658 1095 1704 quicquam
1117 1657 1210 1704 quod
1226 1668 1268 1693 eo
1282 1658 1472 1704 pertineret
1484 1658 1655 1693 intactum
1670 1658 1722 1692 in-

160 1714 362 1762 dictumque
381 1714 575 1761 reliquerit,
597 1725 851 1762 supervacuum
871 1715 1116 1751 existimamus
1138 1715 1284 1750 verbum
1306 1715 1458 1762 amplius
1484 1715 1596 1750 ullum
1617 1726 1722 1762 super

160 1781 204 1807 ea
225 1782 264 1807 re
277 1771 412 1815 facere,
435 1782 517 1807 cum
533 1771 578 1807 ad
592 1782 738 1808 manum
754 1772 801 1807 sit
815 1772 905 1808 liber
918 1772 977 1808 ille
992 1772 1030 1808 in
1046 1783 1115 1819 quo
1131 1771 1174 1807 de
1189 1772 1336 1808 Herodis
1351 1783 1497 1819 genere,
1514 1772 1721 1815 conditione,

159 1829 272 1876 deque
286 1828 493 1865 Herodianis
510 1839 551 1864 ac
566 1829 730 1872 caeteris,
746 1839 836 1876 quae
851 1829 1010 1865 hocloco
1027 1829 1144 1876 attigit
1157 1827 1391 1876 Epiphanius,
1407 1829 1592 1876 diligenter
1607 1829 1721 1877 expli·

163 1885 272 1930 eavit,
288 1896 328 1922 ac
343 1885 513 1933 Scaligeri
527 1884 746 1921 ἀναπόδεικτα
761 1886 804 1922 de
819 1886 954 1923 Herode
970 1887 1108 1922 somnia
1120 1886 1336 1922 validissime
1351 1887 1527 1924 refutavit.

250 1941 385 1987 Ἐπιιδή
399 1954 461 1990 περ
473 1941 492 1978 ὁ
508 1941 659 1990 Ἡρώδης
675 1942 768 1990 υἱός]
807 1943 860 1980 De
874 1943 1021 1980 Herodis
1041 1947 1184 1990 parente
1200 1954 1336 1990 avoque
1355 1955 1377 1979 a
1397 1943 1545 1992 Iosepho
1561 1944 1722 1986 dissenti-

159 2002 224 2036 unt
237 1999 442 2044 Africanus,
462 1999 653 2044 Eusebius,
675 1999 907 2048 Epiphanius,
932 2001 1060 2048 aliique
1075 2001 1196 2037 Patres
1218 2011 1351 2039 omnes.
1389 2001 1529 2037 Etenim
1548 2002 1607 2036 ille
1623 2003 1721 2037 Anti·

159 2060 299 2105 patrum
313 2057 518 2094 Idumaeum
532 2057 683 2094 Herodis
695 2061 830 2106 patrem
845 2058 1075 2106 praedivitem
1090 2069 1132 2094 ac
1145 2062 1324 2106 potentem
1339 2059 1448 2095 fuisse
1463 2060 1598 2103 scribit,
1615 2070 1721 2094 avum

159 2117 278 2152 autem
296 2114 463 2163 Autipam
486 2114 672 2152 Idumaeae
698 2115 743 2150 ab
769 2115 968 2152 Alexandro
994 2126 1079 2163 rege
1105 2116 1354 2163 praepositum.
1397 2117 1444 2152 At
1468 2116 1588 2152 Patres
1616 2128 1720 2152 avum

158 2171 304 2209 Herodis
319 2175 355 2208 et
366 2175 549 2220 parentem
563 2172 830 2209 obscurissimos
847 2184 888 2210 ac
902 2173 1142 2221 pauperrimos
1163 2174 1323 2209 extitisse
1338 2179 1535 2210 memorant
1544 2201 1553 2217 ,
1580 2178 1620 2208 ut
1641 2185 1722 2209 cum

157 2229 359 2276 Antipater,
375 2240 399 2265 a
412 2240 481 2277 quo
496 2230 650 2267 Herodes
665 2230 807 2278 genitus
823 2234 894 2275 est,
915 2234 1040 2278 captus
1055 2231 1101 2266 ab
1116 2231 1292 2267 Idumaeis
1309 2235 1418 2275 esset,
1442 2231 1565 2266 redimi
1581 2242 1603 2265 a
1624 2235 1723 2277 patre

159 2298 224 2323 suo
239 2289 381 2334 propter
394 2286 551 2334 inopiam
563 2287 708 2324 minime
722 2288 884 2335 potuerit.
911 2288 964 2325 De
978 2287 1046 2325 hao
1062 2289 1268 2336 quaestione
1282 2289 1426 2324 consule
1441 2299 1531 2335 quae
1546 2288 1722 2324 Serrarius

159 2345 265 2381 citato
279 2345 357 2380 loco
372 2343 524 2381 tradidit.

249 2398 410 2448 Ὕστερον
440 2399 478 2436 Bt
503 2399 658 2448 ἰφιλιώθη
680 2401 893 2449 Δημητρίῳ]
939 2402 1138 2439 Demetrius
1164 2403 1230 2439 iste
1257 2405 1491 2450 cognomento
1513 2401 1673 2450 Εὔκαιρος
1700 2415 1722 2438 a

160 2458 298 2496 Iudaeis
319 2457 519 2499 Alexandro
540 2458 619 2506 regi
637 2469 703 2494 suo
724 2459 871 2495 infensis
897 2459 943 2495 ad
964 2461 1138 2496 auxilium
1158 2464 1304 2496 vocatus
1327 2471 1408 2496 cum
1428 2471 1470 2495 eo
1491 2461 1662 2507 pugnavit
1687 2464 1724 2496 et

158 2515 290 2564 praelio
306 2516 494 2563 superavit.
523 2515 595 2553 Sed
610 2526 691 2552 cum
701 2516 899 2553 Alexander
912 2518 951 2553 in
964 2522 1102 2554 montes
1118 2529 1195 2553 sese
1210 2518 1398 2564 recepisset
1413 2517 1458 2552 ad
1477 2528 1627 2564 eumque
1644 2518 1720 2564 plu-

159 2573 239 2609 rimi
259 2572 527 2616 confluxissent,
553 2574 694 2609 territus
708 2573 905 2610 Demetrius
925 2575 1047 2611 relicta
1066 2575 1196 2610 Iudaea
1218 2578 1339 2610 contra
1360 2573 1558 2622 Philippum
1576 2575 1721 2612 fratrem

159 2630 291 2667 bellum
304 2641 494 2678 aggressus
511 2634 574 2666 est.
603 2630 645 2666 In
657 2642 726 2677 quo
742 2641 766 2666 a
777 2630 914 2667 Parthis
929 2635 1052 2679 captus
1065 2632 1188 2668 morbo
1201 2631 1293 2679 apud
1308 2631 1451 2667 eosdem
1466 2633 1640 2667 extinctus
1656 2636 1719 2668 est.

160 2686 394 2730 Quamobrem
413 2687 502 2724 nihil
517 2699 598 2723 cum
613 2699 654 2723 eo
669 2688 815 2724 Herodis
830 2699 957 2735 parens
973 2690 1154 2736 Antipater
1169 2699 1353 2724 commune
1369 2687 1506 2732 habuit,
1537 2690 1666 2725 nedum
1680 2693 1721 2724 ut

159 2744 206 2780 ab
219 2744 280 2781 illo
294 2743 442 2781 Iudaeae
463 2745 716 2793 praefecturam
737 2745 936 2782 obtinuerit.
965 2746 1013 2781 At
1025 2745 1173 2782 Herodis
1194 2755 1281 2781 avus
1295 2745 1463 2794 Antipas,
1483 2757 1556 2794 quo
1576 2752 1720 2794 parente

159 2804 264 2838 uatus
286 2805 341 2838 est
354 2802 550 2850 Antipater,
577 2802 776 2840 Alexandro
797 2802 875 2849 regi
905 2813 1068 2850 percarus
1089 2803 1134 2838 ab
1156 2813 1268 2850 eoque
1293 2802 1478 2839 Idumaeae
1498 2805 1719 2851 praepositus

160 2862 230 2902 est,
244 2862 366 2894 autore
378 2859 526 2908 Iosepho
540 2861 601 2896 lib.
616 2872 687 2897 xiv.
705 2870 780 2906 cap.
793 2870 831 2896 ιι.
846 2859 1074 2907 Suspicamur
1086 2860 1205 2907 itaque
1218 2860 1453 2908 multipliciter
1467 2860 1718 2897 hallucinatum

159 2915 411 2963 Epiphauium3
431 2918 585 2964 primum
607 2917 701 2965 quod
715 2917 930 2952 Demetrium
945 2928 1008 2964 pro
1023 2917 1222 2953 Alexandro
1242 2918 1416 2965 posuerit;
1446 2922 1522 2954 tum
1543 2919 1636 2965 quod
1651 2919 1718 2954 He·

159 2973 254 3010 rodis
274 2977 454 3020 parentem
473 2986 538 3022 pro
558 2986 643 3019 avo,
669 2974 833 3011 Iudaeam
852 2985 916 3022 pro
935 2974 1102 3010 Idumaea
1115 2974 1316 3022 imprudens
1330 2977 1557 3023 usurpaverit.
1589 2976 1718 3018 Quam-

160 3032 214 3068 vis
244 3031 338 3078 quod
362 3031 407 3068 ad
431 3032 688 3079 praefecturam
712 3032 861 3075 attinet„
882 3031 966 3069 alibi
987 3043 1092 3079 saepe
1117 3032 1339 3080 Antipatrum
1360 3033 1510 3070 Herodis
1538 3037 1718 3080 parentem

1396 3101 1449 3140 0.
