<?xml version="1.0" encoding="UTF-8"?>
<!DOCTYPE html PUBLIC "-//W3C//DTD XHTML 1.0 Transitional//EN"
    "http://www.w3.org/TR/xhtml1/DTD/xhtml1-transitional.dtd">
<html xmlns="http://www.w3.org/1999/xhtml" xml:lang="en" lang="en">
 <head>
  <title>
</title>
<meta http-equiv="Content-Type" content="text/html;charset=utf-8" />
  <meta name='ocr-system' content='tesseract 3.04.00' />
  <meta name='ocr-capabilities' content='ocr_page ocr_carea ocr_par ocr_line ocrx_word'/>
</head>
<body>
  <div class='ocr_page' id='page_1' title='image "./corporishaereseo03epip_0295.png"; bbox 0 0 2008 3294; ppageno 0'>
   <div class='ocr_carea' id='block_1_1' title="bbox 1590 175 1743 212">
    <p class='ocr_par' dir='ltr' id='par_1_1' title="bbox 1590 175 1743 212">
     <span class='ocr_line' id='line_1_1' title="bbox 1590 175 1743 212; baseline -0.007 0"><span class='ocrx_word' id='word_1_1' title='bbox 1590 175 1743 212; x_wconf 84' lang='lat' dir='ltr'>CLXVII</span> 
     </span>
    </p>
   </div>
   <div class='ocr_carea' id='block_1_2' title="bbox 184 278 1877 3010">
    <p class='ocr_par' dir='ltr' id='par_1_2' title="bbox 184 278 1877 2097">
     <span class='ocr_line' id='line_1_2' title="bbox 196 278 1743 330; baseline -0.003 -11"><span class='ocrx_word' id='word_1_2' title='bbox 196 283 237 319; x_wconf 91' lang='lat' dir='ltr'><strong>de</strong></span> <span class='ocrx_word' id='word_1_3' title='bbox 254 284 322 319; x_wconf 91' lang='lat' dir='ltr'><strong>diei</strong></span> <span class='ocrx_word' id='word_1_4' title='bbox 337 283 476 320; x_wconf 89' lang='lat' dir='ltr'><strong>Iudaico</strong></span> <span class='ocrx_word' id='word_1_5' title='bbox 492 283 677 330; x_wconf 86' lang='lat' dir='ltr'><strong>principio,</strong></span> <span class='ocrx_word' id='word_1_6' title='bbox 699 283 771 318; x_wconf 81' lang='lat' dir='ltr'><strong>sive</strong></span> <span class='ocrx_word' id='word_1_7' title='bbox 794 285 894 318; x_wconf 91' lang='lat' dir='ltr'><strong>nocte</strong></span> <span class='ocrx_word' id='word_1_8' title='bbox 916 281 1154 324; x_wconf 70' lang='lat' dir='ltr'><strong>antecedente,</strong></span> <span class='ocrx_word' id='word_1_9' title='bbox 1176 282 1265 316; x_wconf 83' lang='lat' dir='ltr'><strong>solet</strong></span> <span class='ocrx_word' id='word_1_10' title='bbox 1283 280 1452 328; x_wconf 86' lang='lat' dir='ltr'><strong>usurpari.</strong></span> <span class='ocrx_word' id='word_1_11' title='bbox 1482 278 1558 315; x_wconf 87' lang='lat' dir='ltr'><strong>Non</strong></span> <span class='ocrx_word' id='word_1_12' title='bbox 1577 279 1667 326; x_wconf 88' lang='lat' dir='ltr'><strong>quod</strong></span> <span class='ocrx_word' id='word_1_13' title='bbox 1683 280 1743 314; x_wconf 84' lang='lat' dir='ltr'><strong>lux</strong></span> 
     </span>
     <span class='ocr_line' id='line_1_3' title="bbox 195 336 1742 388; baseline -0.004 -12"><span class='ocrx_word' id='word_1_14' title='bbox 195 341 313 388; x_wconf 85' lang='lat' dir='ltr'><strong>aliqua</strong></span> <span class='ocrx_word' id='word_1_15' title='bbox 327 341 399 376; x_wconf 84' lang='lat' dir='ltr'><strong>sive</strong></span> <span class='ocrx_word' id='word_1_16' title='bbox 415 341 533 383; x_wconf 89' lang='lat' dir='ltr'><strong>lunae,</strong></span> <span class='ocrx_word' id='word_1_17' title='bbox 555 340 629 374; x_wconf 87' lang='lat' dir='ltr'><strong>sive</strong></span> <span class='ocrx_word' id='word_1_18' title='bbox 651 340 831 375; x_wconf 83' lang='lat' dir='ltr'><strong>stellarum</strong></span> <span class='ocrx_word' id='word_1_19' title='bbox 853 338 976 374; x_wconf 80' lang='lat' dir='ltr'><strong>saltem</strong></span> <span class='ocrx_word' id='word_1_20' title='bbox 997 338 1109 373; x_wconf 83' lang='lat' dir='ltr'><strong>oriens</strong></span> <span class='ocrx_word' id='word_1_21' title='bbox 1126 341 1300 384; x_wconf 86' lang='lat' dir='ltr'><strong>utcunque</strong></span> <span class='ocrx_word' id='word_1_22' title='bbox 1317 338 1407 373; x_wconf 91' lang='lat' dir='ltr'><strong>diem</strong></span> <span class='ocrx_word' id='word_1_23' title='bbox 1423 337 1628 384; x_wconf 76' lang='lat' dir='ltr'><strong>auspicetur,</strong></span> <span class='ocrx_word' id='word_1_24' title='bbox 1652 336 1742 386; x_wconf 88' lang='lat' dir='ltr'><strong>quod</strong></span> 
     </span>
     <span class='ocr_line' id='line_1_4' title="bbox 195 394 1742 440; baseline -0.003 -7"><span class='ocrx_word' id='word_1_25' title='bbox 195 397 422 434; x_wconf 83' lang='lat' dir='ltr'><strong>Casaubonus</strong></span> <span class='ocrx_word' id='word_1_26' title='bbox 437 397 474 432; x_wconf 89' lang='lat' dir='ltr'><strong>in</strong></span> <span class='ocrx_word' id='word_1_27' title='bbox 488 396 639 432; x_wconf 85' lang='lat' dir='ltr'><strong>Exercit.</strong></span> <span class='ocrx_word' id='word_1_28' title='bbox 655 409 726 433; x_wconf 86' lang='lat' dir='ltr'><strong>xvr.</strong></span> <span class='ocrx_word' id='word_1_29' title='bbox 736 423 745 440; x_wconf 91' lang='lat'><em>‚</em></span> <span class='ocrx_word' id='word_1_30' title='bbox 768 407 864 433; x_wconf 85' lang='lat' dir='ltr'><strong>num.</strong></span> <span class='ocrx_word' id='word_1_31' title='bbox 879 407 938 432; x_wconf 69' lang='grc' dir='ltr'><strong>υ.</strong></span> <span class='ocrx_word' id='word_1_32' title='bbox 951 405 1072 430; x_wconf 79' lang='lat' dir='ltr'><strong>verum</strong></span> <span class='ocrx_word' id='word_1_33' title='bbox 1095 395 1291 438; x_wconf 75' lang='lat' dir='ltr'><strong>existimat;</strong></span> <span class='ocrx_word' id='word_1_34' title='bbox 1313 398 1354 430; x_wconf 90' lang='lat' dir='ltr'><strong>ut</strong></span> <span class='ocrx_word' id='word_1_35' title='bbox 1374 405 1454 430; x_wconf 85' lang='lat' dir='ltr'><strong>cum</strong></span> <span class='ocrx_word' id='word_1_36' title='bbox 1473 394 1588 429; x_wconf 89' lang='lat' dir='ltr'><strong>Lucas</strong></span> <span class='ocrx_word' id='word_1_37' title='bbox 1603 394 1653 428; x_wconf 87' lang='lat' dir='ltr'><strong>ait</strong></span> <span class='ocrx_word' id='word_1_38' title='bbox 1668 404 1742 439; x_wconf 84' lang='lat' dir='ltr'><strong>cap.</strong></span> 
     </span>
     <span class='ocr_line' id='line_1_5' title="bbox 194 448 1743 500; baseline -0.005 -9"><span class='ocrx_word' id='word_1_39' title='bbox 194 467 294 493; x_wconf 79' lang='lat' dir='ltr'><strong>xxm.</strong></span> <span class='ocrx_word' id='word_1_40' title='bbox 304 481 314 498; x_wconf 90' lang='lat'>‚</span> <span class='ocrx_word' id='word_1_41' title='bbox 334 454 397 490; x_wconf 71' lang='lat'><strong>542</strong></span> <span class='ocrx_word' id='word_1_42' title='bbox 420 453 473 488; x_wconf 73' lang='grc' dir='ltr'><strong>καὶ</strong></span> <span class='ocrx_word' id='word_1_43' title='bbox 488 451 653 499; x_wconf 79' lang='grc' dir='ltr'>σάββατον</span> <span class='ocrx_word' id='word_1_44' title='bbox 670 452 858 500; x_wconf 72' lang='grc' dir='ltr'>ἐπέφωσκι,</span> <span class='ocrx_word' id='word_1_45' title='bbox 872 452 930 488; x_wconf 68' lang='lat' dir='ltr'><strong>vsio</strong></span> <span class='ocrx_word' id='word_1_46' title='bbox 943 451 1182 498; x_wconf 84' lang='lat' dir='ltr'><strong>accipiendum</strong></span> <span class='ocrx_word' id='word_1_47' title='bbox 1198 452 1244 487; x_wconf 89' lang='lat' dir='ltr'><strong>sit</strong></span> <span class='ocrx_word' id='word_1_48' title='bbox 1264 455 1303 486; x_wconf 88' lang='lat' dir='ltr'><strong>ut</strong></span> <span class='ocrx_word' id='word_1_49' title='bbox 1318 452 1348 486; x_wconf 91' lang='lat' dir='ltr'><strong>si</strong></span> <span class='ocrx_word' id='word_1_50' title='bbox 1364 451 1525 493; x_wconf 74' lang='lat' dir='ltr'><strong>dixisset,</strong></span> <span class='ocrx_word' id='word_1_51' title='bbox 1548 450 1602 486; x_wconf 70' lang='grc' dir='ltr'><strong>καὶ</strong></span> <span class='ocrx_word' id='word_1_52' title='bbox 1616 448 1743 495; x_wconf 73' lang='grc' dir='ltr'><strong>ἐπέφω-</strong></span> 
     </span>
     <span class='ocr_line' id='line_1_6' title="bbox 195 507 1743 557; baseline -0.003 -11"><span class='ocrx_word' id='word_1_53' title='bbox 195 522 269 546; x_wconf 81' lang='grc' dir='ltr'>σκεν</span> <span class='ocrx_word' id='word_1_54' title='bbox 285 510 306 556; x_wconf 80' lang='grc' dir='ltr'><strong>ἦ</strong></span> <span class='ocrx_word' id='word_1_55' title='bbox 323 510 440 555; x_wconf 75' lang='grc' dir='ltr'>σιλήνη</span> <span class='ocrx_word' id='word_1_56' title='bbox 455 509 477 554; x_wconf 79' lang='grc' dir='ltr'><strong>ἢ</strong></span> <span class='ocrx_word' id='word_1_57' title='bbox 493 507 620 557; x_wconf 79' lang='grc' dir='ltr'>ἄγουσα</span> <span class='ocrx_word' id='word_1_58' title='bbox 636 509 673 544; x_wconf 76' lang='lat' dir='ltr'><strong>rb</strong></span> <span class='ocrx_word' id='word_1_59' title='bbox 692 509 867 556; x_wconf 78' lang='grc' dir='ltr'><strong>σάββατον.</strong></span> <span class='ocrx_word' id='word_1_60' title='bbox 912 509 1006 545; x_wconf 78' lang='lat' dir='ltr'><strong>Haec</strong></span> <span class='ocrx_word' id='word_1_61' title='bbox 1029 508 1122 543; x_wconf 86' lang='lat' dir='ltr'><strong>enim</strong></span> <span class='ocrx_word' id='word_1_62' title='bbox 1143 509 1316 543; x_wconf 84' lang='lat' dir='ltr'><strong>sententia</strong></span> <span class='ocrx_word' id='word_1_63' title='bbox 1336 508 1556 543; x_wconf 79' lang='lat' dir='ltr'>subabsurda</span> <span class='ocrx_word' id='word_1_64' title='bbox 1577 510 1612 543; x_wconf 90' lang='lat' dir='ltr'><strong>et</strong></span> <span class='ocrx_word' id='word_1_65' title='bbox 1626 518 1743 554; x_wconf 85' lang='lat' dir='ltr'><strong>super-</strong></span> 
     </span>
     <span class='ocr_line' id='line_1_7' title="bbox 194 563 1742 614; baseline -0.003 -11"><span class='ocrx_word' id='word_1_66' title='bbox 194 572 348 604; x_wconf 81' lang='lat' dir='ltr'><strong>vacanea</strong></span> <span class='ocrx_word' id='word_1_67' title='bbox 357 567 501 603; x_wconf 81' lang='lat' dir='ltr'><strong>videtur.</strong></span> <span class='ocrx_word' id='word_1_68' title='bbox 516 567 646 603; x_wconf 87' lang='lat' dir='ltr'><strong>Verum</strong></span> <span class='ocrx_word' id='word_1_69' title='bbox 658 566 860 614; x_wconf 84' lang='lat' dir='ltr'><strong>simpliciter</strong></span> <span class='ocrx_word' id='word_1_70' title='bbox 870 568 907 602; x_wconf 84' lang='lat' dir='ltr'><strong>et</strong></span> <span class='ocrx_word' id='word_1_71' title='bbox 915 565 1011 601; x_wconf 76' lang='lat' dir='ltr'><strong>nullo</strong></span> <span class='ocrx_word' id='word_1_72' title='bbox 1024 565 1091 601; x_wconf 83' lang='lat' dir='ltr'><strong>alio</strong></span> <span class='ocrx_word' id='word_1_73' title='bbox 1104 565 1289 600; x_wconf 83' lang='lat' dir='ltr'><strong>subaudito</strong></span> <span class='ocrx_word' id='word_1_74' title='bbox 1303 563 1494 610; x_wconf 80' lang='grc' dir='ltr'>ἐπιφώσκειν</span> <span class='ocrx_word' id='word_1_75' title='bbox 1507 568 1561 600; x_wconf 86' lang='lat' dir='ltr'><strong>est</strong></span> <span class='ocrx_word' id='word_1_76' title='bbox 1573 570 1742 611; x_wconf 76' lang='lat' dir='ltr'><strong>appetere,</strong></span> 
     </span>
     <span class='ocr_line' id='line_1_8' title="bbox 194 622 1743 668; baseline -0.003 -8"><span class='ocrx_word' id='word_1_77' title='bbox 194 625 249 660; x_wconf 75' lang='lat' dir='ltr'><strong>vel</strong></span> <span class='ocrx_word' id='word_1_78' title='bbox 263 627 368 667; x_wconf 65' lang='lat' dir='ltr'><strong>imre,</strong></span> <span class='ocrx_word' id='word_1_79' title='bbox 385 626 582 660; x_wconf 71' lang='lat' dir='ltr'><strong>adventare.</strong></span> <span class='ocrx_word' id='word_1_80' title='bbox 629 624 701 660; x_wconf 86' lang='lat' dir='ltr'><strong>Hoc</strong></span> <span class='ocrx_word' id='word_1_81' title='bbox 725 628 908 662; x_wconf 52' lang='lat' dir='ltr'><strong>autemst</strong></span> <span class='ocrx_word' id='word_1_82' title='bbox 929 633 970 659; x_wconf 86' lang='lat' dir='ltr'><strong>eo</strong></span> <span class='ocrx_word' id='word_1_83' title='bbox 992 626 1114 658; x_wconf 85' lang='lat' dir='ltr'><strong>natum</strong></span> <span class='ocrx_word' id='word_1_84' title='bbox 1133 622 1280 657; x_wconf 79' lang='lat' dir='ltr'><strong>arbitror</strong></span> <span class='ocrx_word' id='word_1_85' title='bbox 1297 622 1388 668; x_wconf 89' lang='lat' dir='ltr'><strong>quod</strong></span> <span class='ocrx_word' id='word_1_86' title='bbox 1405 633 1485 657; x_wconf 87' lang='lat' dir='ltr'><strong>cum</strong></span> <span class='ocrx_word' id='word_1_87' title='bbox 1500 622 1613 668; x_wconf 87' lang='lat' dir='ltr'><strong>prima</strong></span> <span class='ocrx_word' id='word_1_88' title='bbox 1627 631 1668 656; x_wconf 87' lang='lat' dir='ltr'><strong>ac</strong></span> <span class='ocrx_word' id='word_1_89' title='bbox 1683 631 1743 657; x_wconf 87' lang='lat' dir='ltr'><strong>na-</strong></span> 
     </span>
     <span class='ocr_line' id='line_1_9' title="bbox 193 678 1743 728; baseline -0.003 -12"><span class='ocrx_word' id='word_1_90' title='bbox 193 685 290 718; x_wconf 84' lang='lat' dir='ltr'><strong>turae</strong></span> <span class='ocrx_word' id='word_1_91' title='bbox 304 682 459 717; x_wconf 82' lang='lat' dir='ltr'><strong>maxime</strong></span> <span class='ocrx_word' id='word_1_92' title='bbox 474 684 708 717; x_wconf 84' lang='lat' dir='ltr'><strong>consentanea</strong></span> <span class='ocrx_word' id='word_1_93' title='bbox 720 679 988 728; x_wconf 79' lang='lat' dir='ltr'><strong>dieiappellatio</strong></span> <span class='ocrx_word' id='word_1_94' title='bbox 1004 679 1116 715; x_wconf 88' lang='lat' dir='ltr'><strong>lucem</strong></span> <span class='ocrx_word' id='word_1_95' title='bbox 1132 678 1323 725; x_wconf 81' lang='lat' dir='ltr'><strong>significet,</strong></span> <span class='ocrx_word' id='word_1_96' title='bbox 1340 682 1519 726; x_wconf 83' lang='lat' dir='ltr'><strong>tempusve</strong></span> <span class='ocrx_word' id='word_1_97' title='bbox 1536 679 1579 713; x_wconf 85' lang='lat' dir='ltr'><strong>ab</strong></span> <span class='ocrx_word' id='word_1_98' title='bbox 1596 682 1672 714; x_wconf 88' lang='lat' dir='ltr'><strong>ortu</strong></span> <span class='ocrx_word' id='word_1_99' title='bbox 1688 690 1743 713; x_wconf 90' lang='lat' dir='ltr'><strong>so-</strong></span> 
     </span>
     <span class='ocr_line' id='line_1_10' title="bbox 192 735 1743 786; baseline -0.004 -11"><span class='ocrx_word' id='word_1_100' title='bbox 192 738 236 775; x_wconf 88' lang='lat' dir='ltr'><strong>lis</strong></span> <span class='ocrx_word' id='word_1_101' title='bbox 251 738 295 774; x_wconf 85' lang='lat' dir='ltr'><strong>ad</strong></span> <span class='ocrx_word' id='word_1_102' title='bbox 307 749 484 782; x_wconf 84' lang='lat' dir='ltr'><strong>occasum,</strong></span> <span class='ocrx_word' id='word_1_103' title='bbox 500 739 684 786; x_wconf 80' lang='lat' dir='ltr'><strong>pleraeque</strong></span> <span class='ocrx_word' id='word_1_104' title='bbox 695 742 818 785; x_wconf 80' lang='lat' dir='ltr'><strong>postea</strong></span> <span class='ocrx_word' id='word_1_105' title='bbox 828 737 985 773; x_wconf 74' lang='lat' dir='ltr'><strong>nationes</strong></span> <span class='ocrx_word' id='word_1_106' title='bbox 997 736 1102 771; x_wconf 83' lang='lat' dir='ltr'><strong>variis</strong></span> <span class='ocrx_word' id='word_1_107' title='bbox 1115 740 1311 783; x_wconf 89' lang='lat' dir='ltr'><strong>temporum</strong></span> <span class='ocrx_word' id='word_1_108' title='bbox 1322 736 1429 770; x_wconf 87' lang='lat' dir='ltr'><strong>initiis</strong></span> <span class='ocrx_word' id='word_1_109' title='bbox 1442 735 1639 770; x_wconf 83' lang='lat' dir='ltr'><strong>constitutis</strong></span> <span class='ocrx_word' id='word_1_110' title='bbox 1651 735 1743 770; x_wconf 89' lang='lat' dir='ltr'><strong>diem</strong></span> 
     </span>
     <span class='ocr_line' id='line_1_11' title="bbox 193 792 1743 843; baseline -0.003 -12"><span class='ocrx_word' id='word_1_111' title='bbox 193 794 418 831; x_wconf 88' lang='lat' dir='ltr'><strong>nihilominus</strong></span> <span class='ocrx_word' id='word_1_112' title='bbox 441 796 658 843; x_wconf 85' lang='lat' dir='ltr'><strong>appellarunt</strong></span> <span class='ocrx_word' id='word_1_113' title='bbox 679 795 832 843; x_wconf 79' lang='lat' dir='ltr'><strong>spatium</strong></span> <span class='ocrx_word' id='word_1_114' title='bbox 851 793 938 830; x_wconf 82' lang='lat' dir='ltr'><strong>illud</strong></span> <span class='ocrx_word' id='word_1_115' title='bbox 956 793 1138 840; x_wconf 87' lang='lat' dir='ltr'><strong>temporis,</strong></span> <span class='ocrx_word' id='word_1_116' title='bbox 1161 793 1255 840; x_wconf 89' lang='lat' dir='ltr'><strong>quod</strong></span> <span class='ocrx_word' id='word_1_117' title='bbox 1276 793 1320 827; x_wconf 87' lang='lat' dir='ltr'><strong>ab</strong></span> <span class='ocrx_word' id='word_1_118' title='bbox 1342 803 1384 828; x_wconf 90' lang='lat' dir='ltr'><strong>eo</strong></span> <span class='ocrx_word' id='word_1_119' title='bbox 1407 796 1534 838; x_wconf 90' lang='lat' dir='ltr'><strong>puncto</strong></span> <span class='ocrx_word' id='word_1_120' title='bbox 1563 792 1655 838; x_wconf 89' lang='lat' dir='ltr'><strong>quod</strong></span> <span class='ocrx_word' id='word_1_121' title='bbox 1677 792 1743 827; x_wconf 89' lang='lat' dir='ltr'><strong>sibi</strong></span> 
     </span>
     <span class='ocr_line' id='line_1_12' title="bbox 193 848 1744 900; baseline -0.004 -11"><span class='ocrx_word' id='word_1_122' title='bbox 193 856 385 889; x_wconf 71' lang='lat' dir='ltr'><strong>statuerant</strong></span> <span class='ocrx_word' id='word_1_123' title='bbox 400 853 444 888; x_wconf 88' lang='lat' dir='ltr'><strong>ad</strong></span> <span class='ocrx_word' id='word_1_124' title='bbox 459 852 552 888; x_wconf 88' lang='lat' dir='ltr'><strong>idem</strong></span> <span class='ocrx_word' id='word_1_125' title='bbox 566 856 735 900; x_wconf 86' lang='lat' dir='ltr'><strong>punctum</strong></span> <span class='ocrx_word' id='word_1_126' title='bbox 749 851 946 888; x_wconf 75' lang='lat' dir='ltr'><strong>revolvitur.</strong></span> <span class='ocrx_word' id='word_1_127' title='bbox 970 849 1083 893; x_wconf 84' lang='lat' dir='ltr'><strong>Quare</strong></span> <span class='ocrx_word' id='word_1_128' title='bbox 1101 854 1138 885; x_wconf 89' lang='lat' dir='ltr'><strong>nt</strong></span> <span class='ocrx_word' id='word_1_129' title='bbox 1153 850 1188 885; x_wconf 89' lang='lat' dir='ltr'><strong>in</strong></span> <span class='ocrx_word' id='word_1_130' title='bbox 1205 850 1367 897; x_wconf 84' lang='lat' dir='ltr'><strong>primaria</strong></span> <span class='ocrx_word' id='word_1_131' title='bbox 1383 849 1443 884; x_wconf 87' lang='lat' dir='ltr'><strong>illa</strong></span> <span class='ocrx_word' id='word_1_132' title='bbox 1459 860 1498 884; x_wconf 87' lang='lat' dir='ltr'><strong>ac</strong></span> <span class='ocrx_word' id='word_1_133' title='bbox 1510 850 1661 884; x_wconf 86' lang='lat' dir='ltr'><strong>naturali</strong></span> <span class='ocrx_word' id='word_1_134' title='bbox 1677 848 1744 885; x_wconf 88' lang='lat' dir='ltr'><strong>diei</strong></span> 
     </span>
     <span class='ocr_line' id='line_1_13' title="bbox 184 905 1742 957; baseline -0.004 -12"><span class='ocrx_word' id='word_1_135' title='bbox 184 909 333 950; x_wconf 59' lang='lat' dir='ltr'><strong>,notione</strong></span> <span class='ocrx_word' id='word_1_136' title='bbox 348 907 540 957; x_wconf 76' lang='grc' dir='ltr'>ἐπιφώσκειν</span> <span class='ocrx_word' id='word_1_137' title='bbox 555 909 692 956; x_wconf 87' lang='lat' dir='ltr'><strong>proprie</strong></span> <span class='ocrx_word' id='word_1_138' title='bbox 707 909 783 945; x_wconf 82' lang='lat' dir='ltr'><strong>dies</strong></span> <span class='ocrx_word' id='word_1_139' title='bbox 800 908 935 951; x_wconf 79' lang='lat' dir='ltr'><strong>dicitur,</strong></span> <span class='ocrx_word' id='word_1_140' title='bbox 958 907 1051 954; x_wconf 90' lang='lat' dir='ltr'><strong>quod</strong></span> <span class='ocrx_word' id='word_1_141' title='bbox 1074 908 1148 943; x_wconf 89' lang='lat' dir='ltr'><strong>eius</strong></span> <span class='ocrx_word' id='word_1_142' title='bbox 1171 907 1270 943; x_wconf 84' lang='lat' dir='ltr'><strong>initio</strong></span> <span class='ocrx_word' id='word_1_143' title='bbox 1292 907 1346 941; x_wconf 86' lang='lat' dir='ltr'><strong>sol</strong></span> <span class='ocrx_word' id='word_1_144' title='bbox 1369 906 1486 948; x_wconf 86' lang='lat' dir='ltr'><strong>oritur,</strong></span> <span class='ocrx_word' id='word_1_145' title='bbox 1512 910 1549 940; x_wconf 86' lang='lat' dir='ltr'><strong>ut</strong></span> <span class='ocrx_word' id='word_1_146' title='bbox 1571 910 1605 941; x_wconf 88' lang='lat' dir='ltr'><strong>et</strong></span> <span class='ocrx_word' id='word_1_147' title='bbox 1626 905 1742 951; x_wconf 77' lang='grc' dir='ltr'>ἡμέρα,</span> 
     </span>
     <span class='ocr_line' id='line_1_14' title="bbox 192 962 1743 1013; baseline -0.003 -12"><span class='ocrx_word' id='word_1_148' title='bbox 192 964 257 1001; x_wconf 70' lang='grc' dir='ltr'><strong>ἀπὸ</strong></span> <span class='ocrx_word' id='word_1_149' title='bbox 274 969 330 1011; x_wconf 76' lang='grc' dir='ltr'><strong>τῆς</strong></span> <span class='ocrx_word' id='word_1_150' title='bbox 345 964 440 1012; x_wconf 81' lang='grc' dir='ltr'>ἠοῦς,</span> <span class='ocrx_word' id='word_1_151' title='bbox 456 967 507 1002; x_wconf 87' lang='lat' dir='ltr'><strong>ita</strong></span> <span class='ocrx_word' id='word_1_152' title='bbox 520 966 698 1002; x_wconf 84' lang='lat' dir='ltr'><strong>translatis</strong></span> <span class='ocrx_word' id='word_1_153' title='bbox 714 965 759 1002; x_wconf 82' lang='lat' dir='ltr'><strong>ad</strong></span> <span class='ocrx_word' id='word_1_154' title='bbox 773 965 924 1013; x_wconf 83' lang='lat' dir='ltr'><strong>reliquas</strong></span> <span class='ocrx_word' id='word_1_155' title='bbox 938 964 1069 1000; x_wconf 72' lang='lat' dir='ltr'><strong>formas</strong></span> <span class='ocrx_word' id='word_1_156' title='bbox 1082 964 1150 1000; x_wconf 90' lang='lat' dir='ltr'><strong>diei</strong></span> <span class='ocrx_word' id='word_1_157' title='bbox 1161 963 1450 1011; x_wconf 75' lang='lat' dir='ltr'><strong>appellationibus</strong></span> <span class='ocrx_word' id='word_1_158' title='bbox 1464 963 1555 998; x_wconf 88' lang='lat' dir='ltr'><strong>idem</strong></span> <span class='ocrx_word' id='word_1_159' title='bbox 1567 962 1632 998; x_wconf 89' lang='lat' dir='ltr'><strong>hoc</strong></span> <span class='ocrx_word' id='word_1_160' title='bbox 1645 974 1743 997; x_wconf 88' lang='lat' dir='ltr'><strong>usur-</strong></span> 
     </span>
     <span class='ocr_line' id='line_1_15' title="bbox 192 1019 1877 1070; baseline -0.003 -11"><span class='ocrx_word' id='word_1_161' title='bbox 192 1027 312 1070; x_wconf 84' lang='lat' dir='ltr'><strong>patum</strong></span> <span class='ocrx_word' id='word_1_162' title='bbox 327 1023 418 1059; x_wconf 88' lang='lat' dir='ltr'><strong>initii</strong></span> <span class='ocrx_word' id='word_1_163' title='bbox 431 1024 642 1059; x_wconf 83' lang='lat' dir='ltr'><strong>vocabulum</strong></span> <span class='ocrx_word' id='word_1_164' title='bbox 656 1026 726 1066; x_wconf 77' lang='lat' dir='ltr'><strong>est3</strong></span> <span class='ocrx_word' id='word_1_165' title='bbox 748 1023 814 1059; x_wconf 85' lang='lat' dir='ltr'><strong>etsi</strong></span> <span class='ocrx_word' id='word_1_166' title='bbox 834 1022 950 1059; x_wconf 82' lang='lat' dir='ltr'><strong>minus</strong></span> <span class='ocrx_word' id='word_1_167' title='bbox 973 1033 1080 1070; x_wconf 83' lang='lat' dir='ltr'><strong>quam</strong></span> <span class='ocrx_word' id='word_1_168' title='bbox 1094 1021 1164 1057; x_wconf 91' lang='lat' dir='ltr'><strong>illic</strong></span> <span class='ocrx_word' id='word_1_169' title='bbox 1180 1021 1326 1068; x_wconf 85' lang='lat' dir='ltr'><strong>proprie.</strong></span> <span class='ocrx_word' id='word_1_170' title='bbox 1374 1019 1455 1055; x_wconf 84' lang='lat' dir='ltr'><strong>Sive</strong></span> <span class='ocrx_word' id='word_1_171' title='bbox 1471 1020 1578 1066; x_wconf 79' lang='lat' dir='ltr'><strong>igitur</strong></span> <span class='ocrx_word' id='word_1_172' title='bbox 1594 1031 1615 1054; x_wconf 90' lang='lat' dir='ltr'><strong>a</strong></span> <span class='ocrx_word' id='word_1_173' title='bbox 1631 1019 1746 1054; x_wconf 89' lang='lat' dir='ltr'><strong>media</strong></span> <span class='ocrx_word' id='word_1_174' title='bbox 1780 1029 1808 1055; x_wconf 71' lang='grc' dir='ltr'><strong>ι).</strong></span> <span class='ocrx_word' id='word_1_175' title='bbox 1822 1021 1877 1048; x_wconf 80' lang='lat'><strong>¹⁸8-</strong></span> 
     </span>
     <span class='ocr_line' id='line_1_16' title="bbox 192 1075 1743 1126; baseline -0.005 -10"><span class='ocrx_word' id='word_1_176' title='bbox 192 1083 309 1124; x_wconf 88' lang='lat' dir='ltr'><strong>nocte,</strong></span> <span class='ocrx_word' id='word_1_177' title='bbox 332 1081 406 1116; x_wconf 84' lang='lat' dir='ltr'><strong>sive</strong></span> <span class='ocrx_word' id='word_1_178' title='bbox 422 1091 444 1115; x_wconf 87' lang='lat' dir='ltr'><strong>a</strong></span> <span class='ocrx_word' id='word_1_179' title='bbox 458 1080 617 1124; x_wconf 88' lang='lat' dir='ltr'><strong>meridie,</strong></span> <span class='ocrx_word' id='word_1_180' title='bbox 641 1080 714 1116; x_wconf 76' lang='lat' dir='ltr'><strong>sivo</strong></span> <span class='ocrx_word' id='word_1_181' title='bbox 729 1080 772 1115; x_wconf 86' lang='lat' dir='ltr'><strong>ab</strong></span> <span class='ocrx_word' id='word_1_182' title='bbox 788 1079 887 1115; x_wconf 76' lang='lat' dir='ltr'><strong>initio</strong></span> <span class='ocrx_word' id='word_1_183' title='bbox 902 1079 1030 1122; x_wconf 87' lang='lat' dir='ltr'><strong>noctis,</strong></span> <span class='ocrx_word' id='word_1_184' title='bbox 1051 1078 1120 1114; x_wconf 88' lang='lat' dir='ltr'><strong>diei</strong></span> <span class='ocrx_word' id='word_1_185' title='bbox 1139 1082 1314 1126; x_wconf 82' lang='lat' dir='ltr'><strong>repetatur</strong></span> <span class='ocrx_word' id='word_1_186' title='bbox 1330 1077 1530 1119; x_wconf 83' lang='lat' dir='ltr'><strong>exordium,</strong></span> <span class='ocrx_word' id='word_1_187' title='bbox 1552 1075 1743 1122; x_wconf 75' lang='grc' dir='ltr'>ἐπιφώσκειν</span> 
     </span>
     <span class='ocr_line' id='line_1_17' title="bbox 191 1133 1743 1184; baseline -0.003 -12"><span class='ocrx_word' id='word_1_188' title='bbox 191 1137 322 1184; x_wconf 87' lang='lat' dir='ltr'><strong>ubique</strong></span> <span class='ocrx_word' id='word_1_189' title='bbox 337 1137 410 1172; x_wconf 88' lang='lat' dir='ltr'><strong>dies</strong></span> <span class='ocrx_word' id='word_1_190' title='bbox 419 1164 428 1180; x_wconf 96' lang='lat'><strong>,</strong></span> <span class='ocrx_word' id='word_1_191' title='bbox 450 1137 516 1173; x_wconf 90' lang='lat' dir='ltr'><strong>hoc</strong></span> <span class='ocrx_word' id='word_1_192' title='bbox 532 1141 585 1173; x_wconf 89' lang='lat' dir='ltr'><strong>est</strong></span> <span class='ocrx_word' id='word_1_193' title='bbox 598 1137 754 1173; x_wconf 88' lang='lat' dir='ltr'><strong>inchoari</strong></span> <span class='ocrx_word' id='word_1_194' title='bbox 767 1139 802 1172; x_wconf 91' lang='lat' dir='ltr'><strong>et</strong></span> <span class='ocrx_word' id='word_1_195' title='bbox 815 1136 902 1172; x_wconf 86' lang='lat' dir='ltr'><strong>inire</strong></span> <span class='ocrx_word' id='word_1_196' title='bbox 917 1136 1120 1184; x_wconf 85' lang='lat' dir='ltr'><strong>simpliciter</strong></span> <span class='ocrx_word' id='word_1_197' title='bbox 1135 1135 1278 1173; x_wconf 78' lang='lat' dir='ltr'><strong>dicetur.</strong></span> <span class='ocrx_word' id='word_1_198' title='bbox 1308 1133 1607 1177; x_wconf 75' lang='lat' dir='ltr'><strong>Quemadmodum</strong></span> <span class='ocrx_word' id='word_1_199' title='bbox 1623 1145 1743 1179; x_wconf 82' lang='grc' dir='ltr'>νουμη-</span> 
     </span>
     <span class='ocr_line' id='line_1_18' title="bbox 192 1191 1744 1241; baseline -0.003 -13"><span class='ocrx_word' id='word_1_200' title='bbox 192 1194 259 1234; x_wconf 82' lang='grc' dir='ltr'>νίας</span> <span class='ocrx_word' id='word_1_201' title='bbox 282 1205 353 1229; x_wconf 82' lang='lat' dir='ltr'><strong>vox</strong></span> <span class='ocrx_word' id='word_1_202' title='bbox 377 1205 456 1230; x_wconf 88' lang='lat' dir='ltr'><strong>cum</strong></span> <span class='ocrx_word' id='word_1_203' title='bbox 479 1197 679 1231; x_wconf 83' lang='lat' dir='ltr'><strong>nascentem</strong></span> <span class='ocrx_word' id='word_1_204' title='bbox 701 1194 822 1229; x_wconf 88' lang='lat' dir='ltr'><strong>lunam</strong></span> <span class='ocrx_word' id='word_1_205' title='bbox 843 1193 979 1241; x_wconf 78' lang='lat' dir='ltr'><strong>proprie</strong></span> <span class='ocrx_word' id='word_1_206' title='bbox 1002 1193 1190 1239; x_wconf 83' lang='lat' dir='ltr'><strong>significet,</strong></span> <span class='ocrx_word' id='word_1_207' title='bbox 1218 1192 1262 1227; x_wconf 86' lang='lat' dir='ltr'><strong>ad</strong></span> <span class='ocrx_word' id='word_1_208' title='bbox 1289 1192 1406 1227; x_wconf 83' lang='lat' dir='ltr'><strong>omnia</strong></span> <span class='ocrx_word' id='word_1_209' title='bbox 1433 1191 1608 1227; x_wconf 88' lang='lat' dir='ltr'><strong>mensium</strong></span> <span class='ocrx_word' id='word_1_210' title='bbox 1635 1191 1744 1231; x_wconf 84' lang='lat' dir='ltr'><strong>initia,</strong></span> 
     </span>
     <span class='ocr_line' id='line_1_19' title="bbox 192 1247 1743 1298; baseline -0.003 -12"><span class='ocrx_word' id='word_1_211' title='bbox 192 1251 298 1286; x_wconf 87' lang='lat' dir='ltr'><strong>etiam</strong></span> <span class='ocrx_word' id='word_1_212' title='bbox 313 1251 456 1287; x_wconf 86' lang='lat' dir='ltr'><strong>minime</strong></span> <span class='ocrx_word' id='word_1_213' title='bbox 469 1251 644 1288; x_wconf 89' lang='lat' dir='ltr'><strong>lunarium</strong></span> <span class='ocrx_word' id='word_1_214' title='bbox 657 1250 872 1294; x_wconf 66' lang='lat' dir='ltr'><strong>masenot,</strong></span> <span class='ocrx_word' id='word_1_215' title='bbox 887 1254 974 1298; x_wconf 84' lang='lat' dir='ltr'><strong>puta</strong></span> <span class='ocrx_word' id='word_1_216' title='bbox 988 1250 1250 1287; x_wconf 85' lang='lat' dir='ltr'><strong>tricenariorum</strong></span> <span class='ocrx_word' id='word_1_217' title='bbox 1266 1253 1301 1284; x_wconf 89' lang='lat' dir='ltr'><strong>et</strong></span> <span class='ocrx_word' id='word_1_218' title='bbox 1315 1249 1599 1295; x_wconf 78' lang='lat' dir='ltr'><strong>Agyptiacorum.</strong></span> <span class='ocrx_word' id='word_1_219' title='bbox 1647 1247 1743 1282; x_wconf 85' lang='lat' dir='ltr'><strong>Unde</strong></span> 
     </span>
     <span class='ocr_line' id='line_1_20' title="bbox 191 1303 1742 1355; baseline -0.003 -13"><span class='ocrx_word' id='word_1_220' title='bbox 191 1308 260 1343; x_wconf 86' lang='lat' dir='ltr'><strong>alia</strong></span> <span class='ocrx_word' id='word_1_221' title='bbox 275 1311 329 1344; x_wconf 85' lang='lat' dir='ltr'><strong>est</strong></span> <span class='ocrx_word' id='word_1_222' title='bbox 343 1307 500 1355; x_wconf 74' lang='grc' dir='ltr'><strong>νουμηνία</strong></span> <span class='ocrx_word' id='word_1_223' title='bbox 514 1307 598 1343; x_wconf 77' lang='grc' dir='ltr'><strong>κατὰ</strong></span> <span class='ocrx_word' id='word_1_224' title='bbox 613 1307 762 1353; x_wconf 72' lang='grc' dir='ltr'>σελήνην,</span> <span class='ocrx_word' id='word_1_225' title='bbox 777 1307 848 1344; x_wconf 84' lang='lat' dir='ltr'><strong>alia</strong></span> <span class='ocrx_word' id='word_1_226' title='bbox 864 1307 903 1343; x_wconf 78' lang='grc' dir='ltr'><strong>οὗ</strong></span> <span class='ocrx_word' id='word_1_227' title='bbox 919 1305 1002 1342; x_wconf 75' lang='grc' dir='ltr'>κατὰ</span> <span class='ocrx_word' id='word_1_228' title='bbox 1019 1307 1166 1351; x_wconf 78' lang='grc' dir='ltr'>σελήνην.</span> <span class='ocrx_word' id='word_1_229' title='bbox 1190 1307 1263 1342; x_wconf 82' lang='lat' dir='ltr'><strong>Hoc</strong></span> <span class='ocrx_word' id='word_1_230' title='bbox 1280 1317 1346 1353; x_wconf 86' lang='lat' dir='ltr'><strong>ego</strong></span> <span class='ocrx_word' id='word_1_231' title='bbox 1363 1317 1468 1341; x_wconf 81' lang='lat' dir='ltr'><strong>sensu</strong></span> <span class='ocrx_word' id='word_1_232' title='bbox 1486 1307 1535 1351; x_wconf 81' lang='grc' dir='ltr'><strong>τῷ</strong></span> <span class='ocrx_word' id='word_1_233' title='bbox 1551 1303 1742 1350; x_wconf 70' lang='grc' dir='ltr'>ἑπιφώσκειν</span> 
     </span>
     <span class='ocr_line' id='line_1_21' title="bbox 192 1362 1742 1413; baseline -0.003 -13"><span class='ocrx_word' id='word_1_234' title='bbox 192 1365 425 1412; x_wconf 81' lang='lat' dir='ltr'><strong>evangelistas</strong></span> <span class='ocrx_word' id='word_1_235' title='bbox 437 1365 642 1413; x_wconf 80' lang='lat' dir='ltr'><strong>simpliciter</strong></span> <span class='ocrx_word' id='word_1_236' title='bbox 656 1375 740 1401; x_wconf 88' lang='lat' dir='ltr'><strong>usos</strong></span> <span class='ocrx_word' id='word_1_237' title='bbox 750 1365 910 1401; x_wconf 81' lang='lat' dir='ltr'><strong>arbitror.</strong></span> <span class='ocrx_word' id='word_1_238' title='bbox 932 1364 979 1402; x_wconf 88' lang='lat' dir='ltr'><strong>Ut</strong></span> <span class='ocrx_word' id='word_1_239' title='bbox 993 1376 1073 1400; x_wconf 90' lang='lat' dir='ltr'><strong>cum</strong></span> <span class='ocrx_word' id='word_1_240' title='bbox 1089 1363 1211 1400; x_wconf 78' lang='lat' dir='ltr'><strong>Matth.</strong></span> <span class='ocrx_word' id='word_1_241' title='bbox 1227 1375 1301 1411; x_wconf 79' lang='lat' dir='ltr'><strong>cap.</strong></span> <span class='ocrx_word' id='word_1_242' title='bbox 1310 1376 1446 1406; x_wconf 64' lang='lat' dir='ltr'><strong>xxvm„</strong></span> <span class='ocrx_word' id='word_1_243' title='bbox 1466 1363 1494 1398; x_wconf 89' lang='lat'><strong>1.</strong></span> <span class='ocrx_word' id='word_1_244' title='bbox 1511 1363 1560 1397; x_wconf 83' lang='lat' dir='ltr'><strong>ita</strong></span> <span class='ocrx_word' id='word_1_245' title='bbox 1573 1362 1742 1408; x_wconf 84' lang='lat' dir='ltr'><strong>loquitur:</strong></span> 
     </span>
     <span class='ocr_line' id='line_1_22' title="bbox 191 1419 1743 1470; baseline -0.003 -12"><span class='ocrx_word' id='word_1_246' title='bbox 191 1421 275 1470; x_wconf 68' lang='grc' dir='ltr'><strong>Ὀψὲ</strong></span> <span class='ocrx_word' id='word_1_247' title='bbox 288 1421 323 1457; x_wconf 70' lang='grc' dir='ltr'><strong>δὲ</strong></span> <span class='ocrx_word' id='word_1_248' title='bbox 335 1423 400 1457; x_wconf 86' lang='grc' dir='ltr'><strong>τῶν</strong></span> <span class='ocrx_word' id='word_1_249' title='bbox 412 1420 586 1469; x_wconf 75' lang='grc' dir='ltr'>σαββάτων</span> <span class='ocrx_word' id='word_1_250' title='bbox 597 1425 637 1469; x_wconf 81' lang='grc' dir='ltr'><strong>τῇ</strong></span> <span class='ocrx_word' id='word_1_251' title='bbox 650 1420 880 1469; x_wconf 68' lang='grc' dir='ltr'><strong>ἐπιφωσκούσῃ</strong></span> <span class='ocrx_word' id='word_1_252' title='bbox 894 1420 936 1463; x_wconf 75' lang='grc' dir='ltr'><strong>εἰς</strong></span> <span class='ocrx_word' id='word_1_253' title='bbox 949 1421 1024 1469; x_wconf 78' lang='grc' dir='ltr'>μίαν</span> <span class='ocrx_word' id='word_1_254' title='bbox 1038 1423 1103 1456; x_wconf 82' lang='grc' dir='ltr'><strong>τῶν</strong></span> <span class='ocrx_word' id='word_1_255' title='bbox 1120 1419 1306 1468; x_wconf 76' lang='grc' dir='ltr'>σαββάτων.</span> <span class='ocrx_word' id='word_1_256' title='bbox 1330 1420 1398 1456; x_wconf 90' lang='lat' dir='ltr'><strong>Ubi</strong></span> <span class='ocrx_word' id='word_1_257' title='bbox 1412 1420 1508 1456; x_wconf 87' lang='lat' dir='ltr'><strong>nulla</strong></span> <span class='ocrx_word' id='word_1_258' title='bbox 1523 1419 1743 1465; x_wconf 83' lang='lat' dir='ltr'><strong>argutatione</strong></span> 
     </span>
     <span class='ocr_line' id='line_1_23' title="bbox 192 1475 1742 1527; baseline -0.005 -11"><span class='ocrx_word' id='word_1_259' title='bbox 192 1491 279 1527; x_wconf 90' lang='lat' dir='ltr'><strong>opus</strong></span> <span class='ocrx_word' id='word_1_260' title='bbox 296 1483 350 1515; x_wconf 88' lang='lat' dir='ltr'><strong>est</strong></span> <span class='ocrx_word' id='word_1_261' title='bbox 363 1482 404 1515; x_wconf 89' lang='lat' dir='ltr'><strong>ut</strong></span> <span class='ocrx_word' id='word_1_262' title='bbox 417 1479 474 1517; x_wconf 80' lang='lat' dir='ltr'><strong>vel</strong></span> <span class='ocrx_word' id='word_1_263' title='bbox 489 1479 562 1515; x_wconf 87' lang='lat' dir='ltr'><strong>dies</strong></span> <span class='ocrx_word' id='word_1_264' title='bbox 576 1479 653 1527; x_wconf 88' lang='lat' dir='ltr'><strong>ipsa</strong></span> <span class='ocrx_word' id='word_1_265' title='bbox 669 1489 691 1515; x_wconf 87' lang='lat' dir='ltr'><strong>a</strong></span> <span class='ocrx_word' id='word_1_266' title='bbox 706 1482 807 1515; x_wconf 82' lang='lat' dir='ltr'><strong>nocte</strong></span> <span class='ocrx_word' id='word_1_267' title='bbox 822 1479 991 1527; x_wconf 86' lang='lat' dir='ltr'><strong>incipiens</strong></span> <span class='ocrx_word' id='word_1_268' title='bbox 1006 1483 1082 1515; x_wconf 88' lang='lat' dir='ltr'><strong>tum</strong></span> <span class='ocrx_word' id='word_1_269' title='bbox 1097 1479 1236 1515; x_wconf 87' lang='lat' dir='ltr'><strong>demum</strong></span> <span class='ocrx_word' id='word_1_270' title='bbox 1247 1504 1256 1520; x_wconf 94' lang='lat'><strong>‚</strong></span> <span class='ocrx_word' id='word_1_271' title='bbox 1272 1489 1352 1514; x_wconf 86' lang='lat' dir='ltr'><strong>cum</strong></span> <span class='ocrx_word' id='word_1_272' title='bbox 1366 1479 1419 1515; x_wconf 84' lang='lat' dir='ltr'><strong>sol</strong></span> <span class='ocrx_word' id='word_1_273' title='bbox 1431 1477 1539 1513; x_wconf 82' lang='lat' dir='ltr'><strong>oritur</strong></span> <span class='ocrx_word' id='word_1_274' title='bbox 1551 1475 1742 1522; x_wconf 68' lang='grc' dir='ltr'><strong>ἐπιφώσκειν</strong></span> 
     </span>
     <span class='ocr_line' id='line_1_24' title="bbox 192 1534 1741 1580; baseline -0.003 -8"><span class='ocrx_word' id='word_1_275' title='bbox 192 1537 336 1580; x_wconf 83' lang='lat' dir='ltr'><strong>dicatur,</strong></span> <span class='ocrx_word' id='word_1_276' title='bbox 358 1537 415 1572; x_wconf 79' lang='lat' dir='ltr'><strong>vel</strong></span> <span class='ocrx_word' id='word_1_277' title='bbox 436 1539 477 1573; x_wconf 89' lang='lat' dir='ltr'><strong>ut</strong></span> <span class='ocrx_word' id='word_1_278' title='bbox 495 1537 580 1573; x_wconf 90' lang='lat' dir='ltr'><strong>luna</strong></span> <span class='ocrx_word' id='word_1_279' title='bbox 602 1539 662 1572; x_wconf 87' lang='lat' dir='ltr'><strong>aut</strong></span> <span class='ocrx_word' id='word_1_280' title='bbox 682 1535 796 1572; x_wconf 86' lang='lat' dir='ltr'><strong>sidera</strong></span> <span class='ocrx_word' id='word_1_281' title='bbox 815 1536 1078 1573; x_wconf 82' lang='lat' dir='ltr'><strong>subaudiantur.</strong></span> <span class='ocrx_word' id='word_1_282' title='bbox 1116 1535 1207 1572; x_wconf 77' lang='lat' dir='ltr'><strong>Nam</strong></span> <span class='ocrx_word' id='word_1_283' title='bbox 1227 1534 1282 1571; x_wconf 86' lang='lat' dir='ltr'><strong>hio</strong></span> <span class='ocrx_word' id='word_1_284' title='bbox 1297 1534 1517 1571; x_wconf 88' lang='lat' dir='ltr'><strong>meoiudicio</strong></span> <span class='ocrx_word' id='word_1_285' title='bbox 1533 1544 1658 1569; x_wconf 84' lang='lat' dir='ltr'><strong>sensus</strong></span> <span class='ocrx_word' id='word_1_286' title='bbox 1674 1537 1741 1569; x_wconf 83' lang='lat' dir='ltr'><strong>est:</strong></span> 
     </span>
     <span class='ocr_line' id='line_1_25' title="bbox 192 1590 1743 1640; baseline -0.003 -11"><span class='ocrx_word' id='word_1_287' title='bbox 192 1594 367 1630; x_wconf 76' lang='lat' dir='ltr'><strong>Confectis</strong></span> <span class='ocrx_word' id='word_1_288' title='bbox 383 1594 537 1630; x_wconf 81' lang='lat' dir='ltr'><strong>sabbatis</strong></span> <span class='ocrx_word' id='word_1_289' title='bbox 546 1620 555 1637; x_wconf 94' lang='lat'><strong>‚</strong></span> <span class='ocrx_word' id='word_1_290' title='bbox 570 1593 643 1630; x_wconf 79' lang='lat' dir='ltr'><strong>sive</strong></span> <span class='ocrx_word' id='word_1_291' title='bbox 658 1592 875 1629; x_wconf 87' lang='lat' dir='ltr'><strong>hebdomada</strong></span> <span class='ocrx_word' id='word_1_292' title='bbox 889 1597 1047 1640; x_wconf 85' lang='lat' dir='ltr'><strong>peracta,</strong></span> <span class='ocrx_word' id='word_1_293' title='bbox 1063 1593 1117 1628; x_wconf 88' lang='lat' dir='ltr'><strong>die</strong></span> <span class='ocrx_word' id='word_1_294' title='bbox 1133 1593 1308 1639; x_wconf 76' lang='lat' dir='ltr'><strong>sequenti,</strong></span> <span class='ocrx_word' id='word_1_295' title='bbox 1330 1603 1420 1639; x_wconf 86' lang='lat' dir='ltr'><strong>quae</strong></span> <span class='ocrx_word' id='word_1_296' title='bbox 1435 1591 1547 1627; x_wconf 77' lang='lat' dir='ltr'><strong>inibat</strong></span> <span class='ocrx_word' id='word_1_297' title='bbox 1561 1602 1642 1626; x_wconf 88' lang='lat' dir='ltr'><strong>cum</strong></span> <span class='ocrx_word' id='word_1_298' title='bbox 1656 1590 1743 1626; x_wconf 80' lang='lat' dir='ltr'><strong>feria</strong></span> 
     </span>
     <span class='ocr_line' id='line_1_26' title="bbox 191 1644 1741 1699; baseline -0.004 -12"><span class='ocrx_word' id='word_1_299' title='bbox 191 1651 322 1698; x_wconf 88' lang='lat' dir='ltr'><strong>prima;</strong></span> <span class='ocrx_word' id='word_1_300' title='bbox 343 1651 436 1698; x_wconf 88' lang='lat' dir='ltr'><strong>quod</strong></span> <span class='ocrx_word' id='word_1_301' title='bbox 455 1651 608 1699; x_wconf 87' lang='lat' dir='ltr'><strong>apertius</strong></span> <span class='ocrx_word' id='word_1_302' title='bbox 622 1650 738 1686; x_wconf 85' lang='lat' dir='ltr'><strong>Lucae</strong></span> <span class='ocrx_word' id='word_1_303' title='bbox 760 1661 834 1698; x_wconf 88' lang='lat' dir='ltr'><strong>cap.</strong></span> <span class='ocrx_word' id='word_1_304' title='bbox 847 1662 965 1694; x_wconf 67' lang='lat' dir='ltr'><strong>xxm„</strong></span> <span class='ocrx_word' id='word_1_305' title='bbox 985 1650 1040 1687; x_wconf 78' lang='lat'><strong>54.</strong></span> <span class='ocrx_word' id='word_1_306' title='bbox 1061 1650 1270 1686; x_wconf 83' lang='lat' dir='ltr'><strong>declaratur:</strong></span> <span class='ocrx_word' id='word_1_307' title='bbox 1302 1649 1363 1684; x_wconf 73' lang='grc' dir='ltr'><strong>Καὶ</strong></span> <span class='ocrx_word' id='word_1_308' title='bbox 1379 1648 1484 1696; x_wconf 71' lang='grc' dir='ltr'><strong>ἡμέρα</strong></span> <span class='ocrx_word' id='word_1_309' title='bbox 1499 1644 1538 1695; x_wconf 78' lang='grc' dir='ltr'><strong>ᾖν</strong></span> <span class='ocrx_word' id='word_1_310' title='bbox 1554 1647 1741 1695; x_wconf 76' lang='grc' dir='ltr'>παρασκευὴ</span> 
     </span>
     <span class='ocr_line' id='line_1_27' title="bbox 192 1705 1741 1755; baseline -0.003 -12"><span class='ocrx_word' id='word_1_311' title='bbox 192 1708 246 1743; x_wconf 71' lang='grc' dir='ltr'><strong>καὶ</strong></span> <span class='ocrx_word' id='word_1_312' title='bbox 259 1707 423 1755; x_wconf 81' lang='grc' dir='ltr'>σαββάτον</span> <span class='ocrx_word' id='word_1_313' title='bbox 434 1706 614 1754; x_wconf 62' lang='lat' dir='ltr'><strong>indemens.</strong></span> <span class='ocrx_word' id='word_1_314' title='bbox 634 1707 702 1743; x_wconf 88' lang='lat' dir='ltr'><strong>Ubi</strong></span> <span class='ocrx_word' id='word_1_315' title='bbox 713 1708 857 1744; x_wconf 79' lang='lat' dir='ltr'><strong>verbum</strong></span> <span class='ocrx_word' id='word_1_316' title='bbox 869 1706 1038 1754; x_wconf 73' lang='grc' dir='ltr'>ἑπέφωσκε</span> <span class='ocrx_word' id='word_1_317' title='bbox 1048 1707 1181 1743; x_wconf 85' lang='lat' dir='ltr'><strong>nullam</strong></span> <span class='ocrx_word' id='word_1_318' title='bbox 1192 1707 1306 1742; x_wconf 89' lang='lat' dir='ltr'><strong>lucem</strong></span> <span class='ocrx_word' id='word_1_319' title='bbox 1317 1706 1508 1753; x_wconf 82' lang='lat' dir='ltr'><strong>significat,</strong></span> <span class='ocrx_word' id='word_1_320' title='bbox 1521 1706 1582 1740; x_wconf 91' lang='lat' dir='ltr'><strong>sed</strong></span> <span class='ocrx_word' id='word_1_321' title='bbox 1593 1705 1741 1741; x_wconf 88' lang='lat' dir='ltr'><strong>initium.</strong></span> 
     </span>
     <span class='ocr_line' id='line_1_28' title="bbox 190 1763 1742 1813; baseline -0.003 -12"><span class='ocrx_word' id='word_1_322' title='bbox 190 1766 237 1802; x_wconf 91' lang='lat' dir='ltr'><strong>At</strong></span> <span class='ocrx_word' id='word_1_323' title='bbox 250 1766 344 1813; x_wconf 89' lang='lat' dir='ltr'><strong>apud</strong></span> <span class='ocrx_word' id='word_1_324' title='bbox 357 1765 589 1813; x_wconf 79' lang='lat' dir='ltr'><strong>Epiphaniam</strong></span> <span class='ocrx_word' id='word_1_325' title='bbox 603 1765 640 1800; x_wconf 93' lang='lat' dir='ltr'><strong>in</strong></span> <span class='ocrx_word' id='word_1_326' title='bbox 655 1764 881 1812; x_wconf 84' lang='lat' dir='ltr'><strong>Expositione</strong></span> <span class='ocrx_word' id='word_1_327' title='bbox 892 1764 989 1800; x_wconf 85' lang='lat' dir='ltr'><strong>Fidei</strong></span> <span class='ocrx_word' id='word_1_328' title='bbox 1001 1775 1098 1801; x_wconf 88' lang='lat' dir='ltr'><strong>num.</strong></span> <span class='ocrx_word' id='word_1_329' title='bbox 1111 1777 1198 1800; x_wconf 84' lang='lat' dir='ltr'><strong>xxrr.</strong></span> <span class='ocrx_word' id='word_1_330' title='bbox 1213 1764 1302 1799; x_wconf 87' lang='lat' dir='ltr'><strong>circa</strong></span> <span class='ocrx_word' id='word_1_331' title='bbox 1318 1763 1532 1810; x_wconf 75' lang='lat' dir='ltr'><strong>gallicinium</strong></span> <span class='ocrx_word' id='word_1_332' title='bbox 1555 1764 1609 1806; x_wconf 79' lang='grc' dir='ltr'><strong>τῆς</strong></span> <span class='ocrx_word' id='word_1_333' title='bbox 1634 1774 1742 1808; x_wconf 76' lang='grc' dir='ltr'>κυρια-</span> 
     </span>
     <span class='ocr_line' id='line_1_29' title="bbox 192 1820 1742 1869; baseline -0.003 -11"><span class='ocrx_word' id='word_1_334' title='bbox 192 1825 248 1868; x_wconf 79' lang='grc' dir='ltr'><strong>κῆς</strong></span> <span class='ocrx_word' id='word_1_335' title='bbox 264 1821 512 1869; x_wconf 62' lang='grc' dir='ltr'>ἐπιφωσκούσῃ</span> <span class='ocrx_word' id='word_1_336' title='bbox 527 1822 616 1858; x_wconf 85' lang='lat' dir='ltr'><strong>solvi</strong></span> <span class='ocrx_word' id='word_1_337' title='bbox 631 1820 793 1869; x_wconf 87' lang='lat' dir='ltr'><strong>paschale</strong></span> <span class='ocrx_word' id='word_1_338' title='bbox 813 1821 978 1857; x_wconf 83' lang='lat' dir='ltr'><strong>ieiunium</strong></span> <span class='ocrx_word' id='word_1_339' title='bbox 1005 1821 1138 1865; x_wconf 89' lang='lat' dir='ltr'><strong>dicitur,</strong></span> <span class='ocrx_word' id='word_1_340' title='bbox 1161 1820 1226 1856; x_wconf 87' lang='lat' dir='ltr'><strong>hoc</strong></span> <span class='ocrx_word' id='word_1_341' title='bbox 1247 1826 1302 1856; x_wconf 90' lang='lat' dir='ltr'><strong>est</strong></span> <span class='ocrx_word' id='word_1_342' title='bbox 1320 1824 1402 1868; x_wconf 84' lang='lat' dir='ltr'><strong>post</strong></span> <span class='ocrx_word' id='word_1_343' title='bbox 1422 1820 1574 1855; x_wconf 81' lang='lat' dir='ltr'><strong>mediam</strong></span> <span class='ocrx_word' id='word_1_344' title='bbox 1594 1823 1742 1861; x_wconf 85' lang='lat' dir='ltr'><strong>noctem,</strong></span> 
     </span>
     <span class='ocr_line' id='line_1_30' title="bbox 191 1876 1742 1927; baseline -0.004 -11"><span class='ocrx_word' id='word_1_345' title='bbox 191 1891 213 1915; x_wconf 90' lang='lat' dir='ltr'><strong>a</strong></span> <span class='ocrx_word' id='word_1_346' title='bbox 228 1891 297 1927; x_wconf 88' lang='lat' dir='ltr'><strong>qua</strong></span> <span class='ocrx_word' id='word_1_347' title='bbox 312 1879 404 1916; x_wconf 91' lang='lat' dir='ltr'><strong>diem</strong></span> <span class='ocrx_word' id='word_1_348' title='bbox 419 1878 606 1916; x_wconf 73' lang='lat' dir='ltr'><strong>Christiani</strong></span> <span class='ocrx_word' id='word_1_349' title='bbox 620 1877 795 1915; x_wconf 84' lang='lat' dir='ltr'><strong>inchoant.</strong></span> <span class='ocrx_word' id='word_1_350' title='bbox 840 1879 928 1915; x_wconf 86' lang='lat' dir='ltr'><strong>Item</strong></span> <span class='ocrx_word' id='word_1_351' title='bbox 948 1879 1052 1926; x_wconf 89' lang='lat' dir='ltr'><strong>paulo</strong></span> <span class='ocrx_word' id='word_1_352' title='bbox 1074 1882 1156 1926; x_wconf 85' lang='lat' dir='ltr'><strong>post</strong></span> <span class='ocrx_word' id='word_1_353' title='bbox 1176 1878 1296 1914; x_wconf 84' lang='lat' dir='ltr'><strong>scribit</strong></span> <span class='ocrx_word' id='word_1_354' title='bbox 1316 1878 1502 1914; x_wconf 88' lang='lat' dir='ltr'><strong>nonnullos</strong></span> <span class='ocrx_word' id='word_1_355' title='bbox 1525 1876 1742 1912; x_wconf 84' lang='lat' dir='ltr'><strong>hebdomada</strong></span> 
     </span>
     <span class='ocr_line' id='line_1_31' title="bbox 191 1931 1740 1985; baseline -0.004 -12"><span class='ocrx_word' id='word_1_356' title='bbox 191 1940 311 1973; x_wconf 81' lang='lat' dir='ltr'><strong>sancta</strong></span> <span class='ocrx_word' id='word_1_357' title='bbox 323 1934 468 1985; x_wconf 75' lang='lat' dir='ltr'><strong>vigilare</strong></span> <span class='ocrx_word' id='word_1_358' title='bbox 483 1935 541 1981; x_wconf 75' lang='grc' dir='ltr'><strong>τὴν</strong></span> <span class='ocrx_word' id='word_1_359' title='bbox 558 1936 638 1983; x_wconf 78' lang='grc' dir='ltr'>μετὰ</span> <span class='ocrx_word' id='word_1_360' title='bbox 653 1934 711 1980; x_wconf 78' lang='grc' dir='ltr'><strong>τὴν</strong></span> <span class='ocrx_word' id='word_1_361' title='bbox 732 1935 882 1982; x_wconf 69' lang='grc' dir='ltr'>πέμπτην</span> <span class='ocrx_word' id='word_1_362' title='bbox 903 1934 1153 1982; x_wconf 69' lang='grc' dir='ltr'>ἔπιφώσκουσαν</span> <span class='ocrx_word' id='word_1_363' title='bbox 1175 1933 1216 1975; x_wconf 74' lang='grc' dir='ltr'><strong>εἰς</strong></span> <span class='ocrx_word' id='word_1_364' title='bbox 1238 1935 1276 1970; x_wconf 71' lang='grc' dir='ltr'><strong>τὶ)</strong></span> <span class='ocrx_word' id='word_1_365' title='bbox 1299 1933 1540 1982; x_wconf 78' lang='grc' dir='ltr'>προσάββατον.</span> <span class='ocrx_word' id='word_1_366' title='bbox 1587 1932 1654 1968; x_wconf 87' lang='lat' dir='ltr'><strong>Ubi</strong></span> <span class='ocrx_word' id='word_1_367' title='bbox 1676 1931 1740 1967; x_wconf 80' lang='grc' dir='ltr'>ἐπι-</span> 
     </span>
     <span class='ocr_line' id='line_1_32' title="bbox 191 1990 1740 2041; baseline -0.001 -13"><span class='ocrx_word' id='word_1_368' title='bbox 191 1994 329 2041; x_wconf 77' lang='grc' dir='ltr'>φώσκειν</span> <span class='ocrx_word' id='word_1_369' title='bbox 340 1993 475 2030; x_wconf 81' lang='lat' dir='ltr'><strong>videtur</strong></span> <span class='ocrx_word' id='word_1_370' title='bbox 489 1993 627 2040; x_wconf 88' lang='lat' dir='ltr'><strong>proprie</strong></span> <span class='ocrx_word' id='word_1_371' title='bbox 641 1993 851 2040; x_wconf 75' lang='lat' dir='ltr'><strong>empsisse,</strong></span> <span class='ocrx_word' id='word_1_372' title='bbox 867 1993 968 2040; x_wconf 84' lang='lat' dir='ltr'><strong>quasi</strong></span> <span class='ocrx_word' id='word_1_373' title='bbox 978 2003 1051 2028; x_wconf 85' lang='lat' dir='ltr'><strong>nox</strong></span> <span class='ocrx_word' id='word_1_374' title='bbox 1063 1992 1227 2040; x_wconf 87' lang='lat' dir='ltr'><strong>postridie</strong></span> <span class='ocrx_word' id='word_1_375' title='bbox 1240 1993 1412 2035; x_wconf 83' lang='lat' dir='ltr'><strong>lucescat,</strong></span> <span class='ocrx_word' id='word_1_376' title='bbox 1426 1990 1491 2027; x_wconf 87' lang='lat' dir='ltr'><strong>hoc</strong></span> <span class='ocrx_word' id='word_1_377' title='bbox 1508 1995 1561 2026; x_wconf 86' lang='lat' dir='ltr'><strong>est</strong></span> <span class='ocrx_word' id='word_1_378' title='bbox 1576 1991 1612 2027; x_wconf 91' lang='lat' dir='ltr'><strong>in</strong></span> <span class='ocrx_word' id='word_1_379' title='bbox 1628 1991 1740 2026; x_wconf 88' lang='lat' dir='ltr'><strong>lucem</strong></span> 
     </span>
     <span class='ocr_line' id='line_1_33' title="bbox 190 2049 1337 2097; baseline -0.002 -9"><span class='ocrx_word' id='word_1_380' title='bbox 190 2052 334 2088; x_wconf 87' lang='lat' dir='ltr'><strong>desinat.</strong></span> <span class='ocrx_word' id='word_1_381' title='bbox 366 2050 510 2087; x_wconf 81' lang='lat' dir='ltr'><strong>Noctem</strong></span> <span class='ocrx_word' id='word_1_382' title='bbox 525 2050 619 2086; x_wconf 88' lang='lat' dir='ltr'><strong>enim</strong></span> <span class='ocrx_word' id='word_1_383' title='bbox 632 2049 797 2096; x_wconf 80' lang='lat' dir='ltr'><strong>intelligit</strong></span> <span class='ocrx_word' id='word_1_384' title='bbox 811 2060 901 2096; x_wconf 85' lang='lat' dir='ltr'><strong>quae</strong></span> <span class='ocrx_word' id='word_1_385' title='bbox 915 2060 1137 2097; x_wconf 84' lang='lat' dir='ltr'><strong>parascevem</strong></span> <span class='ocrx_word' id='word_1_386' title='bbox 1152 2049 1337 2097; x_wconf 84' lang='lat' dir='ltr'><strong>praecedit.</strong></span> 
     </span>
    </p>

    <p class='ocr_par' dir='ltr' id='par_1_3' title="bbox 188 2105 1741 3010">
     <span class='ocr_line' id='line_1_34' title="bbox 278 2105 1739 2154; baseline -0.001 -11"><span class='ocrx_word' id='word_1_387' title='bbox 278 2106 339 2144; x_wconf 77' lang='grc' dir='ltr'><strong>Καὶ</strong></span> <span class='ocrx_word' id='word_1_388' title='bbox 346 2106 397 2143; x_wconf 76' lang='grc' dir='ltr'><strong>ὅτι</strong></span> <span class='ocrx_word' id='word_1_389' title='bbox 407 2105 578 2148; x_wconf 79' lang='grc' dir='ltr'>ἀνάστασις</span> <span class='ocrx_word' id='word_1_390' title='bbox 586 2106 640 2142; x_wconf 64' lang='grc' dir='ltr'><strong>καὶ</strong></span> <span class='ocrx_word' id='word_1_391' title='bbox 649 2105 823 2154; x_wconf 62' lang='grc' dir='ltr'>ἰσημερίαι]</span> <span class='ocrx_word' id='word_1_392' title='bbox 847 2106 900 2142; x_wconf 84' lang='lat' dir='ltr'><strong>En</strong></span> <span class='ocrx_word' id='word_1_393' title='bbox 913 2107 1036 2143; x_wconf 88' lang='lat' dir='ltr'><strong>erroris</strong></span> <span class='ocrx_word' id='word_1_394' title='bbox 1048 2111 1304 2154; x_wconf 84' lang='lat' dir='ltr'><strong>argumentum.</strong></span> <span class='ocrx_word' id='word_1_395' title='bbox 1329 2106 1506 2143; x_wconf 83' lang='lat' dir='ltr'><strong>Christum</strong></span> <span class='ocrx_word' id='word_1_396' title='bbox 1518 2106 1624 2150; x_wconf 89' lang='lat' dir='ltr'><strong>enim,</strong></span> <span class='ocrx_word' id='word_1_397' title='bbox 1637 2118 1739 2152; x_wconf 84' lang='lat' dir='ltr'><strong>quem</strong></span> 
     </span>
     <span class='ocr_line' id='line_1_35' title="bbox 189 2163 1739 2213; baseline -0.003 -10"><span class='ocrx_word' id='word_1_398' title='bbox 189 2165 407 2213; x_wconf 86' lang='lat' dir='ltr'><strong>aequinoctio</strong></span> <span class='ocrx_word' id='word_1_399' title='bbox 422 2165 500 2212; x_wconf 89' lang='lat' dir='ltr'><strong>ipso</strong></span> <span class='ocrx_word' id='word_1_400' title='bbox 513 2164 744 2200; x_wconf 87' lang='lat' dir='ltr'><strong>resurrexisse</strong></span> <span class='ocrx_word' id='word_1_401' title='bbox 760 2163 943 2208; x_wconf 82' lang='lat' dir='ltr'><strong>didicerat,</strong></span> <span class='ocrx_word' id='word_1_402' title='bbox 964 2163 1030 2200; x_wconf 88' lang='lat' dir='ltr'><strong>hoc</strong></span> <span class='ocrx_word' id='word_1_403' title='bbox 1053 2168 1105 2200; x_wconf 88' lang='lat' dir='ltr'><strong>est</strong></span> <span class='ocrx_word' id='word_1_404' title='bbox 1126 2176 1208 2200; x_wconf 83' lang='lat' dir='ltr'>xxv.</span> <span class='ocrx_word' id='word_1_405' title='bbox 1223 2164 1358 2206; x_wconf 78' lang='lat' dir='ltr'><strong>Martii,</strong></span> <span class='ocrx_word' id='word_1_406' title='bbox 1381 2175 1422 2199; x_wconf 90' lang='lat' dir='ltr'><strong>eo</strong></span> <span class='ocrx_word' id='word_1_407' title='bbox 1439 2164 1493 2199; x_wconf 84' lang='lat' dir='ltr'><strong>die</strong></span> <span class='ocrx_word' id='word_1_408' title='bbox 1508 2164 1739 2199; x_wconf 83' lang='lat' dir='ltr'><strong>resurrexisse</strong></span> 
     </span>
     <span class='ocr_line' id='line_1_36' title="bbox 189 2221 1741 2269; baseline -0.003 -10"><span class='ocrx_word' id='word_1_409' title='bbox 189 2223 348 2266; x_wconf 86' lang='lat' dir='ltr'><strong>credidit,</strong></span> <span class='ocrx_word' id='word_1_410' title='bbox 373 2233 441 2269; x_wconf 86' lang='lat' dir='ltr'><strong>quo</strong></span> <span class='ocrx_word' id='word_1_411' title='bbox 460 2222 667 2259; x_wconf 86' lang='lat' dir='ltr'><strong>Diocletiani</strong></span> <span class='ocrx_word' id='word_1_412' title='bbox 688 2225 844 2269; x_wconf 88' lang='lat' dir='ltr'><strong>tempore</strong></span> <span class='ocrx_word' id='word_1_413' title='bbox 867 2222 1125 2268; x_wconf 81' lang='lat' dir='ltr'><strong>aequinoctium</strong></span> <span class='ocrx_word' id='word_1_414' title='bbox 1146 2221 1277 2257; x_wconf 84' lang='lat' dir='ltr'><strong>incidit.</strong></span> <span class='ocrx_word' id='word_1_415' title='bbox 1323 2221 1417 2257; x_wconf 86' lang='lat' dir='ltr'><strong>Nam</strong></span> <span class='ocrx_word' id='word_1_416' title='bbox 1439 2232 1484 2256; x_wconf 89' lang='lat' dir='ltr'><strong>ex</strong></span> <span class='ocrx_word' id='word_1_417' title='bbox 1500 2222 1678 2263; x_wconf 82' lang='lat' dir='ltr'><strong>Anatolio,</strong></span> <span class='ocrx_word' id='word_1_418' title='bbox 1703 2224 1741 2255; x_wconf 89' lang='lat' dir='ltr'><strong>ut</strong></span> 
     </span>
     <span class='ocr_line' id='line_1_37' title="bbox 190 2277 1739 2328; baseline -0.003 -12"><span class='ocrx_word' id='word_1_419' title='bbox 190 2281 321 2328; x_wconf 90' lang='lat' dir='ltr'><strong>opinor,</strong></span> <span class='ocrx_word' id='word_1_420' title='bbox 342 2283 378 2315; x_wconf 91' lang='lat' dir='ltr'><strong>et</strong></span> <span class='ocrx_word' id='word_1_421' title='bbox 391 2279 635 2316; x_wconf 80' lang='lat' dir='ltr'><strong>Alexandrinis</strong></span> <span class='ocrx_word' id='word_1_422' title='bbox 650 2278 824 2315; x_wconf 73' lang='lat' dir='ltr'><strong>veteribus</strong></span> <span class='ocrx_word' id='word_1_423' title='bbox 843 2279 1102 2325; x_wconf 85' lang='lat' dir='ltr'><strong>aequinoctium</strong></span> <span class='ocrx_word' id='word_1_424' title='bbox 1116 2279 1234 2315; x_wconf 77' lang='lat' dir='ltr'><strong>Martii</strong></span> <span class='ocrx_word' id='word_1_425' title='bbox 1248 2291 1336 2315; x_wconf 86' lang='lat' dir='ltr'><strong>xxn.</strong></span> <span class='ocrx_word' id='word_1_426' title='bbox 1357 2278 1494 2321; x_wconf 86' lang='lat' dir='ltr'><strong>statuit,</strong></span> <span class='ocrx_word' id='word_1_427' title='bbox 1517 2289 1597 2312; x_wconf 90' lang='lat' dir='ltr'><strong>cum</strong></span> <span class='ocrx_word' id='word_1_428' title='bbox 1619 2277 1739 2313; x_wconf 84' lang='lat' dir='ltr'><strong>Nicae-</strong></span> 
     </span>
     <span class='ocr_line' id='line_1_38' title="bbox 189 2335 1740 2384; baseline -0.003 -10"><span class='ocrx_word' id='word_1_429' title='bbox 189 2349 275 2374; x_wconf 89' lang='lat' dir='ltr'><strong>num</strong></span> <span class='ocrx_word' id='word_1_430' title='bbox 290 2338 423 2384; x_wconf 84' lang='lat' dir='ltr'><strong>aliquot</strong></span> <span class='ocrx_word' id='word_1_431' title='bbox 436 2337 537 2372; x_wconf 84' lang='lat' dir='ltr'><strong>annis</strong></span> <span class='ocrx_word' id='word_1_432' title='bbox 551 2339 673 2383; x_wconf 85' lang='lat' dir='ltr'><strong>postea</strong></span> <span class='ocrx_word' id='word_1_433' title='bbox 688 2335 726 2371; x_wconf 90' lang='lat' dir='ltr'><strong>in</strong></span> <span class='ocrx_word' id='word_1_434' title='bbox 737 2335 942 2371; x_wconf 85' lang='lat' dir='ltr'><strong>vicesimum</strong></span> <span class='ocrx_word' id='word_1_435' title='bbox 955 2336 1107 2383; x_wconf 71' lang='lat' dir='ltr'><strong>primum</strong></span> <span class='ocrx_word' id='word_1_436' title='bbox 1122 2337 1287 2372; x_wconf 83' lang='lat' dir='ltr'><strong>intulerit.</strong></span> <span class='ocrx_word' id='word_1_437' title='bbox 1311 2335 1408 2371; x_wconf 88' lang='lat' dir='ltr'><strong>Unde</strong></span> <span class='ocrx_word' id='word_1_438' title='bbox 1424 2335 1483 2382; x_wconf 87' lang='lat' dir='ltr'><strong>qui</strong></span> <span class='ocrx_word' id='word_1_439' title='bbox 1499 2339 1740 2370; x_wconf 86' lang='lat' dir='ltr'><strong>successerunt</strong></span> 
     </span>
     <span class='ocr_line' id='line_1_39' title="bbox 189 2391 1740 2441; baseline -0.003 -11"><span class='ocrx_word' id='word_1_440' title='bbox 189 2393 617 2441; x_wconf 84' lang='lat' dir='ltr'><strong>Alexandrini-scriptores</strong></span> <span class='ocrx_word' id='word_1_441' title='bbox 633 2392 801 2436; x_wconf 70' lang='lat' dir='ltr'><strong>mm,</strong></span> <span class='ocrx_word' id='word_1_442' title='bbox 821 2392 887 2431; x_wconf 85' lang='lat' dir='ltr'><strong>hoc</strong></span> <span class='ocrx_word' id='word_1_443' title='bbox 910 2396 964 2428; x_wconf 89' lang='lat' dir='ltr'><strong>est</strong></span> <span class='ocrx_word' id='word_1_444' title='bbox 985 2405 1058 2429; x_wconf 84' lang='lat' dir='ltr'><strong>xxr.</strong></span> <span class='ocrx_word' id='word_1_445' title='bbox 1073 2394 1205 2436; x_wconf 80' lang='lat' dir='ltr'><strong>Martii,</strong></span> <span class='ocrx_word' id='word_1_446' title='bbox 1229 2393 1487 2439; x_wconf 84' lang='lat' dir='ltr'><strong>aequinoctium</strong></span> <span class='ocrx_word' id='word_1_447' title='bbox 1510 2391 1678 2434; x_wconf 82' lang='lat' dir='ltr'><strong>fixerunt3</strong></span> <span class='ocrx_word' id='word_1_448' title='bbox 1701 2396 1740 2427; x_wconf 88' lang='lat' dir='ltr'><strong>ut</strong></span> 
     </span>
     <span class='ocr_line' id='line_1_40' title="bbox 188 2449 1739 2496; baseline -0.003 -8"><span class='ocrx_word' id='word_1_449' title='bbox 188 2453 279 2488; x_wconf 88' lang='lat' dir='ltr'><strong>inter</strong></span> <span class='ocrx_word' id='word_1_450' title='bbox 290 2451 377 2487; x_wconf 87' lang='lat' dir='ltr'><strong>alios</strong></span> <span class='ocrx_word' id='word_1_451' title='bbox 387 2450 562 2487; x_wconf 74' lang='lat' dir='ltr'><strong>Pretorius</strong></span> <span class='ocrx_word' id='word_1_452' title='bbox 575 2449 831 2485; x_wconf 87' lang='lat' dir='ltr'><strong>Alexandrinus</strong></span> <span class='ocrx_word' id='word_1_453' title='bbox 847 2449 939 2496; x_wconf 85' lang='lat' dir='ltr'><strong>apud</strong></span> <span class='ocrx_word' id='word_1_454' title='bbox 954 2449 1085 2486; x_wconf 86' lang='lat' dir='ltr'><strong>Bedam</strong></span> <span class='ocrx_word' id='word_1_455' title='bbox 1099 2450 1160 2486; x_wconf 85' lang='lat' dir='ltr'><strong>lib.</strong></span> <span class='ocrx_word' id='word_1_456' title='bbox 1177 2450 1220 2485; x_wconf 89' lang='lat' dir='ltr'><strong>de</strong></span> <span class='ocrx_word' id='word_1_457' title='bbox 1230 2450 1435 2496; x_wconf 82' lang='lat' dir='ltr'><strong>Aequinoct.</strong></span> <span class='ocrx_word' id='word_1_458' title='bbox 1444 2449 1594 2491; x_wconf 86' lang='lat' dir='ltr'><strong>Vernali,</strong></span> <span class='ocrx_word' id='word_1_459' title='bbox 1612 2449 1671 2494; x_wconf 87' lang='lat' dir='ltr'><strong>qui</strong></span> <span class='ocrx_word' id='word_1_460' title='bbox 1687 2453 1739 2484; x_wconf 84' lang='lat' dir='ltr'><strong>est</strong></span> 
     </span>
     <span class='ocr_line' id='line_1_41' title="bbox 189 2505 1739 2555; baseline -0.003 -10"><span class='ocrx_word' id='word_1_461' title='bbox 189 2513 284 2545; x_wconf 87' lang='lat' dir='ltr'><strong>tomo</strong></span> <span class='ocrx_word' id='word_1_462' title='bbox 299 2521 351 2545; x_wconf 88' lang='lat' dir='ltr'><strong>m.</strong></span> <span class='ocrx_word' id='word_1_463' title='bbox 397 2507 431 2543; x_wconf 92' lang='lat' dir='ltr'><strong>Is</strong></span> <span class='ocrx_word' id='word_1_464' title='bbox 453 2507 597 2555; x_wconf 84' lang='lat' dir='ltr'><strong>inquam</strong></span> <span class='ocrx_word' id='word_1_465' title='bbox 620 2518 701 2541; x_wconf 81' lang='lat' dir='ltr'>xxv.</span> <span class='ocrx_word' id='word_1_466' title='bbox 716 2505 948 2550; x_wconf 86' lang='lat' dir='ltr'><strong>Phamenoth,</strong></span> <span class='ocrx_word' id='word_1_467' title='bbox 971 2507 1030 2553; x_wconf 88' lang='lat' dir='ltr'><strong>qui</strong></span> <span class='ocrx_word' id='word_1_468' title='bbox 1046 2510 1100 2542; x_wconf 89' lang='lat' dir='ltr'><strong>est</strong></span> <span class='ocrx_word' id='word_1_469' title='bbox 1115 2519 1176 2543; x_wconf 79' lang='lat' dir='ltr'><strong>xri.</strong></span> <span class='ocrx_word' id='word_1_470' title='bbox 1192 2506 1269 2542; x_wconf 86' lang='lat' dir='ltr'><strong>Kal.</strong></span> <span class='ocrx_word' id='word_1_471' title='bbox 1282 2507 1378 2553; x_wconf 89' lang='lat' dir='ltr'><strong>Apr.‚</strong></span> <span class='ocrx_word' id='word_1_472' title='bbox 1394 2506 1654 2552; x_wconf 82' lang='lat' dir='ltr'><strong>aequinoctium</strong></span> <span class='ocrx_word' id='word_1_473' title='bbox 1669 2507 1739 2544; x_wconf 85' lang='lat' dir='ltr'><strong>col-</strong></span> 
     </span>
     <span class='ocr_line' id='line_1_42' title="bbox 190 2561 1739 2611; baseline -0.003 -9"><span class='ocrx_word' id='word_1_474' title='bbox 190 2566 332 2608; x_wconf 83' lang='lat' dir='ltr'><strong>locavit,</strong></span> <span class='ocrx_word' id='word_1_475' title='bbox 354 2564 479 2601; x_wconf 88' lang='lat' dir='ltr'><strong>Leonis</strong></span> <span class='ocrx_word' id='word_1_476' title='bbox 497 2575 608 2611; x_wconf 84' lang='lat' dir='ltr'><strong>papae</strong></span> <span class='ocrx_word' id='word_1_477' title='bbox 631 2562 858 2610; x_wconf 85' lang='lat' dir='ltr'><strong>temporibus.</strong></span> <span class='ocrx_word' id='word_1_478' title='bbox 904 2562 1026 2610; x_wconf 87' lang='lat' dir='ltr'><strong>Itaque</strong></span> <span class='ocrx_word' id='word_1_479' title='bbox 1041 2562 1239 2610; x_wconf 73' lang='grc' dir='ltr'>μνημονικὸν</span> <span class='ocrx_word' id='word_1_480' title='bbox 1255 2566 1310 2598; x_wconf 87' lang='lat' dir='ltr'><strong>est</strong></span> <span class='ocrx_word' id='word_1_481' title='bbox 1325 2561 1502 2609; x_wconf 76' lang='grc' dir='ltr'>ἁμάρτημα</span> <span class='ocrx_word' id='word_1_482' title='bbox 1517 2562 1739 2599; x_wconf 84' lang='lat' dir='ltr'><strong>eruditissimi</strong></span> 
     </span>
     <span class='ocr_line' id='line_1_43' title="bbox 190 2619 1737 2669; baseline -0.003 -11"><span class='ocrx_word' id='word_1_483' title='bbox 190 2622 342 2669; x_wconf 85' lang='lat' dir='ltr'><strong>Kepleri,</strong></span> <span class='ocrx_word' id='word_1_484' title='bbox 362 2621 445 2658; x_wconf 84' lang='lat' dir='ltr'><strong>dum</strong></span> <span class='ocrx_word' id='word_1_485' title='bbox 459 2622 496 2657; x_wconf 94' lang='lat' dir='ltr'><strong>in</strong></span> <span class='ocrx_word' id='word_1_486' title='bbox 510 2621 650 2667; x_wconf 83' lang='lat' dir='ltr'><strong>Eclogis</strong></span> <span class='ocrx_word' id='word_1_487' title='bbox 665 2630 747 2667; x_wconf 86' lang='lat' dir='ltr'><strong>pag.</strong></span> <span class='ocrx_word' id='word_1_488' title='bbox 764 2619 838 2655; x_wconf 83' lang='lat'><strong>193.</strong></span> <span class='ocrx_word' id='word_1_489' title='bbox 868 2619 1060 2656; x_wconf 78' lang='lat' dir='ltr'><strong>Pretorium</strong></span> <span class='ocrx_word' id='word_1_490' title='bbox 1075 2620 1125 2655; x_wconf 87' lang='lat' dir='ltr'><strong>ait</strong></span> <span class='ocrx_word' id='word_1_491' title='bbox 1139 2620 1231 2655; x_wconf 85' lang='lat' dir='ltr'><strong>circa</strong></span> <span class='ocrx_word' id='word_1_492' title='bbox 1245 2620 1384 2655; x_wconf 88' lang='lat' dir='ltr'><strong>initium</strong></span> <span class='ocrx_word' id='word_1_493' title='bbox 1398 2619 1606 2655; x_wconf 82' lang='lat' dir='ltr'><strong>Diocletiani</strong></span> <span class='ocrx_word' id='word_1_494' title='bbox 1620 2621 1737 2666; x_wconf 88' lang='lat' dir='ltr'><strong>aequi-</strong></span> 
     </span>
     <span class='ocr_line' id='line_1_44' title="bbox 191 2676 1738 2723; baseline -0.001 -8"><span class='ocrx_word' id='word_1_495' title='bbox 191 2679 408 2717; x_wconf 63' lang='lat' dir='ltr'><strong>noctium.</strong></span> <span class='ocrx_word' id='word_1_496' title='bbox 418 2678 495 2715; x_wconf 82' lang='lat' dir='ltr'><strong>Kal.</strong></span> <span class='ocrx_word' id='word_1_497' title='bbox 511 2677 702 2720; x_wconf 81' lang='lat' dir='ltr'><strong>definiiss03</strong></span> <span class='ocrx_word' id='word_1_498' title='bbox 725 2676 786 2712; x_wconf 88' lang='lat' dir='ltr'><strong>sed</strong></span> <span class='ocrx_word' id='word_1_499' title='bbox 801 2676 963 2712; x_wconf 89' lang='lat' dir='ltr'><strong>Anatolio</strong></span> <span class='ocrx_word' id='word_1_500' title='bbox 978 2676 1014 2711; x_wconf 90' lang='lat' dir='ltr'><strong>id</strong></span> <span class='ocrx_word' id='word_1_501' title='bbox 1029 2677 1207 2719; x_wconf 82' lang='lat' dir='ltr'><strong>convenit,</strong></span> <span class='ocrx_word' id='word_1_502' title='bbox 1228 2677 1326 2711; x_wconf 87' lang='lat' dir='ltr'><strong>cuius</strong></span> <span class='ocrx_word' id='word_1_503' title='bbox 1347 2677 1480 2713; x_wconf 86' lang='lat' dir='ltr'><strong>illustre</strong></span> <span class='ocrx_word' id='word_1_504' title='bbox 1501 2676 1738 2723; x_wconf 79' lang='lat' dir='ltr'><strong>fragmentum</strong></span> 
     </span>
     <span class='ocr_line' id='line_1_45' title="bbox 194 2732 1737 2780; baseline 0 -11"><span class='ocrx_word' id='word_1_505' title='bbox 194 2735 354 2772; x_wconf 81' lang='lat' dir='ltr'><strong>describit</strong></span> <span class='ocrx_word' id='word_1_506' title='bbox 363 2734 533 2772; x_wconf 85' lang='lat' dir='ltr'><strong>Eusebius</strong></span> <span class='ocrx_word' id='word_1_507' title='bbox 547 2735 607 2770; x_wconf 91' lang='lat' dir='ltr'><strong>lib.</strong></span> <span class='ocrx_word' id='word_1_508' title='bbox 619 2746 680 2770; x_wconf 86' lang='lat' dir='ltr'><strong>vu.</strong></span> <span class='ocrx_word' id='word_1_509' title='bbox 696 2744 770 2780; x_wconf 82' lang='lat' dir='ltr'><strong>cap.</strong></span> <span class='ocrx_word' id='word_1_510' title='bbox 783 2745 879 2770; x_wconf 79' lang='lat' dir='ltr'>xxvx.</span> <span class='ocrx_word' id='word_1_511' title='bbox 897 2743 942 2768; x_wconf 85' lang='lat' dir='ltr'><strong>ex</strong></span> <span class='ocrx_word' id='word_1_512' title='bbox 957 2733 1112 2769; x_wconf 88' lang='lat' dir='ltr'><strong>eiusdem</strong></span> <span class='ocrx_word' id='word_1_513' title='bbox 1127 2732 1350 2768; x_wconf 84' lang='lat' dir='ltr'><strong>Paschalibus</strong></span> <span class='ocrx_word' id='word_1_514' title='bbox 1363 2733 1579 2776; x_wconf 84' lang='lat' dir='ltr'><strong>Canonibus‚</strong></span> <span class='ocrx_word' id='word_1_515' title='bbox 1595 2734 1687 2780; x_wconf 90' lang='lat' dir='ltr'><strong>quod</strong></span> <span class='ocrx_word' id='word_1_516' title='bbox 1703 2739 1737 2770; x_wconf 87' lang='lat' dir='ltr'><strong>et</strong></span> 
     </span>
     <span class='ocr_line' id='line_1_46' title="bbox 194 2789 1736 2838; baseline 0.001 -12"><span class='ocrx_word' id='word_1_517' title='bbox 194 2791 290 2827; x_wconf 86' lang='lat' dir='ltr'><strong>Beda</strong></span> <span class='ocrx_word' id='word_1_518' title='bbox 303 2795 550 2828; x_wconf 84' lang='lat' dir='ltr'><strong>commemorat</strong></span> <span class='ocrx_word' id='word_1_519' title='bbox 562 2791 622 2826; x_wconf 91' lang='lat' dir='ltr'><strong>lib.</strong></span> <span class='ocrx_word' id='word_1_520' title='bbox 639 2791 680 2826; x_wconf 89' lang='lat' dir='ltr'><strong>de</strong></span> <span class='ocrx_word' id='word_1_521' title='bbox 695 2790 938 2836; x_wconf 86' lang='lat' dir='ltr'><strong>Aequinoctio,</strong></span> <span class='ocrx_word' id='word_1_522' title='bbox 959 2789 1021 2824; x_wconf 89' lang='lat' dir='ltr'><strong>ubi</strong></span> <span class='ocrx_word' id='word_1_523' title='bbox 1042 2794 1076 2824; x_wconf 84' lang='lat' dir='ltr'><strong>et</strong></span> <span class='ocrx_word' id='word_1_524' title='bbox 1091 2790 1244 2825; x_wconf 82' lang='lat' dir='ltr'><strong>Anatolii</strong></span> <span class='ocrx_word' id='word_1_525' title='bbox 1262 2790 1366 2825; x_wconf 79' lang='lat' dir='ltr'><strong>verba</strong></span> <span class='ocrx_word' id='word_1_526' title='bbox 1386 2801 1430 2826; x_wconf 84' lang='lat' dir='ltr'><strong>ex</strong></span> <span class='ocrx_word' id='word_1_527' title='bbox 1452 2791 1736 2838; x_wconf 75' lang='lat' dir='ltr'><strong>depravatissimo</strong></span> 
     </span>
     <span class='ocr_line' id='line_1_47' title="bbox 195 2838 1734 2895; baseline 0.001 -12"><span class='ocrx_word' id='word_1_528' title='bbox 195 2838 327 2883; x_wconf 74' lang='lat' dir='ltr'><strong>Ruffini</strong></span> <span class='ocrx_word' id='word_1_529' title='bbox 337 2848 617 2895; x_wconf 78' lang='lat' dir='ltr'><strong>interpretatione</strong></span> <span class='ocrx_word' id='word_1_530' title='bbox 632 2858 812 2895; x_wconf 87' lang='lat' dir='ltr'><strong>perperam</strong></span> <span class='ocrx_word' id='word_1_531' title='bbox 829 2850 970 2894; x_wconf 85' lang='lat' dir='ltr'><strong>accepta</strong></span> <span class='ocrx_word' id='word_1_532' title='bbox 979 2847 1129 2882; x_wconf 88' lang='lat' dir='ltr'><strong>alienam</strong></span> <span class='ocrx_word' id='word_1_533' title='bbox 1141 2847 1178 2882; x_wconf 89' lang='lat' dir='ltr'><strong>in</strong></span> <span class='ocrx_word' id='word_1_534' title='bbox 1190 2847 1398 2883; x_wconf 87' lang='lat' dir='ltr'><strong>sententiam</strong></span> <span class='ocrx_word' id='word_1_535' title='bbox 1409 2847 1598 2894; x_wconf 81' lang='lat' dir='ltr'><strong>detorquet.</strong></span> <span class='ocrx_word' id='word_1_536' title='bbox 1623 2848 1734 2890; x_wconf 85' lang='lat' dir='ltr'><strong>Quare</strong></span> 
     </span>
     <span class='ocr_line' id='line_1_48' title="bbox 195 2903 1733 2952; baseline 0.001 -12"><span class='ocrx_word' id='word_1_537' title='bbox 195 2914 275 2940; x_wconf 88' lang='lat' dir='ltr'><strong>cum</strong></span> <span class='ocrx_word' id='word_1_538' title='bbox 295 2914 342 2940; x_wconf 84' lang='lat' dir='ltr'><strong>ex</strong></span> <span class='ocrx_word' id='word_1_539' title='bbox 362 2915 403 2941; x_wconf 81' lang='lat' dir='ltr'><strong>eo</strong></span> <span class='ocrx_word' id='word_1_540' title='bbox 421 2904 572 2942; x_wconf 79' lang='lat' dir='ltr'><strong>Anatolii</strong></span> <span class='ocrx_word' id='word_1_541' title='bbox 594 2906 729 2940; x_wconf 89' lang='lat' dir='ltr'><strong>decreto</strong></span> <span class='ocrx_word' id='word_1_542' title='bbox 755 2907 923 2951; x_wconf 88' lang='lat' dir='ltr'><strong>tanquam</strong></span> <span class='ocrx_word' id='word_1_543' title='bbox 950 2914 996 2938; x_wconf 85' lang='lat' dir='ltr'><strong>ex</strong></span> <span class='ocrx_word' id='word_1_544' title='bbox 1021 2903 1116 2938; x_wconf 80' lang='lat' dir='ltr'><strong>fonte</strong></span> <span class='ocrx_word' id='word_1_545' title='bbox 1138 2903 1323 2950; x_wconf 84' lang='lat' dir='ltr'><strong>Epiphauii</strong></span> <span class='ocrx_word' id='word_1_546' title='bbox 1343 2904 1498 2940; x_wconf 89' lang='lat' dir='ltr'><strong>doctrina</strong></span> <span class='ocrx_word' id='word_1_547' title='bbox 1519 2904 1733 2952; x_wconf 86' lang='lat' dir='ltr'><strong>profluxerit,</strong></span> 
     </span>
     <span class='ocr_line' id='line_1_49' title="bbox 196 2960 1655 3010; baseline 0.002 -14"><span class='ocrx_word' id='word_1_548' title='bbox 196 2961 296 2996; x_wconf 90' lang='lat' dir='ltr'><strong>nobis</strong></span> <span class='ocrx_word' id='word_1_549' title='bbox 310 2961 483 3008; x_wconf 70' lang='lat' dir='ltr'><strong>integram</strong></span> <span class='ocrx_word' id='word_1_550' title='bbox 497 2973 568 2999; x_wconf 91' lang='lat' dir='ltr'><strong>non</strong></span> <span class='ocrx_word' id='word_1_551' title='bbox 583 2965 653 3006; x_wconf 86' lang='lat' dir='ltr'><strong>est,</strong></span> <span class='ocrx_word' id='word_1_552' title='bbox 669 2966 740 2997; x_wconf 86' lang='lat' dir='ltr'><strong>tam</strong></span> <span class='ocrx_word' id='word_1_553' title='bbox 755 2961 926 2998; x_wconf 84' lang='lat' dir='ltr'><strong>illustrem</strong></span> <span class='ocrx_word' id='word_1_554' title='bbox 941 2960 1209 3008; x_wconf 86' lang='lat' dir='ltr'><strong>disputationem</strong></span> <span class='ocrx_word' id='word_1_555' title='bbox 1224 2961 1361 2998; x_wconf 86' lang='lat' dir='ltr'><strong>silentio</strong></span> <span class='ocrx_word' id='word_1_556' title='bbox 1377 2963 1655 3010; x_wconf 87' lang='lat' dir='ltr'><strong>praetermittere.</strong></span> 
     </span>
    </p>
   </div>
  </div>
 </body>
</html>
