2008 3294
155 983 183 1008 p.
195 975 254 1002 314.

288 227 523 265 OCLXXVIII

287 333 353 368 bus
369 343 503 368 morem
518 331 577 366 ille
594 341 718 378 gerens
734 331 904 378 principio
919 330 1144 366 Sirmiensem
1160 329 1281 364 ἔκθεσιν
1297 330 1469 377 proponit,
1485 331 1631 366 eandem
1645 331 1748 378 plane
1765 342 1844 367 cum

287 400 345 432 ea,
369 400 475 436 quam
498 388 658 423 Socrates
682 391 717 423 et
731 387 942 423 Athanasius
964 388 1135 431 referunt,
1159 388 1258 422 cuius
1283 390 1421 422 autores
1438 387 1560 423 Osium
1583 399 1623 423 ac
1646 388 1844 424 Potamium

287 447 381 482 facit.
419 445 568 481 Subiicit
583 445 706 480 deinde
723 445 952 481 Orientalium
966 445 1159 488 decretum,
1185 444 1276 491 quod
1299 444 1464 480 adversus
1486 445 1591 481 istam
1604 445 1792 481 formulam
1805 446 1846 481 in

287 504 472 549 Ancyrano
489 503 635 538 concilio
652 506 821 538 statutum
837 506 906 546 est,
921 502 1025 550 idque
1041 513 1120 538 cum
1135 501 1280 536 mirifice
1295 501 1487 549 praedicat,
1501 505 1579 538 tum
1593 503 1753 549 singulas
1769 503 1844 538 eius

288 561 477 595 sententias
485 564 519 595 et
527 558 834 595 anathematismos
843 560 1016 595 uberrime
1025 560 1188 595 declarat.
1203 558 1384 594 Postremo
1391 559 1544 606 reliquas
1557 560 1601 595 ab
1610 559 1844 596 Orientalibus

288 617 398 652 editas
406 617 652 664 professiones,
665 627 755 663 quae
763 613 843 652 cum
851 617 1022 653 catholica
1029 617 1096 652 fide
1109 619 1362 651 consentaneae
1373 619 1467 659 sunt,
1480 617 1632 664 exponit,
1649 616 1783 659 Quibus
1794 618 1846 653 ita

287 674 478 721 praefatur:
497 674 646 720 Diqnum
662 679 773 709 autem
786 680 836 709 est
849 677 1056 710 conscientia
1069 677 1233 709 comacum·
1244 676 1346 708 etiam
1359 681 1516 709 caeteras
1527 676 1705 710 eorundem
1717 677 1846 722 episco-

281 744 405 778 porum
417 732 632 767 on'entalium
649 733 720 766 div
729 734 840 766 ersis
855 744 872 766 e
882 738 896 766 t
909 733 945 767 lo
955 735 1020 766 cis
1036 738 1076 766 et
1090 738 1127 766 te
1137 744 1198 778 mp
1207 731 1300 766 orib
1309 742 1356 765 us
1373 733 1684 778 conscriptasfides
1696 743 1844 775 noscere,

287 795 325 823 ut
332 802 399 836 per
407 790 527 835 plures
544 791 768 835 confessiones
788 791 972 824 sinceritas
996 791 1222 824 conscientiae
1243 791 1352 835 possit
1373 789 1529 834 intelliyi.
1576 788 1703 824 subdit
1722 793 1846 836 postea

288 846 504 882 Sardicensis
520 845 747 882 Orientalium
768 846 894 892 synodi
914 846 1112 882 formulam.
1151 846 1242 881 Tum
1264 846 1315 880 ita
1335 845 1467 892 pergit:
1501 845 1708 892 Consequens
1735 853 1846 882 autem

289 909 352 946 est,
368 909 407 938 ut
420 915 494 938 eam
510 916 599 939 nunc
606 905 711 950 fidem
725 909 964 946 retractemus,
987 915 1074 949 quae
1089 915 1154 938 non
1168 904 1247 938 olim
1263 909 1358 945 tuuc,
1381 914 1456 937 cum
1471 902 1636 938 Photinus
1651 906 1848 950 episcopatu

289 963 439 996 deiectus
465 963 762 1012 estbeonscn‘pta
792 966 850 996 est.
896 961 984 996 Mox
1007 960 1207 996 Sirmiensis
1236 960 1374 996 concilii
1396 959 1649 1006 professionem
1673 960 1846 996 describit.

289 1018 398 1053 Satin’
410 1021 528 1064 aperte
535 1010 698 1055 fantinum
714 1018 810 1053 illam
825 1018 1124 1065 posterioremque
1134 1017 1321 1053 formulam
1337 1017 1382 1052 ab
1395 1017 1490 1061 Osio,
1506 1020 1547 1052 ut
1561 1017 1690 1060 scribit,
1707 1017 1846 1061 editam,

289 1087 310 1110 a
323 1075 505 1110 Sirmiensi
520 1075 666 1111 concilio
683 1079 831 1122 separat,
848 1075 940 1122 quod
956 1075 1126 1110 diverso
1143 1078 1336 1121 tempore
1352 1075 1564 1110 celebratum
1579 1074 1753 1110 affirmat?
1776 1074 1847 1110 Sed

289 1136 324 1167 et
338 1142 418 1167 cum
434 1133 484 1167 ita
497 1132 662 1179 loquitur,
679 1139 772 1168 tunc
790 1144 864 1167 cum
879 1133 1044 1167 Photinus
1059 1135 1256 1178 episcopatu
1273 1133 1421 1166 deiectus
1437 1138 1499 1174 est,
1523 1132 1675 1178 itemque
1691 1143 1770 1167 cum
1785 1143 1847 1171 ex-

288 1190 496 1236 positionem
508 1189 591 1225 fidei
602 1194 722 1225 contra
733 1189 919 1224 Photinum
935 1189 1100 1236 scriptam
1116 1190 1309 1236 explicans,
1325 1188 1379 1224 his
1394 1189 1509 1224 verbis
1526 1189 1672 1224 orditur:
1689 1189 1848 1224 Necessi-

290 1254 344 1282 tas
359 1254 392 1282 et
405 1254 532 1294 tempus
547 1249 721 1282 admonuit
735 1259 790 1282 eos
805 1249 863 1294 qui
885 1253 963 1281 tum
986 1252 1213 1282 convenerant
1219 1258 1288 1293 per
1301 1247 1504 1292 multiplices
1519 1249 1729 1292 quaestiones
1742 1247 1848 1281 lanies

290 1316 333 1339 ac
350 1306 507 1351 diffusius
522 1307 758 1351 expositionem
766 1306 854 1350 fidei
868 1305 1031 1339 ordinare
1047 1309 1121 1346 etc„
1142 1315 1214 1338 non
1231 1304 1376 1339 obscure
1392 1303 1485 1338 aliud
1506 1303 1600 1339 illius
1615 1307 1753 1351 tempus
1770 1314 1847 1340 esse

288 1361 473 1407 significat.
519 1361 593 1396 Hoc
617 1362 711 1396 enim
733 1364 863 1396 attente
880 1361 1090 1396 considerari
1104 1361 1284 1405 volumus,
1308 1361 1402 1407 quod
1417 1371 1495 1396 cum
1512 1360 1674 1408 deinceps
1691 1367 1848 1396 caeteras

290 1420 465 1453 eorundem
482 1419 696 1454 orientalium
713 1420 944 1464 episcoporum
961 1419 1105 1453 diversis
1121 1424 1153 1453 et
1167 1419 1251 1454 locis
1267 1425 1300 1454 et
1314 1419 1514 1465 temporibus
1537 1421 1752 1465 conscriptas
1757 1420 1848 1465 fides

290 1476 530 1522 expositurum
553 1487 591 1510 se
615 1487 691 1511 esse
715 1475 976 1520 dennuciasset,
999 1475 1133 1510 nullam
1155 1478 1292 1522 praeter
1307 1475 1548 1511 Sardicensem
1571 1479 1607 1511 et
1621 1475 1847 1512 Sirmiensem

290 1537 411 1568 contra
422 1532 609 1568 Photinum
621 1533 748 1568 editam
761 1533 956 1568 subiecerit.
979 1532 1033 1568 lix
1045 1543 1115 1580 quo
1127 1533 1325 1568 necessario
1341 1533 1506 1579 sequitur,
1522 1544 1595 1568 non
1610 1533 1727 1569 minus
1742 1533 1847 1570 istam

290 1601 395 1637 quam
408 1589 660 1634 Sardicensem,
676 1591 707 1625 si
722 1602 792 1626 non
807 1590 894 1626 locis
911 1590 955 1625 ab
973 1589 1103 1625 Osiana
1118 1593 1153 1625 et
1166 1589 1292 1625 Latina
1306 1590 1496 1637 posteriore
1512 1590 1667 1634 diversis,
1682 1591 1847 1639 tempori·

290 1647 355 1682 bus
372 1651 462 1682 certe
485 1658 556 1683 non
579 1648 703 1683 iisdem
727 1659 803 1683 esse
827 1648 1070 1696 conscriptam.
1117 1647 1295 1683 Postremo
1313 1647 1481 1694 Sulpitius
1497 1647 1646 1683 Severus
1661 1648 1720 1684 lib.
1732 1659 1772 1685 n.
1787 1648 1847 1684 Hi·

289 1704 416 1739 storiae
433 1704 559 1740 Sacrae
581 1705 713 1752 liquida
733 1708 922 1752 apertaque
942 1705 1140 1741 narratione
1154 1704 1266 1741 multo
1281 1704 1318 1740 id
1332 1704 1481 1740 validius
1497 1704 1688 1742 confirmat.
1720 1705 1850 1742 Scribit

291 1762 383 1797 enim
399 1766 480 1808 post
495 1762 735 1798 Sardicensem
752 1762 925 1809 synodum
941 1766 976 1798 et
991 1761 1127 1798 Ursacii
1145 1772 1186 1798 ac
1201 1762 1358 1799 Valentis
1379 1762 1646 1809 poenitentiam,
1668 1762 1846 1799 interiecto

292 1818 413 1854 deinde
428 1823 600 1866 tempore,
623 1830 703 1855 cum
718 1819 928 1856 Athanasius
944 1820 1166 1863 Marcellum,
1187 1818 1248 1867 qui
1265 1819 1303 1855 iu
1319 1818 1517 1855 Sardicensi
1532 1819 1679 1855 concilio
1695 1829 1717 1854 a
1731 1818 1851 1856 catho-

291 1876 365 1910 licis
390 1879 464 1911 erat
487 1876 683 1920 absolutus,
706 1888 831 1924 parum
852 1888 958 1913 sanae
973 1877 1056 1913 fidei
1071 1880 1286 1924 compertum
1303 1886 1325 1911 a
1340 1877 1585 1913 communione
1600 1876 1848 1924 suspendisset,

292 1932 437 1967 Arianos
454 1943 495 1968 ea
510 1934 688 1969 occasione
704 1935 850 1970 libenter
867 1945 966 1978 usos,
989 1945 1057 1981 quo
1075 1934 1290 1970 Sardicensis
1306 1933 1434 1980 synodi
1449 1933 1585 1970 decreta
1599 1934 1849 1971 subverterent.

292 1989 402 2036 Igitur
425 1994 539 2025 astuto
569 1991 714 2027 consilio
738 1991 892 2035 Photini,
921 1992 1076 2027 Marcelli
1105 1996 1140 2027 et
1162 1990 1343 2027 Athanasii
1368 1991 1627 2027 damnationem
1654 1993 1848 2028 miscuisse.

294 2046 381 2082 Cum
398 2047 491 2082 enim
507 2048 685 2094 propalam
701 2048 820 2083 Ariani
837 2049 960 2084 erroris
977 2049 1031 2084 sui
1048 2049 1214 2096 dogmata
1234 2047 1430 2096 praedicare
1453 2060 1522 2084 non
1544 2048 1710 2094 auderent
1731 2059 1773 2085 ac
1793 2059 1848 2085 ca-

293 2103 440 2139 tholicos
457 2114 495 2139 se
511 2109 680 2150 gererent,
696 2104 782 2140 nihil
798 2106 893 2152 prius
909 2106 977 2141 sibi
992 2106 1166 2152 agendum
1182 2109 1275 2141 ratos
1291 2115 1367 2140 esse
1384 2115 1489 2152 quam
1505 2109 1544 2140 nt
1558 2104 1788 2141 Athanasium
1803 2106 1847 2142 ab

295 2161 441 2197 ecclesia
455 2161 708 2198 submoverent.
752 2162 821 2198 Sed
837 2173 917 2198 cum
933 2162 1051 2198 literas
1067 2163 1109 2198 de
1124 2162 1185 2198 illa
1200 2161 1354 2205 Photini,
1371 2162 1526 2198 Marcelli
1543 2166 1578 2197 et
1595 2161 1773 2199 Athanasii
1789 2163 1848 2198 da-

294 2218 472 2254 mnatione
488 2217 679 2262 dedissent,
702 2219 867 2255 restitisse
884 2218 1073 2255 catholicos
1090 2220 1228 2263 scribit,
1252 2222 1356 2266 atque
1380 2218 1470 2255 inter
1493 2222 1648 2255 caeteros
1663 2219 1848 2256 Paulinum

295 2276 543 2311 Treverensem
563 2276 614 2311 ita
636 2276 899 2324 subscripsisse,
921 2287 958 2313 se
980 2277 1017 2313 in
1033 2275 1171 2313 Photini
1186 2280 1289 2323 atque
1306 2276 1461 2312 Marcelli
1476 2275 1735 2312 damnationem
1751 2288 1848 2325 prae·

296 2333 377 2368 bere
393 2342 619 2376 consensum,
643 2332 685 2369 de
701 2332 887 2370 Athanasio
912 2345 982 2370 non
1005 2334 1164 2381 probare.
1212 2333 1325 2377 Quare
1350 2344 1429 2369 cum
1444 2333 1582 2370 illorum
1598 2333 1640 2369 de
1657 2333 1847 2372 Athanasio

297 2390 470 2426 sententia
484 2389 729 2437 repudiaretur,
750 2390 903 2438 plerique
920 2402 941 2427 a
956 2390 1160 2427 Constantio
1176 2391 1336 2438 relegati,
1360 2401 1401 2426 ae
1423 2394 1496 2427 tum
1512 2390 1723 2427 Arelatensis
1741 2395 1775 2427 et
1790 2391 1848 2428 Bi-

296 2446 460 2483 terrensis
479 2446 604 2493 synodi
627 2446 852 2491 celebrantur,
874 2448 954 2484 inde
969 2448 1256 2492 Mediolanensis3
1280 2448 1316 2483 in
1341 2457 1410 2495 qua
1430 2447 1586 2495 insignes
1611 2449 1753 2495 quidam
1777 2449 1849 2497 epi-

297 2504 394 2552 scopi
410 2504 446 2540 in
462 2504 606 2540 exilium
623 2504 731 2551 pulsi,
746 2503 934 2551 Dionysius
949 2505 1237 2549 Mediobnensls,
1259 2504 1430 2541 Eusebius
1442 2502 1689 2549 vercellensis,
1710 2506 1848 2542 Lucifer

298 2560 526 2605 calaritanus,
543 2560 699 2596 Liberius
716 2571 852 2608 quoque
868 2566 902 2597 et
914 2562 1072 2600 Hilarius.
1098 2562 1194 2606 Quae
1210 2563 1327 2598 omnia
1339 2561 1523 2599 Arbetione
1539 2566 1573 2597 et
1585 2562 1740 2599 Lolliano
1757 2573 1847 2599 coss.

300 2618 390 2653 saeta
404 2629 481 2654 esse
497 2618 626 2654 scribit.
657 2617 749 2653 Haec
766 2619 966 2655 summatim
982 2619 1160 2668 Sulpitius.
1200 2619 1332 2664 Quibus
1348 2619 1504 2667 superior
1518 2618 1576 2654 ille
1592 2620 1733 2667 agnitus
1749 2630 1771 2655 a
1785 2631 1847 2656 no-

301 2675 351 2710 bis
369 2679 403 2710 et
418 2675 611 2723 patefactus
634 2685 727 2711 error
750 2675 975 2714 convincitur.
1008 2676 1110 2713 Vides
1135 2677 1227 2713 enim
1251 2680 1331 2725 post
1353 2674 1593 2713 Sardieeusem
1616 2677 1789 2723 synodum
1813 2680 1848 2714 et

299 2736 453 2779 receptos
469 2732 503 2768 in
522 2732 799 2768 communIouem
818 2731 997 2769 Ursacium
1019 2743 1060 2770 ac
1074 2733 1271 2778 Valentem,
1293 2733 1468 2781 aliquanto
1486 2737 1640 2785 tempore
1656 2734 1846 2779 interiecto,

300 2789 521 2826 Sirmiensem
535 2790 698 2825 adversus
711 2788 895 2826 Photinum
908 2790 1113 2826 celebratam
1131 2790 1312 2838 synodum,
1329 2794 1408 2826 ante
1422 2789 1656 2826 Arelatensem
1669 2795 1704 2826 et
1715 2791 1846 2827 Medio-

300 2846 495 2887 lanensem,
516 2857 579 2882 nec
596 2858 665 2882 non
683 2850 869 2894 antequam
885 2846 1043 2883 Liberius
1059 2858 1164 2895 papa,
1188 2847 1371 2892 Eusebius,
1392 2847 1518 2895 aliique
1541 2848 1844 2894 proscriberentur.

300 2902 404 2951 Atqui
421 2903 685 2939 conciliabulum
702 2904 918 2947 Arelatense,
942 2904 1034 2952 quod
1051 2915 1072 2940 a
1088 2905 1274 2941 Saturnino
1292 2903 1498 2941 celebratum
1518 2908 1588 2947 est,
1613 2916 1703 2941 anno
1721 2905 1846 2941 Christi

302 2969 447 2996 eccam.
470 2960 632 3006 contigit.
654 2971 733 2996 cum
750 2960 876 2997 Sirmio
901 2961 935 2997 in
953 2960 1082 2998 Gallias
1099 2962 1272 3009 proiectus
1292 2965 1381 2997 esset
1398 2960 1639 3006 Constantius,
1663 2966 1701 2998 nt
1723 2963 1760 2998 in
1776 2962 1845 2998 An·

301 3016 437 3053 nalibus
450 3016 585 3063 legitur,
602 3017 857 3054 Mediolanense
870 3029 951 3054 vero
964 3029 1054 3054 anno
1068 3028 1192 3055 eccm.
1211 3018 1394 3055 Arbetione
1406 3021 1440 3053 et
1452 3017 1607 3054 Lolliano
1621 3030 1709 3056 coss.
1732 3019 1844 3056 Tanto

302 3074 407 3121 igitur
421 3066 500 3110 'ante
516 3076 669 3121 tempore
685 3073 868 3111 damnatus
884 3073 1050 3111 Photinus
1066 3085 1106 3112 ae
1120 3074 1320 3113 Sirmiensi·
1335 3078 1475 3122 peracta
1489 3075 1643 3122 synodus
1661 3079 1722 3120 est,
1739 3086 1845 3123 quam
