2008 3294
299 221 446 274 Lxxw

301 338 346 362 ex
361 327 404 362 iis
421 325 634 373 argumentis
650 326 852 362 coniicimus
868 337 956 373 quae
971 331 1052 364 sunt
1068 331 1171 368 antea
1185 329 1374 375 proposita.
1404 328 1511 375 Atqui
1523 338 1566 365 cr.
1583 330 1667 366 anni
1682 341 1704 366 a
1719 330 1847 366 Christi

300 388 377 420 ortu
392 384 436 419 ad
451 383 538 419 illud
557 386 694 430 tempus
718 384 826 430 elapsi
847 388 1080 421 numerantur.
1126 386 1180 420 Ita
1203 385 1343 431 quidem
1362 385 1533 422 Iustinus:
1557 387 1619 422 sed
1642 398 1721 423 cum
1741 389 1846 434 paulo

299 442 447 477 fortasse
461 441 540 487 plus
557 451 625 476 cxx.
647 441 749 476 annis
771 436 975 486 fluxissent,
993 443 1158 486 rotundo,
1179 446 1220 477 ιιι
1239 443 1384 486 assolet,
1404 454 1548 479 numero
1573 447 1653 480 ante
1673 455 1783 480 annos
1800 455 1845 482 cr.

300 499 400 534 dixit.
429 498 482 533 De
496 497 647 532 Eusebio
664 498 828 544 expedita
841 510 896 535 res
912 500 992 543 erit,
1015 500 1047 535 si
1068 503 1129 535 aut
1148 500 1275 546 ipsius,
1298 503 1360 536 aut
1372 500 1518 544 librarii,
1542 502 1644 548 culpa
1659 503 1698 548 τῇ·
1715 501 1848 549 δευτέρᾳ

300 567 363 602 pro
379 558 418 602 τῇ
435 554 579 602 προτέρᾳ
593 555 774 601 irrepsisse
789 555 954 592 dicamus.
984 557 1075 592 Nam
1095 557 1276 604 perspicuo
1292 556 1349 602 τὴν
1366 557 1514 604 δευτέραν
1530 558 1624 593 illam
1641 569 1718 594 esse
1740 559 1847 606 signi-

299 613 383 648 ficat
397 623 504 660 quam
517 624 583 648 nos
598 613 747 659 primam
759 613 924 657 facimus3
938 615 1088 661 primam
1103 618 1220 650 autem
1235 625 1324 660 quae
1338 615 1440 651 nobis
1455 618 1509 651 est
1523 615 1686 652 secunda.
1712 615 1849 652 Postre-

300 682 398 707 mum
419 674 523 717 atque
546 670 702 707 omnium
723 669 968 709 difficillimum
987 675 1042 707 est
1059 672 1151 718 quod
1169 671 1211 707 de
1222 672 1403 708 Marcione
1415 673 1516 708 nobis
1534 673 1703 708 obiicitur.
1727 672 1848 716 Quem,

300 732 340 763 ut
353 731 585 764 consentanea
596 728 1051 774 loquamurzaffirmandum
1066 733 1120 764 est
1133 740 1206 764 non
1220 729 1395 765 Antonino
1409 729 1548 766 demum
1563 730 1772 776 imperante,
1787 730 1850 769 sed

302 786 367 822 sub
382 785 533 821 Adriano
550 785 717 832 coepisse.
746 786 861 833 Atque
875 785 968 823 haud
990 788 1061 822 scio
1084 797 1129 822 an
1146 787 1213 822 duo
1227 787 1322 822 illius
1338 786 1584 834 distinguenda
1598 788 1669 823 sint
1681 791 1850 834 tempora,

302 843 392 878 utin
407 843 582 889 plerisque
594 842 796 886 haeresibus
817 843 956 887 accidit,
978 844 1027 879 ita
1050 847 1089 879 ut
1110 844 1176 879 sub
1192 844 1343 879 Adriano
1363 845 1515 891 primum
1538 845 1706 892 eruperit,
1727 849 1852 892 postea

302 911 382 936 vero
405 900 471 936 sub
492 900 667 936 Antonino
686 901 791 947 longe
810 901 947 948 lateque
969 902 1172 948 propagatis
1198 902 1371 937 erroribus
1394 895 1527 936 celebre
1551 902 1620 937 sibi
1637 913 1766 938 nomen
1791 914 1851 949 pe-

302 957 438 1004 pererit.
468 957 519 993 Ac
526 957 758 994 Tertullianus
768 958 923 1005 profecto
936 959 1002 994 etsi
1013 959 1078 994 sub
1087 959 1262 994 Antonino
1274 958 1487 994 Marcionem
1499 969 1654 1006 *errorem
1668 958 1852 995 exhalasse

303 1015 451 1058 scribat,
469 1018 578 1061 negat
597 1018 716 1052 tamen
731 1015 820 1051 scire
835 1027 872 1051 se
889 1020 994 1062 quoto
1011 1017 1085 1052 eius
1101 1027 1192 1052 anno
1208 1017 1369 1063 coeperit.
1403 1015 1509 1056 Quoto
1525 1018 1655 1062 quidem
1672 1029 1776 1059 anno,
1799 1017 1852 1052 in·

304 1072 395 1119 quit,
410 1072 578 1107 Antonini
590 1075 733 1108 maiori-s
748 1074 789 1108 de
804 1073 910 1108 Ponto
925 1086 983 1108 suo
999 1073 1213 1109 exhalaverit
1228 1087 1318 1108 aura
1335 1075 1563 1117 canicularis,
1583 1086 1650 1109 non
1666 1077 1788 1109 curavi
1801 1077 1853 1109 in-

303 1132 486 1175 vestiqare.
514 1129 728 1177 Epiphanius
744 1130 780 1166 in
796 1131 1080 1166 Marcionitarum
1099 1129 1235 1166 haeresi
1256 1131 1376 1166 scribit
1389 1131 1603 1166 Marcionem
1623 1142 1706 1167 cum
1720 1142 1742 1167 a
1755 1135 1854 1179 patre

305 1198 368 1222 suo
390 1187 514 1233 pulsus
533 1198 655 1234 pacem
678 1198 720 1222 ac
734 1188 872 1223 veniam
895 1187 1063 1223 eblandiri
1082 1188 1187 1223 nullis
1208 1188 1368 1235 precibus
1389 1191 1524 1235 posset,
1544 1189 1694 1224 Romam
1715 1199 1753 1225 se
1774 1191 1856 1235 post

303 1244 435 1290 Hygini
455 1244 588 1279 obitum
610 1245 807 1281 contulisse.
841 1244 998 1292 Cumque
1019 1244 1127 1281 nihilo
1146 1246 1262 1292 magis
1285 1245 1379 1292 quod
1398 1246 1561 1293 cupiebat
1580 1246 1651 1282 illic
1673 1246 1855 1289 obtineret,

305 1306 380 1338 tum
396 1302 535 1338 demum
550 1302 728 1349 publicata
741 1301 876 1338 haeresi
890 1314 956 1338 sua
970 1303 1152 1339 ecclesiam
1168 1313 1401 1350 oppugnasse.
1431 1303 1562 1349 Hygini
1585 1303 1698 1339 obitus
1722 1303 1856 1339 confer·

306 1364 361 1396 tur
375 1361 413 1396 iu
428 1371 559 1396 annum
570 1360 737 1396 Antonini
748 1372 859 1403 xvm„
875 1364 958 1396 ante
973 1361 1064 1407 quod
1076 1364 1213 1407 tempus
1224 1361 1438 1397 Marcionem
1449 1360 1619 1397 haeresim
1635 1371 1736 1396 suam
1748 1360 1855 1397 disse-

306 1420 458 1455 minasse
473 1429 615 1454 necesse
631 1421 701 1462 est,
724 1429 804 1454 cum
818 1418 990 1461 Iustinus,
1013 1418 1072 1464 qui
1086 1418 1260 1454 Antonino
1270 1445 1280 1462 ‚
1302 1422 1338 1454 et
1353 1418 1492 1464 quidem
1506 1418 1642 1465 imperii
1655 1418 1731 1454 eius
1745 1418 1856 1461 initio,

305 1477 516 1524 Apologiam
530 1476 669 1519 obtulit,
683 1476 872 1511 Marcionis
886 1476 1093 1511 meminerit.
1118 1475 1231 1518 Quare
1243 1475 1372 1522 duplex
1382 1502 1391 1519 ,
1406 1475 1458 1511 uti
1470 1476 1750 1519 conficiebamus,
1764 1476 1857 1512 Mar·
1914 1489 1921 1500 ⁸

307 1536 532 1572 cionistarum
554 1537 649 1570 ortus
673 1545 751 1569 esse
773 1533 884 1570 debet.
925 1533 1017 1568 Nam
1036 1533 1189 1580 primum
1209 1533 1246 1568 in
1260 1532 1371 1568 Ponto
1386 1533 1471 1569 Asia
1493 1533 1665 1568 duntaxat
1686 1533 1858 1569 nefarium

307 1594 438 1639 dogma
451 1592 679 1639 praedicavit,
701 1591 804 1638 idque
820 1591 970 1626 Adriano
986 1591 1192 1637 imperante:
1215 1593 1338 1636 postea
1353 1591 1418 1626 sub
1433 1590 1608 1626 Antonino
1623 1590 1773 1626 maiores
1788 1593 1858 1626 tra-

307 1651 394 1686 hens
409 1650 550 1697 spiritus
562 1649 800 1685 vehementius
815 1649 853 1684 in
869 1648 1008 1684 eosdem
1023 1648 1102 1684 illos
1119 1659 1250 1684 errores
1265 1648 1377 1695 coepit
1391 1648 1601 1684 incumbere.
1623 1647 1762 1694 Hygino
1776 1658 1858 1683 vero

309 1709 450 1744 demum
469 1710 606 1743 mortuo
627 1707 787 1754 primitus
811 1706 940 1752 dogma
961 1705 1124 1743 Cerdonis
1147 1706 1375 1752 interpolasse
1397 1705 1612 1741 Marcionem
1638 1705 1736 1741 nullo
1755 1704 1859 1741 modo

310 1777 445 1802 censeo.
475 1766 569 1802 Haec
590 1765 633 1800 de
654 1765 780 1801 Iustini
801 1775 841 1800 ac
856 1764 1045 1800 Marcionis
1067 1763 1280 1810 temporibus
1301 1762 1410 1799 habui
1431 1773 1521 1810 quae
1543 1762 1704 1799 dicerem.
1738 1762 1862 1798 Dicent

310 1825 370 1859 alii
383 1824 533 1859 fortasse
547 1823 700 1859 meliora.
731 1821 820 1858 Nam
837 1821 965 1858 nosti-is
981 1821 1050 1858 illis
1066 1832 1137 1858 non
1153 1820 1238 1857 adeo
1255 1820 1479 1865 confidimus,
1501 1823 1541 1856 ut
1562 1831 1634 1856 non
1654 1819 1771 1856 afferri
1790 1830 1863 1856 cer-

308 1882 398 1917 tiora
412 1892 515 1927 posse
529 1892 720 1928 speremus.

399 1938 455 1979 Ὦς
472 1938 543 1986 περὶ
559 1938 596 1973 τὸ
614 1937 800 1973 δωδέκατον
815 1935 914 1982 ἔτος]
947 1936 1208 1973 Consentaneus
1225 1947 1319 1973 error
1335 1939 1390 1972 est
1403 1936 1436 1972 ei
1452 1947 1556 1983 quem
1570 1935 1675 1982 paulo
1691 1938 1796 1972 antea
1809 1946 1863 1972 re-

309 1996 519 2040 futavimus,
538 1996 605 2031 sub
626 1995 777 2031 Adriano
800 2005 943 2042 passum
959 2006 1035 2030 esse
1050 1994 1234 2031 Iustinum.
1267 1993 1366 2036 Quod
1387 2004 1468 2030 eum
1488 1991 1616 2029 falsum
1638 1993 1700 2037 sit,
1722 1993 1864 2040 perinde

311 2055 439 2090 falsum
467 2058 521 2089 est
546 2054 613 2089 sub
635 2053 809 2089 Antonino
830 2052 908 2095 Pio,
936 2052 1096 2087 videlicet
1120 2055 1201 2098 post
1227 2051 1350 2087 Iustini
1377 2051 1527 2094 obitum,
1555 2049 1711 2087 scholam
1737 2051 1862 2086 erroris

312 2112 487 2160 aperuisse
503 2111 704 2153 Tatianum,
722 2110 814 2157 quod
829 2109 895 2145 sub
910 2109 1029 2145 Marco
1045 2109 1184 2145 Aurelio
1200 2108 1313 2144 facere
1328 2108 1452 2155 potuit.

402 2169 444 2205 N.
461 2181 507 2205 iv.
539 2166 672 2203 Ἕνεκεν
689 2166 724 2203 δὶ
739 2165 943 2214 σφαλμάτων
959 2165 991 2201 ἰν
1006 2166 1097 2211 ᾄδη.]
1133 2165 1295 2202 Notanda
1314 2164 1499 2212 Epiphanii
1520 2143 1710 2209 sententia,
1730 2169 1864 2202 veteres

313 2227 429 2263 Patres
446 2230 526 2263 ante
543 2225 736 2269 Christum,
757 2225 818 2272 qui
841 2225 939 2261 salva
952 2224 1021 2260 fide
1035 2226 1280 2271 peccaverant,
1302 2225 1481 2270 propterea
1495 2222 1588 2269 apud
1602 2222 1732 2259 inferos
1747 2223 1865 2259 deten-

314 2288 368 2321 tos
384 2296 478 2327 esse,
494 2284 603 2320 donec
618 2295 640 2319 a
655 2282 791 2319 Christo
806 2283 1044 2319 liberarentur.

403 2342 445 2380 N.
462 2355 494 2377 v.
525 2341 583 2377 Διο
601 2341 654 2376 καὶ
670 2338 833 2388 θαυμάσαι
848 2338 916 2375 ἐστὶ
931 2351 987 2374 τον
1000 2337 1136 2384 emron]
1169 2338 1300 2374 Tritum
1322 2338 1364 2373 de
1381 2337 1577 2384 Golgothae
1597 2337 1670 2374 sive
1686 2309 1865 2374 calvariae

316 2400 548 2447 appellatione
560 2398 766 2435 sententiam
779 2398 945 2445 sequitur,
961 2400 1001 2433 ιιι
1015 2397 1059 2432 ab
1071 2396 1195 2432 Adami
1206 2396 1341 2443 sepulto
1357 2395 1522 2431 cadavere
1538 2405 1579 2430 ac
1593 2396 1711 2431 cranio
1723 2395 1869 2432 deducta

315 2458 372 2494 sit.
395 2458 440 2493 At
456 2457 604 2504 Gyrillus
619 2454 758 2493 Oatech.
776 2467 854 2492 xm.
871 2453 1068 2502 prophetice
1089 2453 1141 2489 sio
1160 2464 1182 2489 a
1197 2452 1332 2489 Christo
1348 2452 1565 2489 nominatum
1581 2453 1761 2489 existimat
1774 2452 1867 2489 hunc

316 2516 450 2559 locum,
467 2514 576 2563 quod,
592 2518 632 2551 ut
648 2514 698 2551 ait
712 2513 908 2562 apostolus,
925 2515 1030 2560 caput
1043 2511 1110 2548 viri
1124 2511 1171 2547 sit
1185 2509 1361 2555 Christus,
1378 2509 1505 2547 Christi
1519 2513 1637 2547 autem
1652 2510 1747 2548 deus.

876 2686 959 2730 AD
994 2684 1235 2730 LIBRUM
1262 2684 1314 2728 11.
1675 2717 1681 2725 .

526 2767 586 2804 AD
610 2765 842 2804 HAERESIM
864 2764 1021 2810 nvn„
1050 2763 1168 2808 QUAE
1192 2762 1277 2800 EST
1298 2761 1664 2800 ENORATITARUM.

409 2859 449 2895 N.
469 2871 490 2895 ι.
515 2857 571 2894 Ἐν
588 2862 626 2906 τῇ
643 2858 777 2906 Φρυγίᾳ
792 2862 830 2906 τῇ
848 2857 1054 2904 κεκαυμένῃ]
1085 2857 1136 2893 Ea
1157 2860 1211 2893 est
1226 2855 1319 2904 apud
1333 2854 1540 2892 Strabonem
1562 2854 1584 2890 l.
1603 2866 1677 2890 xut.
1693 2853 1869 2901 Lydorum

318 2918 568 2966 luy-oramque
584 2916 679 2963 regio
696 2916 739 2951 ad
755 2916 992 2952 Maeandrum.
1026 2915 1072 2950 At
1085 2913 1282 2961 Stephanus
1298 2910 1586 2958 Κατακικαυμίνην
1599 2911 1713 2958 χώραν
1729 2911 1778 2947 ait
1793 2921 1869 2946 esse

321 2978 375 3020 τῆς
392 2973 543 3021 Ἐφεσίας
559 2985 602 3010 ex
621 2985 696 3010 xm.
712 2974 893 3009 Strabonis
910 2973 1010 3011 libro.
1042 2972 1177 3007 caeteri
1192 2969 1378 3017 Phrygiam
1401 2979 1477 3005 esse
1493 2972 1645 3004 censent.
1677 2968 1819 3004 Invenio
1836 2971 1870 3003 et

321 3032 526 3071 Laodiceam
546 3035 777 3079 cognomento
795 3028 1083 3077 Κατακεκαυμένην
1099 3029 1136 3064 in
1156 3027 1347 3075 Lycaonia,
1368 3026 1441 3062 sive
1459 3024 1612 3071 Galatia,
1637 3025 1729 3062 haud
1752 3025 1870 3073 procul

322 3093 365 3128 ab
386 3091 525 3129 bauria.
