2008 3294
332 215 543 252 CCXXXIV

327 320 420 354 tibus
437 319 633 366 digerendis
649 319 835 366 quisquam
850 330 940 355 uuus
957 331 1036 355 cum
1052 321 1159 355 altero
1176 320 1358 356 consentit.
1404 319 1525 367 Itaque
1545 320 1750 367 perplexum
1771 323 1807 354 et
1825 319 1877 355 in·

327 377 488 411 tricatum
513 380 626 411 totum
654 376 750 410 istud
775 376 956 422 negotium
982 381 1045 412 est.
1091 377 1243 412 Probum
1266 387 1306 411 ac
1328 376 1514 413 Paulinum
1537 388 1627 412 coss.
1652 377 1877 412 Cassiodorus

328 434 466 468 Aurelio
488 443 529 468 ac
549 433 751 468 Marcellino
775 444 864 468 coss.
881 434 1028 475 subiicit,
1074 434 1169 469 Fasti
1190 434 1299 475 Siculi
1319 437 1400 480 post
1414 435 1638 470 Aurelianum
1654 445 1693 469 ac
1709 433 1878 469 Marcelli-

327 501 412 524 num
427 490 586 525 Tacitum
602 493 636 524 et
647 490 880 526 Aemilianum
895 491 1083 534 collocant,
1100 491 1226 537 quibus
1241 490 1392 526 Probum
1406 491 1656 537 Paulinumque
1673 491 1878 533 subtexunt3

329 558 416 593 quos
437 547 645 593 posteriores
661 547 826 582 Ouufrius
846 547 972 583 iniuria
994 548 1225 595 praetermisit
1246 547 1478 594 suffectosque
1500 548 1653 583 credidit.
1697 547 1789 583 Nam
1813 559 1877 595 pro

329 604 510 639 ordinariis
524 604 562 639 in
578 604 738 639 omnibus
751 604 864 641 Fastis
879 609 1127 651 agnoscuntur.
1151 604 1220 639 Sed
1235 604 1267 639 si
1282 609 1362 639 ante
1375 605 1532 640 Tacitum
1543 618 1582 642 11.
1598 609 1633 640 et
1644 605 1878 640 Aemilianum

327 665 511 708 ponantur,
527 661 571 696 ad
586 661 762 696 Aureliani
776 661 960 708 imperium
969 689 978 705 ‚
993 673 1066 697 non
1081 662 1201 704 Probi,
1217 661 1450 708 pertinebunt.
1472 661 1622 708 Ideoque
1637 662 1674 697 in
1685 662 1878 698 Annalibus

326 718 578 753 Ecclesiasticis
601 729 682 753 cum
702 718 879 754 Aureliani
897 730 958 755 vn.
981 723 1246 766 componuntur,
1269 729 1361 754 anno
1381 717 1508 754 Christi
1523 719 1600 754 277.
1644 719 1781 754 Etenim
1798 723 1880 765 post

327 776 554 810 Aurelianum
569 775 710 810 Tacitus
726 775 892 822 sequitur,
909 777 969 822 qui
983 776 1123 811 nonnisi
1137 776 1317 811 mensibus
1333 788 1380 812 vr.
1396 776 1580 822 imperium
1594 776 1717 811 tenuit.
1748 774 1879 811 Secun-

328 833 411 867 dum
428 843 531 878 quem
546 836 684 868 creatus
700 836 754 868 est
767 833 910 868 Probus.
953 832 1052 875 Quod
1072 833 1102 868 si
1122 837 1203 879 post
1217 833 1376 868 Tacitum
1393 836 1427 868 et
1442 833 1674 869 Aemilianum
1689 833 1822 868 Probus
1839 843 1878 867 ac

327 889 494 924 Paulinus
516 890 781 933 substituantur,
802 890 875 925 iam
894 890 971 925 istis
995 901 1084 926 coss.
1101 890 1234 925 Probus
1256 890 1444 936 imperator
1458 897 1591 927 anuum‘
1602 890 1743 936 Imperii
1757 901 1879 925 secun·

329 947 411 981 dum
434 947 564 990 inierit3
587 947 680 994 quod
699 946 839 982 Eusebii
855 946 1108 993 Chronologiae
1131 951 1404 982 consentaneum
1429 950 1499 990 est,
1524 947 1585 994 qui
1607 957 1699 982 anno
1721 946 1826 982 Probi
1841 958 1879 982 11.

327 1003 610 1039 Manichaeorum
626 1004 797 1050 originem
812 1005 982 1050 assignat.
1023 1003 1121 1046 Quod
1136 1004 1283 1039 fortasse
1299 1005 1413 1039 verius
1430 1007 1492 1040 est.
1527 1003 1596 1039 Sed
1610 1003 1647 1038 in
1664 1003 1801 1039 Onufrii
1815 1003 1879 1038 Fa-

329 1061 392 1096 stis
405 1061 474 1096 duo
489 1061 525 1096 in
537 1061 641 1096 Probi
652 1061 869 1107 imperatoris
881 1061 982 1096 annis
995 1061 1126 1096 omissa
1137 1065 1219 1096 sunt
1230 1061 1327 1107 paria
1339 1072 1442 1103 coss,
1459 1071 1660 1107 quanquam
1675 1060 1711 1096 in
1727 1060 1880 1107 superio·

328 1118 426 1152 ribus
442 1118 543 1153 annis
565 1129 674 1153 unum
697 1122 991 1164 compensaverat.
1037 1118 1091 1153 Ita
1113 1129 1183 1153 uno
1207 1118 1377 1153 duntaxat
1400 1129 1492 1152 anno
1517 1118 1671 1160 sublato,
1695 1128 1775 1152 cum
1799 1128 1881 1152 aera

329 1175 544 1221 Dionysiana
559 1175 771 1217 conciliatur,
794 1174 886 1220 quod
907 1175 1063 1221 plerique
1083 1174 1179 1210 Fasti
1201 1175 1384 1222 expunctis
1407 1175 1542 1210 duobus
1566 1174 1803 1210 consulatibus
1820 1174 1880 1209 ob·

328 1232 451 1267 tinent.
497 1231 548 1266 De
572 1242 640 1278 quo
664 1232 751 1266 alias
775 1232 1013 1278 opportunius.
1060 1231 1171 1274 Quam
1193 1232 1342 1267 absurde
1365 1232 1406 1267 de
1428 1232 1528 1267 initio
1543 1231 1648 1267 Probi
1662 1231 1879 1279 imperatoris

328 1289 509 1325 Emendat.
526 1289 647 1335 Temp.
662 1289 721 1324 lib.
735 1301 767 1324 v.
784 1288 936 1334 disputet
953 1288 1120 1335 Scaliger,
1136 1300 1200 1324 suo
1215 1289 1293 1324 loco
1310 1289 1522 1326 discutietur.

418 1346 471 1381 Ad
485 1345 744 1388 Manichaeum,
765 1346 839 1380 sive
853 1346 1047 1389 Manetem,
1069 1346 1162 1392 quod
1177 1347 1315 1390 attinet,
1335 1347 1452 1381 variae
1468 1346 1533 1381 sub
1548 1346 1641 1381 idem
1655 1345 1728 1381 fere
1742 1349 1880 1393 tempus

329 1403 526 1450 emptiones
537 1403 686 1438 monstri
697 1403 790 1437 illius
802 1402 957 1445 fuerunt,
974 1407 1009 1438 et
1023 1403 1222 1449 insignibus
1235 1404 1381 1439 alicuius
1393 1403 1557 1439 facinoris
1570 1404 1662 1438 notis
1678 1403 1880 1438 celebratae.

329 1460 424 1502 Quae
440 1471 567 1495 caussa
582 1460 663 1503 fuit,
686 1470 746 1494 cur
767 1471 839 1494 non
853 1459 978 1495 iisdem
992 1460 1258 1506 imperatoribus
1274 1464 1377 1506 atque
1393 1471 1482 1496 coss.
1497 1459 1651 1495 haeresis
1666 1460 1766 1495 istius
1782 1459 1879 1506 origo

329 1518 558 1552 mandaretur.
605 1516 645 1551 In
669 1517 770 1551 aunis
795 1515 922 1552 Christi
941 1517 1083 1563 longius
1106 1516 1292 1552 abhorrent
1313 1517 1526 1564 Epiphanius
1549 1521 1583 1552 et
1597 1517 1666 1552 Leo
1682 1517 1730 1552 M.
1744 1517 1879 1553 Probus

328 1575 422 1610 enim
437 1585 478 1610 ac
493 1574 658 1609 Paulinus
674 1584 764 1609 coss.
781 1574 939 1609 incidunt
959 1574 997 1609 in
1013 1585 1144 1609 annum
1166 1574 1238 1609 fere
1255 1574 1381 1610 Christi
1397 1575 1473 1611 277.
1490 1575 1526 1610 in
1549 1584 1631 1609 aera
1650 1574 1880 1621 Dionysiana3

329 1643 399 1678 quo
414 1643 459 1667 ex
476 1643 620 1667 numero
637 1643 724 1667 xxxr
738 1631 838 1666 annis
855 1631 1010 1667 deductis
1027 1631 1093 1666 246
1109 1632 1192 1666 anni
1211 1632 1336 1678 reliqui
1358 1635 1438 1667 sunt
1459 1632 1503 1667 ab
1519 1632 1723 1666 ascensione
1739 1631 1881 1674 domini,

328 1689 474 1724 totidem
486 1689 634 1732 scilicet,
647 1692 734 1735 quot
745 1699 789 1723 ex
802 1689 950 1723 aliorum
963 1688 1133 1724 sententia
1143 1689 1334 1735 posteriore
1346 1689 1383 1724 in
1395 1700 1539 1724 numero
1551 1688 1650 1735 ponit
1656 1687 1880 1735 Epiphanius.

328 1746 454 1782 Prioris
469 1750 587 1782 autem
602 1745 734 1793 epocha
748 1739 820 1781 non
836 1744 900 1779 ἀπὸ
917 1747 974 1790 τῆς
989 1743 1199 1792 ἀναλήψεως,
1215 1746 1277 1781 sed
1289 1744 1354 1780 &vrb
1366 1748 1422 1790 τῆς
1435 1745 1645 1792 συλλήψεως,
1660 1745 1716 1780 vel
1728 1744 1880 1791 γενέσεως

329 1803 537 1839 arcessenda
550 1803 696 1839 videtur.
729 1802 886 1849 Denique
903 1802 995 1849 apud
1009 1802 1164 1838 Leonem
1178 1814 1241 1850 pro
1259 1813 1363 1839 ceux.
1378 1803 1564 1850 legendum
1581 1812 1685 1839 coxi..
1721 1801 1812 1838 Nam
1825 1813 1880 1837 ro-

328 1861 458 1896 tundus
474 1860 529 1895 hic
543 1871 708 1896 numerus
725 1864 778 1895 est
800 1870 822 1894 a
838 1859 965 1896 Christi
988 1860 1194 1895 ascensione
1218 1859 1394 1896 deductus.
1442 1859 1624 1895 Caeterum
1647 1870 1691 1894 ex
1714 1858 1779 1894 hac
1800 1858 1881 1906 Epi-

329 1917 447 1964 phanii
461 1918 641 1964 putatione
656 1929 727 1953 non
742 1917 962 1952 mediocriter
977 1917 1030 1961 id,
1056 1917 1148 1964 quod
1171 1928 1278 1964 supra
1299 1918 1435 1964 plenius
1453 1917 1683 1959 ostendimus,
1707 1916 1881 1958 astruitur,

329 1974 456 2010 Christi
472 1974 602 2009 domini
618 1975 819 2022 passionem
836 1978 870 2009 et
884 1974 1124 2010 ascensionem
1139 1974 1175 2009 in
1191 1974 1365 2010 Iulianum
1380 1986 1497 2010 nxxvx.
1515 1974 1700 2009 incurrere.

418 2031 479 2065 Καὶ
495 2029 560 2065 ἀπὶ»
577 2032 667 2076 τότε,
684 2031 739 2065 καὶ
754 2030 815 2071 ἕως
832 2030 954 2078 Scopa]
986 2031 1026 2066 In
1043 2029 1203 2066 chronico
1220 2030 1403 2078 Nicephori
1418 2042 1480 2078 pro
1498 2030 1624 2074 Bam,
1641 2029 1779 2066 Zabdas
1794 2030 1879 2077 legi·

326 2093 393 2125 tur.
426 2088 512 2124 Item
525 2098 587 2135 pro
599 2088 756 2123 Maximo
767 2114 775 2130 ,
790 2087 1044 2130 Maximianum
1060 2098 1253 2134 perperam.
1278 2088 1436 2123 Maximo
1444 2087 1591 2133 Cyrillus
1607 2087 1792 2130 successit,
1810 2098 1879 2134 quo

327 2146 372 2181 ab
389 2145 526 2181 Arianis
547 2149 692 2181 extruso
709 2145 774 2191 (ait
796 2142 1025 2191 Nicephorus)
1048 2148 1119 2179 tres
1142 2145 1217 2180 eius
1239 2145 1316 2180 loco
1341 2144 1458 2180 ordine
1482 2144 1679 2189 subrogati,
1704 2144 1879 2187 Arsenius,

327 2203 520 2246 Heraclius,
541 2202 703 2238 Hilarius.
750 2201 874 2238 Postea
890 2200 1039 2247 Cyrillus
1062 2201 1097 2236 in
1113 2200 1231 2236 sedem
1248 2201 1426 2237 restitutus
1442 2200 1612 2236 secundae
1628 2201 1761 2246 synodo
1777 2202 1881 2237 iuter-

327 2260 393 2295 fuit
409 2259 575 2296 Gratiano
592 2260 792 2306 imperante.
830 2258 923 2294 Haec
947 2256 1172 2305 Nicephorus.
1219 2258 1357 2294 Hieron.
1373 2258 1409 2293 in
1425 2258 1664 2305 supplemento
1681 2257 1829 2304 Cyrillos
1846 2269 1879 2294 iv

327 2322 508 2353 enumerat
522 2321 602 2364 post
616 2316 822 2352 Maximum.
846 2315 932 2351 Aliis
949 2326 1057 2351 uuum
1073 2326 1134 2362 per
1150 2326 1191 2351 ea
1205 2318 1361 2363 tempora
1369 2315 1534 2361 Cyriilum
1546 2315 1653 2350 fuisse
1667 2315 1805 2362 placuit.
1830 2316 1880 2351 De

329 2386 398 2422 quo
414 2374 618 2410 consulendi
635 2374 786 2410 Annales
802 2371 991 2408 Baroniani
1007 2382 1038 2409 a.
1058 2382 1175 2408 occu.
1208 2372 1332 2419 Agitur
1347 2377 1382 2407 et
1397 2371 1438 2407 de
1456 2371 1582 2418 Cyriilo
1599 2371 1690 2407 haer.
1709 2384 1832 2409 axam.

419 2430 567 2472 Βασιλεῖς
585 2430 620 2466 ὀὶ
636 2429 666 2466 oi
682 2430 844 2475 καθιξῆς.]
890 2429 1040 2466 Probum
1065 2429 1308 2477 imperatorem
1330 2429 1561 2477 praetermisit
1582 2428 1636 2465 hic
1657 2429 1880 2477 Epiphanius,

329 2500 374 2525 au
390 2489 551 2524 librarius
562 2515 571 2532 ,
587 2499 691 2535 quem
707 2488 767 2524 lib.
785 2486 827 2523 de
843 2486 950 2524 rond.
968 2491 1139 2530 recenset,
1156 2486 1256 2533 eique
1273 2497 1383 2522 anuos
1400 2497 1462 2522 sex
1479 2489 1514 2522 et
1530 2497 1665 2522 menses
1681 2486 1768 2522 duos
1785 2486 1880 2523 attri—

331 2547 422 2587 buit;
447 2546 633 2582 Aureliano
656 2555 739 2581 vero
762 2555 873 2580 annos
889 2556 910 2580 v
927 2554 1065 2580 menses
1082 2554 1133 2586 vr,
1158 2548 1243 2591 quot
1257 2543 1398 2579 Eusebii
1414 2541 1598 2579 chronicon
1614 2547 1783 2579 numerat.
1829 2543 1880 2579 De

330 2614 399 2650 qua
418 2614 457 2639 re
480 2613 545 2639 suo
562 2603 638 2638 loco
656 2601 861 2638 videbimus.
907 2601 959 2637 lta
975 2600 1150 2637 Aureliani
1165 2604 1306 2648 quarto,
1324 2600 1435 2636 Probo
1452 2603 1486 2635 et
1500 2599 1645 2635 Paulino
1662 2611 1750 2637 coss.
1769 2600 1880 2636 Mani·

329 2659 513 2696 chaeorum
530 2659 683 2695 haeresis
699 2658 848 2695 emersit.

419 2715 479 2757 Ὦς
495 2712 572 2751 εἶναι
589 2713 654 2751 ἀπὸ
671 2719 730 2750 τοῦ
747 2713 914 2763 εἰρημένου
931 2713 1052 2761 Mirm]
1077 2715 1197 2751 Annus
1214 2713 1286 2759 hic,
1302 2725 1370 2762 quo
1386 2713 1469 2750 haee
1486 2714 1788 2750 commentabatur
1801 2713 1880 2762 Epi-

330 2772 495 2820 phanius,
512 2771 638 2809 Christi
652 2777 705 2808 est
717 2782 908 2809 ccccxxvi.
933 2772 1078 2809 Valente
1094 2772 1215 2819 imper.
1229 2783 1260 2807 v.
1279 2775 1314 2807 et
1325 2770 1565 2807 Valentiniano
1583 2770 1718 2807 iuniore
1737 2783 1773 2808 11.
1789 2781 1878 2808 coss.

330 2841 409 2866 cum
431 2830 606 2877 superiore
628 2840 720 2865 anno
743 2833 899 2866 mortuus
924 2834 1015 2866 esset
1030 2829 1293 2865 Valentinianus
1314 2829 1438 2871 senior,
1458 2832 1538 2875 post
1560 2828 1776 2864 consulatum
1795 2828 1879 2865 Gra-

329 2887 414 2922 tisui
432 2898 483 2922 ιιι.
500 2892 535 2922 et
551 2887 689 2933 Equitii.
718 2887 877 2923 Mortuus
890 2891 943 2922 est
955 2886 1047 2923 enim
1060 2886 1322 2923 Novembavn.
1338 2885 1485 2933 expletis
1501 2884 1536 2920 in
1553 2885 1697 2932 imperio
1714 2886 1815 2921 anuis
1827 2897 1880 2922 xit

328 2944 446 2980 miuus
462 2943 488 2979 C
505 2944 638 2980 diebus.
686 2944 800 2986 Quare
816 2943 1039 2989 castigandus
1056 2943 1232 2987 Socrates,
1256 2942 1314 2990 qui
1338 2952 1447 2978 annos
1465 2953 1530 2977 xnr
1547 2943 1734 2988 imperasse
1750 2942 1880 2986 scribit,

331 3000 422 3048 quod
448 3010 667 3047 nequaquam
692 3001 854 3048 procedit.
903 3000 990 3036 Nam
1012 3001 1126 3048 coepit
1140 3010 1232 3036 anuo
1249 3007 1413 3036 coeaxiv.
1430 3003 1509 3046 post
1526 2999 1712 3036 bisextum.
1760 2999 1879 3047 ltaque

330 3067 442 3094 auuus
465 3067 567 3093 serae
589 3057 822 3103 Dionysianae
840 3068 1028 3095 ccccxxvi.
1043 3057 1198 3094 Valentis
1221 3060 1275 3093 est
1295 3067 1381 3100 xm„
1406 3055 1562 3093 Gratiani
1585 3066 1663 3092 vero
1680 3068 1728 3094 rx.
1747 3057 1878 3100 exiens,
