2008 3294
1645 154 1699 191 XI

150 261 233 308 Gyri
247 270 288 297 ac
302 260 484 297 Persarum
503 259 644 296 initium
665 259 765 306 ponit
779 269 923 296 numero
939 267 1000 295 cro
1016 267 1196 295 ccccavn.
1227 259 1291 295 Hic
1312 258 1469 305 Scaliger
1487 257 1624 294 nullum
1646 258 1698 292 in-

149 318 305 355 sectandi
319 318 462 355 Eusebii
479 317 588 355 finem
608 317 694 352 facit
714 317 816 364 eique
835 327 924 365 pene
946 315 1110 352 omnibus
1124 316 1262 362 paginis
1278 316 1466 352 insolenter
1478 315 1603 352 illudit.
1634 315 1699 351 Ac-

149 376 339 411 cusationis
364 377 472 422 caput
495 377 566 418 est,
595 374 688 420 quod
710 374 932 421 Assyriorum
960 383 1062 419 reges
1086 373 1219 419 aliquot
1240 374 1455 420 praeterierit
1476 376 1512 408 et
1532 372 1576 408 de
1598 372 1699 409 annis

148 433 288 469 illorum
317 431 512 468 detraxerit.
559 430 648 467 Cum
678 432 774 468 enim
799 442 845 467 ex
866 430 1028 468 Africano
1058 440 1183 476 regum
1211 430 1350 466 illorum
1379 431 1503 468 seriem
1531 433 1567 466 et
1589 440 1699 466 anuos

148 489 424 536 uniuscuiusque
439 488 675 535 descripserit,
692 489 783 536 apud
798 488 999 525 Africanum
1013 497 1095 523 vero
1111 497 1213 533 reges
1230 492 1455 523 numerentur
1466 499 1544 531 ιιι,
1559 486 1700 523 iisdem·

149 556 218 593 que
237 546 334 583 mille
354 545 600 593 quadringenti
621 547 801 592 octoginta
821 548 970 593 quatuor
992 544 1076 581 anni
1097 544 1311 588 tribunatum
1337 545 1508 581 Eusebius
1530 557 1568 581 rv
1586 555 1700 591 reges,
1735 563 1762 588 p.
1782 555 1823 581 ιι.

148 614 258 640 annos
275 613 373 640 σιω
387 603 571 650 expunxit.
606 603 696 638 Tum
716 603 794 639 aliis
816 613 955 639 rursum
968 601 1070 639 annis
1085 601 1247 637 detractis
1269 613 1310 637 eo
1334 602 1506 638 calculum
1527 601 1700 649 perduxit,

148 663 188 696 ut
201 660 297 696 mille
312 660 447 696 circiter
461 670 503 695 ac
525 661 686 696 trecentis
708 661 809 696 annis
823 659 1045 706 Assyriorum
1060 659 1245 706 imperium
1259 659 1566 696 circumscriberet.
1603 658 1701 701 Quod

148 728 190 754 eo
207 718 323 754 anirno
338 717 464 754 fecisse
478 720 579 765 putat
593 717 758 764 Scaliger,
781 720 820 754 ut
840 717 884 753 ad
904 717 1102 753 institutum
1124 726 1228 752 suum
1249 727 1290 752 ac
1309 715 1472 763 πρόληψιν
1487 727 1611 763 regum
1625 716 1701 752 illo-

147 785 226 811 rum
239 778 398 822 tempora
412 775 586 822 dirigeret.
621 774 854 817 Quamobrem
868 773 1031 811 immanis
1046 772 1103 809 hic
1118 777 1172 809 est
1187 772 1475 809 anachronismus
1490 774 1647 816 Eusebii,
1671 774 1702 809 si

147 831 326 878 Scaligero
349 832 515 875 creditur3
539 843 584 868 ex
606 843 676 879 quo
690 832 822 869 factum
836 835 907 876 est,
928 835 971 869 ut
982 841 1075 867 auno
1090 830 1174 867 Nini
1189 842 1278 868 xum
1293 831 1447 867 natalem
1460 831 1626 867 Abraami
1639 842 1701 878 po·

147 889 271 933 suerit3
293 900 373 925 cum
395 889 440 925 ad
462 888 607 925 Beluchi
622 902 710 927 xxxx
729 889 934 926 reiiciendus
954 888 1075 932 fuerit,
1099 888 1160 935 qui
1182 891 1238 923 eet
1251 898 1273 924 a
1288 899 1378 925 xum
1393 887 1475 926 Nini
1489 888 1563 924 i'ere
1580 898 1699 924 ccux.

148 945 218 982 Sed
231 946 422 983 vanissima
437 949 492 983 est
504 945 591 983 haec
607 947 848 994 Scaligeriaua
867 946 975 991 ratio,
996 957 1043 982 ex
1064 956 1134 993 qua
1153 945 1406 992 perabsurdum
1427 945 1514 981 illud
1536 946 1701 991 seqnitur,

146 1003 370 1050 Assyriorum
383 1014 509 1050 regum
523 1003 662 1040 initium
677 1007 758 1041 ante
773 1003 943 1040 dnuvium
957 1003 1125 1040 extitisse.
1155 1002 1327 1039 Mundum
1348 1003 1443 1039 enim
1458 1006 1613 1038 creatum
1629 1002 1701 1037 exi-

147 1061 268 1098 stimat
281 1071 374 1097 anno
388 1072 461 1109 per.
476 1061 540 1098 Iul.
555 1061 644 1104 764„
660 1071 682 1097 a
697 1072 766 1108 quo
782 1061 827 1097 ad
842 1059 969 1097 Christi
983 1061 1132 1097 eatalem
1146 1059 1412 1107 Dionysiorum,
1429 1060 1489 1107 qui
1504 1071 1596 1095 anno
1612 1059 1702 1095 eius-

147 1117 227 1155 dem
241 1117 374 1165 periodi
387 1118 490 1155 4713.
505 1118 682 1162 convenit,
705 1118 789 1155 anni
811 1122 894 1155 sunt
914 1117 1016 1155 3950.
1049 1117 1145 1153 Idem
1166 1128 1268 1164 porro
1284 1117 1512 1165 Sardanapali
1529 1127 1652 1153 necem
1668 1120 1703 1151 et

146 1174 368 1222 Assyriorum
381 1175 489 1211 finem
503 1175 541 1211 in
556 1186 688 1211 annum
703 1175 845 1212 coniicit
856 1174 987 1223 period.
998 1175 1063 1212 Iul.
1077 1174 1178 1211 3840.
1187 1201 1196 1218 ,
1213 1175 1274 1222 qui
1288 1178 1342 1210 est
1356 1174 1479 1210 mundi
1489 1173 1590 1210 3077.
1613 1173 1703 1209 Rur-

147 1243 207 1268 sus
222 1231 390 1269 diluvium
405 1232 548 1276 accidit,
570 1236 610 1268 ut
628 1233 687 1268 ille
701 1235 820 1280 putat,
843 1243 936 1268 auno
950 1231 1074 1268 mundi
1092 1231 1190 1270 1657.
1215 1231 1349 1275 Quibus
1364 1232 1407 1267 de
1422 1231 1512 1267 3077
1529 1231 1702 1273 detractis,

146 1289 272 1336 reliqui
286 1293 369 1326 sunt
386 1289 483 1325 1420.
514 1290 621 1337 Atqui
634 1293 820 1336 regnatum
835 1293 889 1326 est
901 1290 946 1326 ab
961 1289 1114 1336 Assyriis
1129 1299 1239 1325 annos
1258 1288 1355 1327 1484.
1388 1289 1500 1335 Igitur
1514 1300 1607 1325 anno
1622 1292 1703 1324 ante

147 1345 316 1383 diluvium
331 1346 386 1384 64.
423 1346 529 1383 Belus
551 1347 736 1394 imperium
757 1346 852 1384 adiit.
889 1346 1032 1383 Nullum
1053 1345 1110 1382 hic
1130 1347 1311 1394 proleptici
1330 1347 1496 1393 temporis
1518 1345 1702 1382 methodus

146 1402 270 1446 locum
284 1402 412 1440 habere
433 1408 565 1451 potest:
594 1405 655 1440 ubi
676 1403 842 1440 historica
862 1404 990 1441 veritas
1011 1415 1052 1440 ac
1074 1415 1236 1440 verorum
1258 1414 1383 1450 regum
1405 1404 1546 1450 verique
1567 1403 1704 1450 imperii

146 1462 284 1507 tempus
299 1461 502 1508 exquiritur.
537 1461 628 1504 Quid
643 1462 738 1497 enim
753 1462 910 1509 peccavit
923 1461 1113 1504 Eusebius,
1135 1462 1196 1508 qui
1210 1472 1272 1497 eos
1288 1472 1399 1497 annos
1416 1461 1551 1503 omisit,
1566 1471 1612 1496 ex
1629 1460 1703 1507 qui-

146 1517 214 1552 bus
230 1517 452 1555 absurditatis
467 1522 604 1555 tantum
619 1519 850 1566 sequebatur?
871 1519 927 1555 An
942 1530 1014 1555 non
1030 1518 1201 1562 Gtesiam,
1216 1518 1424 1561 Diodorum,
1440 1518 1528 1554 alios
1544 1517 1703 1564 denique,

147 1584 253 1621 quam
267 1574 469 1612 Africanum
491 1579 632 1612 autores
651 1576 779 1612 habere
800 1576 930 1623 potuit,
954 1587 1000 1612 ex
1021 1576 1147 1623 quibus
1166 1586 1352 1612 numerum
1371 1576 1472 1612 illum
1493 1586 1618 1622 regum
1638 1575 1703 1610 As·

148 1631 323 1678 syriorum
343 1633 550 1669 conficeret?
585 1633 680 1670 Saue
700 1633 888 1676 Diodorus,
913 1644 1017 1680 quem
1037 1633 1164 1670 Euseb.
1187 1633 1247 1669 lib.
1262 1645 1287 1669 1.
1309 1632 1436 1669 Chron.
1451 1643 1534 1680 pag.
1551 1632 1606 1669 29.
1621 1632 1702 1668 edit.

149 1687 303 1725 Graecae
324 1689 471 1736 profert,
498 1682 777 1738 Sardanapalum
803 1702 827 1726 a
848 1690 938 1726 Nino
961 1690 1122 1737 quintum
1145 1700 1186 1725 ac
1208 1690 1423 1727 tricesimum
1447 1693 1625 1735 numerat3
1654 1690 1704 1725 ita

146 1745 238 1782 fiunt
259 1746 384 1784 additis
407 1746 498 1783 Nino
521 1758 564 1783 ao
586 1746 691 1791 Belo,
714 1758 815 1794 reges
831 1759 974 1790 xxxvu,
998 1752 1084 1794 quot
1104 1747 1275 1783 Eusebius
1296 1748 1507 1795 percensuit.
1549 1746 1650 1789 Quod
1673 1746 1704 1782 si

147 1805 296 1850 quatuor
310 1803 362 1840 illi
376 1814 477 1852 reges
493 1804 539 1840 ab
554 1804 706 1841 Eusebio
720 1805 957 1852 praetermissi
976 1804 1085 1841 nihilo
1102 1805 1215 1841 secius
1229 1804 1426 1840 intrudendi
1437 1804 1585 1847 fuerant,
1599 1804 1703 1840 inter-

147 1863 222 1896 erat
241 1859 332 1905 eius,
354 1861 416 1908 qui
435 1861 624 1898 ludibrium
640 1865 826 1906 vereretur,
849 1862 892 1898 de
914 1862 1134 1908 singulorum
1156 1862 1283 1898 sultem
1305 1862 1428 1910 spatiis
1443 1861 1578 1909 aliquot
1592 1872 1703 1898 annos

146 1915 332 1962 deducere,
347 1921 388 1954 ut
401 1918 625 1965 Assyriorum
638 1919 829 1967 primordia
843 1919 934 1955 intra
947 1919 1068 1955 diluvii
1082 1922 1194 1955 metas
1210 1919 1478 1956 continerentur.

234 1973 307 2012 Nos
329 1978 370 2011 ut
390 1975 630 2013 obscurissimi
648 1976 946 2023 vetustissimique
966 1976 1105 2023 imperii
1119 1977 1270 2023 vestigia
1289 1986 1550 2024 persequamur,
1573 1980 1703 2013 certam

146 2031 315 2079 epocham
328 2031 540 2079 deligemus,
557 2032 599 2069 de
615 2043 686 2080 qua
700 2033 794 2080 apud
809 2044 931 2070 omnes
946 2033 1056 2069 terme
1072 2032 1303 2080 chronologos
1319 2038 1466 2071 constet.
1490 2034 1542 2069 Ea
1557 2037 1611 2070 est
1621 2033 1703 2080 Cyri

145 2099 188 2125 ae
201 2087 328 2125 Persici
342 2089 461 2136 regni,
483 2090 582 2126 cuius
597 2090 736 2127 initium
751 2101 872 2127 omnes
887 2094 1048 2127 statuunt
1062 2090 1200 2138 Olymp.
1216 2103 1272 2127 nv.
1295 2101 1388 2127 anno
1409 2091 1534 2138 primo.
1580 2090 1704 2137 Coepit

145 2145 231 2181 haec
248 2145 445 2194 Olympias,
461 2150 502 2182 ut
516 2147 603 2183 alias
620 2147 830 2191 ostendetur,
847 2158 940 2183 anno
955 2159 1027 2195 per.
1043 2147 1216 2185 1u1 4154.
1241 2147 1354 2191 Quare
1365 2149 1422 2184 vel
1435 2147 1501 2184 hoc
1516 2149 1593 2195 ipso
1610 2159 1703 2184 anno

147 2203 203 2238 vel
218 2203 397 2250 sequenti,
412 2203 552 2240 labente
566 2204 699 2240 scilicet
714 2205 853 2252 Olymp.
870 2215 962 2241 auno
978 2206 1107 2252 primo,
1122 2205 1306 2241 Persarum
1321 2206 1504 2252 imperium
1519 2206 1606 2241 iniit.
1631 2205 1701 2240 Nos

146 2260 250 2295 certis
265 2259 307 2295 de
322 2260 438 2296 causis
453 2271 584 2296 annum
594 2261 696 2298 4155.
714 2261 796 2308 Cyri
808 2262 951 2299 exordio
963 2262 1202 2309 praefinimus.
1224 2263 1299 2299 Iam
1310 2274 1393 2298 vero
1408 2263 1531 2305 Medis,
1547 2263 1607 2308 qui
1623 2263 1702 2297 Per-

146 2327 204 2352 sas
220 2319 499 2360 antecesserunt,
516 2328 627 2355 anuos
642 2329 723 2354 cum
738 2318 893 2355 Diodoro
909 2323 945 2355 et
956 2319 1074 2355 Otesis
1089 2320 1304 2367 imputamus
1320 2330 1476 2356 cocxvn.
1500 2319 1611 2362 Quare
1626 2319 1702 2355 illo-

145 2384 223 2410 rum
244 2374 384 2416 initium
399 2374 561 2410 convenit
574 2385 669 2411 anno
691 2386 764 2422 per.
778 2374 844 2413 Iul.
861 2375 962 2414 3838.
998 2377 1170 2420 Mundus,
1192 2381 1232 2413 ut
1247 2378 1365 2423 opinio
1379 2377 1448 2412 fert
1462 2381 1597 2419 nostra,
1620 2387 1702 2412 con-

146 2430 238 2467 ditus
261 2434 315 2466 est
336 2442 408 2478 per.
431 2430 495 2466 Iul.
520 2430 598 2467 730.
628 2435 814 2475 autumno,
844 2433 1016 2480 siquidem
1046 2433 1091 2469 ad
1113 2434 1368 2480 Dionysianum
1390 2433 1519 2469 Christi
1548 2434 1701 2470 natalem

145 2497 257 2524 anuos
280 2488 325 2524 ab
348 2489 432 2524 orbe
454 2488 592 2524 condito
615 2492 779 2536 putamus
801 2489 874 2525 fere
895 2489 997 2526 3483.
1025 2490 1160 2526 Accidit
1181 2491 1299 2537 itaque
1321 2491 1491 2526 diluvium
1514 2502 1606 2527 anno
1629 2501 1701 2538 per.

145 2544 209 2580 Iul.
225 2544 336 2588 2386„
351 2545 474 2583 muudi
492 2545 590 2582 1656.
625 2546 655 2580 A
671 2557 741 2592 quo
757 2545 801 2581 ad
815 2545 999 2583 Persarum
1014 2547 1197 2583 exordium
1212 2549 1295 2584 anni
1309 2548 1520 2594 colliguntur
1537 2547 1640 2591 1769,
1656 2548 1701 2584 ad

145 2601 327 2639 Medorum
345 2602 442 2640 1452.
481 2601 650 2645 Quocirca
672 2603 719 2645 si,
740 2606 781 2638 ut
799 2602 951 2639 Diodoro
972 2607 1008 2639 et
1021 2603 1172 2642 Eusebio
1187 2605 1334 2651 placuit,
1355 2605 1578 2651 Assyriorum
1592 2605 1700 2652 impe·

146 2659 238 2695 rium
252 2659 297 2695 ad
311 2671 422 2696 annos
442 2659 530 2695 1300
543 2663 778 2707 propagatum
793 2664 862 2702 est,
882 2660 1006 2696 merito
1028 2660 1107 2696 Beli
1121 2671 1144 2696 a
1157 2662 1260 2697 nobis
1275 2662 1415 2698 initium
1429 2663 1592 2699 statuitur
1607 2673 1699 2699 anno

145 2719 229 2762 post
241 2716 408 2752 diluvium
421 2716 508 2759 153.,
522 2717 645 2752 mundi
658 2715 768 2759 1809„
782 2716 916 2763 periodi
929 2717 1084 2753 Iulianae
1097 2717 1196 2754 2539.
1218 2718 1375 2755 Indidem
1384 2730 1466 2755 vero
1482 2730 1699 2766 consequens

146 2776 202 2808 est
215 2783 345 2811 annum
359 2774 511 2820 primum
525 2773 602 2809 Beli
622 2774 776 2809 natalem
791 2774 958 2809 Abraami
977 2775 1183 2820 praecedere
1204 2776 1306 2811 annis
1323 2776 1406 2822 140,
1429 2777 1460 2812 si
1482 2788 1592 2813 annos
1612 2777 1699 2812 Belo

146 2830 300 2876 quinque
314 2833 352 2865 et
364 2840 543 2877 exagenos
559 2831 738 2866 attribuas.
761 2831 975 2867 Abraamum
987 2831 1134 2878 denique
1145 2843 1216 2868 non
1230 2843 1323 2868 anno
1338 2833 1421 2869 Nini
1430 2833 1499 2877 43„
1515 2835 1576 2870 sed
1588 2835 1699 2870 Semi-

146 2886 288 2923 ramidis
303 2886 359 2923 23.
373 2891 495 2923 natum
509 2898 603 2930 esse,
625 2899 707 2923 cum
728 2888 803 2923 eius
819 2892 914 2924 ortus
930 2888 1059 2924 incidat
1071 2889 1109 2924 in
1124 2899 1257 2927 aunum
1270 2901 1293 2926 a
1306 2890 1437 2927 diluvio
1451 2891 1547 2934 292„
1568 2892 1698 2939 period.

146 2943 209 2979 Iul.
217 2942 330 2987 2678„
343 2944 466 2980 mundi
479 2944 577 2981 1948.
599 2945 693 2981 Haec
706 2945 748 2981 de
759 2945 982 2991 Assyriorum
993 2945 1173 2983 intervallo
1185 2950 1221 2983 et
1229 2947 1329 2984 initio
1341 2949 1567 2996 proponenda
1576 2949 1699 2992 modo;
1734 2966 1761 2991 p.
1775 2958 1817 2985 12.

148 3000 231 3036 alibi
244 3001 424 3050 probanda
435 3001 539 3037 nobis
554 3006 665 3037 erunt.
