2008 3294
150 3011 177 3037 p.
194 3003 248 3031 121.

286 195 393 232 CVIII

285 302 320 334 et
334 299 577 345 antiquissima
591 299 738 334 concilia
752 300 892 346 saepius
907 299 1157 342 adhibuerunt,
1181 302 1217 334 et
1230 296 1400 346 hodierius
1415 300 1452 335 in
1468 300 1676 346 menologiis
1690 300 1837 335 ecclesia

284 357 427 399 retinet,
444 359 506 390 aut
519 356 676 399 illorum,
699 360 762 392 ant
782 356 885 392 huius
907 357 1091 392 autoritate
1106 357 1215 391 fuisse
1231 357 1476 393 constitutam?
1500 357 1586 393 adeo
1607 361 1648 392 ut
1668 357 1730 404 qui
1742 357 1836 392 Lati-

284 424 411 448 nomm
428 413 735 460 Hebraeorumque
754 417 829 449 tam
846 413 1024 450 >diversam
1044 425 1085 449 ac
1109 413 1335 449 dissidentem
1356 417 1490 458 teneat,
1511 415 1604 450 illius
1626 414 1762 449 decreto
1783 426 1836 449 re·

283 474 427 516 pugnet.
452 470 536 512 Quis
552 474 607 505 est
621 474 738 506 autem
753 472 814 518 qui
828 470 895 507 hoo
909 472 1050 507 saeculo
1067 470 1330 517 chronologiam
1340 472 1507 518 attingat,
1523 472 1665 518 quinon
1676 471 1837 507 Latinam

283 531 318 561 et
329 527 536 563 Hebraicam
552 528 658 563 istam
673 528 788 571 alteri,
804 538 909 575 quam
924 529 1072 564 adscivit
1083 528 1245 571 ecclesia,
1261 529 1538 575 anteponendam
1551 529 1748 564 existimet?
1770 527 1837 564 Par

284 587 339 619 est
352 585 390 619 in
405 594 488 619 aera
503 583 631 620 Christi
645 586 784 632 vulgari
797 586 997 621 institutum
1012 585 1196 628 ecclesiae,
1218 588 1258 620 ut
1279 595 1375 629 eam,
1397 586 1491 633 quod
1513 586 1605 632 apud
1624 585 1837 621 Christianos

285 653 408 677 omnes
422 641 620 685 obtinuerit,
635 643 679 677 ad
695 653 799 678 usum
813 643 1010 686 transferat,
1030 646 1147 677 utrum
1161 653 1243 677 vero
1260 643 1304 678 ab
1319 643 1395 689 ipso
1412 643 1521 678 natali
1535 642 1665 678 Christi
1678 646 1838 678 accurate

283 700 430 746 repetita
444 700 508 743 sit,
529 699 616 735 nihil
631 699 716 735 adeo
732 700 924 747 perquirat,
945 711 1058 746 neque
1075 699 1119 734 ad
1134 699 1221 735 haec
1234 700 1366 735 leviora
1379 701 1586 746 gravitatem
1601 700 1838 736 autoritatem-

284 768 351 803 que
373 767 472 792 suam
482 781 494 801 ‚
517 766 608 803 quae
630 761 853 793 sacrosancta
867 757 970 792 debet
983 767 1076 800 esse,
1097 757 1272 804 interponi
1285 757 1448 804 patiatur.
1479 757 1593 800 Quam
1606 758 1644 792 in
1659 768 1734 793 rem
1747 757 1839 792 valet

283 814 470 860 imprimis,
487 814 580 860 quod
595 814 724 850 Paulus
738 815 1053 861 Middelburgensis
1069 814 1129 849 lib.
1142 826 1220 851 1111.
1237 823 1313 861 cap.
1325 826 1374 851 vr.
1391 815 1560 861 scriptum
1574 815 1725 861 reliquit.
1748 814 1839 850 Nam

283 881 363 906 cum
383 871 571 907 ,biennium
597 870 701 915 illud,
729 872 771 907 de
794 883 862 918 quo
886 882 992 918 supra
1012 871 1181 914 diximus,
1204 871 1366 917 Dionysii
1386 881 1487 907 aerae
1509 872 1631 907 deesse
1653 872 1838 914 docuisset,

283 928 431 964 subinde
447 929 515 964 sibi
529 927 623 964 istud
639 929 775 972 obiicit,
791 930 891 975 sequi
907 940 952 964 ex
969 940 1010 964 eo
1026 928 1134 963 videri
1150 929 1334 963 ecclesiam
1347 929 1385 964 in
1398 929 1503 964 bunis
1517 938 1557 964 ac
1573 929 1750 975 rescriptis
1765 929 1838 964 suis

283 986 453 1021 oberrare.
477 985 543 1021 Oui
557 985 608 1021 sic
625 987 788 1022 occurritx
805 987 996 1021 Ecclesiam
1011 985 1078 1021 hac
1091 990 1287 1032 temporum
1302 980 1533 1021 subductione
1548 986 1600 1021 uti
1611 985 1762 1032 quidem,
1778 986 1839 1021 sed

283 1043 428 1078 minime
447 1043 610 1090 probare,
635 1054 758 1079 verum
779 1054 802 1078 a
822 1042 1048 1089 chronologia
1069 1046 1267 1078 mutuatam
1289 1054 1394 1078 suum
1415 1042 1460 1078 ad
1479 1054 1583 1078 usum
1604 1043 1840 1086 accomodare,

284 1100 446 1146 quicquid
467 1104 584 1136 autem
605 1101 690 1136 insit
709 1101 851 1144 erroris,
875 1100 910 1135 id
932 1101 1001 1135 illis
1025 1111 1120 1143 esse,
1142 1111 1212 1135 non
1235 1100 1401 1135 ecclesiae
1425 1100 1656 1136 tribuendum.
1680 1100 1739 1135 Ad
1754 1099 1840 1136 haec

284 1169 354 1192 non
374 1162 541 1204 perpetuo
564 1157 654 1193 hanc
676 1159 712 1193 in
735 1158 881 1193 ecclesia
900 1158 1106 1193 numerandi
1126 1158 1299 1192 rationem
1319 1158 1493 1201 extitisse,
1520 1157 1581 1192 sed
1607 1161 1688 1192 ante
1708 1168 1839 1204 paucos

283 1226 412 1258 annos,
434 1216 499 1250 sub
515 1215 674 1261 Eugenio
690 1228 754 1259 ιι,
776 1215 903 1250 Blondi
922 1214 1168 1253 Foroliviensis
1191 1214 1348 1258 hortatu,
1373 1215 1433 1261 qui
1452 1214 1628 1250 Pontificii
1650 1214 1797 1262 Collegii
1817 1226 1839 1250 a

282 1273 422 1307 secretis
438 1273 594 1307 notarius
611 1275 700 1316 erat,
716 1272 917 1310 admissam.
941 1272 1047 1308 Addit
1061 1275 1097 1307 et
1111 1271 1319 1318 Dionysium
1333 1271 1512 1319 Exiguum
1525 1272 1627 1307 istius
1642 1283 1744 1307 aerae
1759 1283 1839 1307 con-

282 1330 429 1365 ditorem
445 1340 596 1364 errorem
612 1330 799 1376 agnovisse
816 1341 937 1373 suum,
958 1333 993 1364 et
1008 1331 1214 1364 verecundia
1231 1331 1418 1375 confusum,
1433 1333 1474 1364 ut
1489 1330 1610 1365 scribit
1625 1329 1839 1375 Sigebertus,

274 1391 426 1433 frontem
441 1387 509 1421 sibi
518 1388 664 1433 pudoris
681 1389 832 1422 cauterio
849 1390 1022 1422 exussisse.
1054 1387 1148 1422 Haec
1163 1386 1290 1422 Paulus
1307 1386 1349 1422 de
1365 1397 1446 1422 aera
1458 1386 1695 1433 Dionysiana3
1717 1386 1755 1422 in
1771 1397 1841 1433 qua

282 1444 562 1491 reprehendenda
577 1444 687 1479 multo
702 1444 761 1479 ille
774 1443 1076 1491 reprehendendus
1092 1445 1208 1490 magis
1231 1447 1300 1487 est,
1320 1447 1361 1479 ut
1379 1444 1417 1479 in
1438 1444 1674 1491 superioribus
1696 1444 1841 1490 planum

282 1502 392 1537 cuivis
409 1513 485 1536 esse
500 1501 634 1536 factum
650 1501 870 1537 confidimus.
901 1501 974 1537 Nec
989 1505 1043 1536 est
1059 1501 1200 1537 omnino
1218 1501 1404 1548 quicquam
1423 1512 1445 1536 a
1459 1501 1637 1548 Scaligero
1647 1527 1657 1545 ,
1678 1500 1840 1544 Calvisio,

281 1558 497 1605 caeterisque
513 1562 635 1594 contra
648 1558 740 1594 hanc
754 1559 898 1594 allatum
915 1559 1008 1605 quod
1022 1559 1192 1594 momenti
1207 1559 1339 1605 aliquid
1359 1558 1506 1602 habeat,
1528 1562 1664 1605 praeter
1686 1569 1730 1594 ea
1751 1569 1841 1605 quae

282 1628 327 1652 ex
341 1615 486 1663 Iosepho
498 1619 678 1663 petuntur3
694 1627 784 1663 quae
798 1627 843 1652 ne
858 1617 936 1663 ipsa
948 1616 1088 1663 quidem
1103 1616 1243 1652 iliorum
1253 1616 1394 1651 biennio
1410 1615 1658 1662 suffragantur,
1674 1615 1841 1662 quoniam

282 1686 354 1710 non
370 1674 506 1709 duobus
523 1673 656 1717 solum,
678 1673 740 1709 sed
757 1685 822 1717 rv.,
845 1674 903 1709 vel
917 1686 951 1709 v.
973 1673 1093 1709 solidis
1117 1673 1218 1709 annis
1235 1672 1364 1709 Christi
1375 1673 1540 1709 natalem
1555 1672 1842 1710 antevertendum

282 1733 532 1767 demonstrant.
565 1730 662 1773 Quae
683 1742 740 1767 res
761 1731 927 1767 adversus
950 1731 1208 1767 nobilissimum
1229 1730 1396 1766 historiae
1411 1731 1616 1778 scriptorem
1629 1731 1723 1786 viqgs
1739 1742 1841 1778 quos—

283 1790 364 1824 dam
380 1790 456 1836 pios
473 1799 514 1824 ac
527 1788 647 1824 doctos
662 1789 833 1824 maiorem
848 1789 884 1824 in
899 1789 1044 1824 modum
1059 1789 1267 1832 commovit3
1283 1791 1323 1824 ut
1338 1799 1443 1836 quem
1457 1788 1642 1825 mendacii*
1693 1782 1722 1838 s,
1766 1791 1842 1824 tum

282 1849 462 1894 putarent,
483 1845 569 1881 nihil
592 1846 626 1881 ei
639 1847 746 1882 tribui
761 1846 957 1882 autoritatis
973 1857 1015 1882 ac
1029 1846 1111 1882 fidei
1125 1849 1338 1893 paterentur,
1359 1846 1564 1893 praesertim
1578 1846 1626 1882 in*
1682 1851 1782 1894 [qnae
1796 1846 1842 1882 ad

281 1904 428 1940 Herodis
450 1914 562 1939 annos
585 1904 752 1947 attinent,
772 1904 809 1939 in
833 1904 960 1950 quibus
984 1904 1137 1939 absurda
1159 1909 1193 1938 er
1199 1909 1400 1950 portentosa
1420 1905 1602 1939 mendacia
1624 1903 1740 1940 inesse
1761 1915 1842 1940 cum

282 1972 422 1996 summa
436 1961 671 1996 inconstantia
686 1964 721 1996 et
731 1961 970 1996 Romanorum
980 1961 1170 1997 Annalium
1181 1960 1321 1996 inscitia
1330 1960 1567 1996 Ecclesiastici
1576 1960 1730 1997 Annales
1745 1961 1839 1998 affir-

283 2022 392 2054 mant.
438 2018 517 2054 Non
538 2018 565 2053 ii
586 2028 727 2062 sumus,
750 2017 811 2065 qni
830 2029 1049 2054 summorum
1063 2018 1216 2054 virorum
1237 2018 1428 2053 memoriae
1451 2021 1487 2053 et
1508 2018 1758 2055 existimationi
1781 2019 1840 2054 ob-

282 2076 423 2111 trectari
430 2076 587 2118 velimus,
599 2075 784 2122 praecipue
796 2075 1063 2119 catholicorum3
1075 2078 1116 2111 ut
1126 2076 1156 2110 si
1168 2075 1250 2121 quid
1263 2075 1308 2111 ab
1319 2075 1389 2111 illis
1400 2075 1591 2111 titubatum
1601 2076 1841 2112 commissum-

283 2144 351 2180 que
366 2134 429 2176 sit,
453 2133 608 2168 severius
624 2142 891 2180 persequamur3
914 2142 1027 2179 neque
1042 2143 1108 2168 nos
1125 2133 1268 2168 omnino
1285 2132 1412 2168 canina
1423 2132 1487 2168 illa
1499 2131 1664 2169 facundia
1685 2132 1841 2178 delectat,

284 2202 375 2237 quae
390 2190 581 2226 multorum
597 2190 780 2237 occupavit
794 2189 947 2236 ingenia.
977 2189 1047 2225 Sed
1063 2189 1149 2225 illud
1164 2194 1280 2225 tamen
1297 2189 1390 2236 quod
1405 2189 1515 2225 cuivis
1530 2188 1596 2225 hoc
1612 2190 1650 2226 in
1663 2190 1842 2227 literarum

283 2259 412 2294 genere
428 2258 635 2284 concessum
651 2250 722 2291 est,
744 2251 914 2294 negatum
934 2247 1035 2283 nobis
1058 2258 1135 2283 esse
1158 2247 1346 2291 nolumus‚·
1359 2250 1399 2283 ut
1413 2247 1445 2282 si
1459 2247 1542 2293 quid
1557 2247 1657 2283 aliter
1673 2251 1776 2294 atque
1791 2248 1843 2285 illi

283 2306 456 2342 senserint
477 2305 593 2341 visum
614 2305 715 2341 nobis
730 2304 850 2348 fuerit,
873 2304 908 2340 id
931 2305 1084 2351 ingenue
1099 2304 1325 2352 profiteamur
1340 2314 1382 2340 ac
1395 2304 1521 2347 libere;
1545 2315 1589 2341 ne
1605 2304 1689 2352 quid
1704 2305 1842 2341 veritati

283 2362 369 2398 haec
380 2364 468 2410 ipsa,
484 2373 574 2410 quae
590 2363 719 2398 servire
735 2362 785 2398 ilii
801 2362 914 2406 debet,
930 2362 1023 2398 obsit
1033 2361 1213 2398 hominum
1225 2362 1393 2398 autoritas
1405 2365 1441 2397 et
1451 2362 1719 2398 commendatio.
1742 2362 1840 2406 Quod

282 2431 329 2457 ne
344 2420 521 2468 praesenti
535 2420 572 2456 in
588 2420 731 2466 negotio
748 2420 931 2466 contingat
944 2429 1159 2467 magnopere
1174 2422 1229 2455 est
1242 2418 1443 2455 verendum.
1470 2418 1591 2466 Neque
1606 2430 1688 2455 vero
1703 2419 1843 2467 Iosephi

283 2478 517 2525 patrocinium
532 2476 598 2514 hcc
614 2478 691 2514 ioco
707 2477 936 2525 suscipimus,
956 2487 1022 2514 nec
1036 2486 1170 2513 errasse
1185 2476 1284 2513 illum
1299 2475 1503 2519 inficiamur,
1519 2479 1580 2512 aut
1594 2480 1773 2523 postremo
1786 2478 1842 2514 vel

283 2536 468 2572 minimum
492 2539 613 2571 contra
631 2545 810 2571 sacrarum
830 2534 938 2571 iidem
951 2534 1130 2571 literarum
1145 2533 1306 2581 scriptori
1320 2533 1382 2569 ulii
1396 2533 1593 2571 tribuimus.
1632 2533 1761 2571 Verum
1776 2546 1842 2571 nec

284 2603 373 2639 quae
395 2592 440 2628 ad
462 2592 556 2629 iilius
579 2591 805 2628 minuendam
829 2591 1126 2628 existimationem
1148 2590 1338 2627 afferuntur
1358 2600 1440 2627 vera
1462 2594 1627 2637 putamus
1651 2592 1784 2636 omnia,
1807 2596 1842 2628 et

283 2650 376 2696 qnod
393 2650 437 2685 ad
453 2650 646 2686 recentiora
661 2649 866 2686 ludaeorum
880 2653 1037 2697 tempora
1053 2652 1205 2696 spectat,
1228 2647 1411 2684 certiorem
1432 2657 1473 2683 ac
1494 2649 1766 2686 constantiorem
1779 2648 1841 2685 ha-

286 2708 408 2742 bemus
424 2711 546 2742 autore
560 2707 629 2743 isto
644 2707 831 2744 neminem.
864 2706 913 2743 Ac
930 2710 1068 2743 tantum
1082 2706 1196 2750 abest,
1213 2704 1298 2742 haec
1313 2707 1439 2741 uttam
1453 2704 1610 2749 assidua,
1626 2708 1699 2743 tam
1715 2707 1841 2743 acerba

283 2774 364 2798 cum
377 2762 522 2811 losepho
531 2764 719 2800 Annalium
730 2764 966 2812 expostulatio
979 2763 1021 2799 de
1033 2763 1126 2800 iliius
1138 2762 1231 2811 apud
1242 2772 1299 2799 me
1310 2761 1379 2799 fide
1386 2762 1441 2798 vel
1452 2762 1629 2798 tantillum
1641 2763 1841 2807 detraxerit,

286 2826 324 2856 ut
339 2819 404 2856 hoc
420 2821 663 2868 ipsovprimum
679 2821 821 2858 nomine
837 2825 999 2869 suspecta
1014 2832 1091 2857 esse
1111 2819 1198 2857 mihi
1218 2819 1392 2856 musmo
1416 2819 1478 2855 ilia
1497 2820 1666 2866 coeperit,
1690 2821 1783 2867 qnod
1804 2821 1839 2857 in

283 2888 362 2913 eam
378 2882 475 2913 tanto
491 2877 671 2914 stomacho
688 2888 728 2914 ac
745 2879 847 2915 toties
862 2878 1088 2915 incurrerent.
1114 2878 1206 2915 Tum
1219 2877 1281 2913 ubi
1294 2875 1380 2912 haee
1394 2876 1562 2912 attentius
1579 2878 1734 2922 excussi,
1751 2888 1840 2925 quae

283 2934 328 2970 ad
344 2933 528 2981 losephum
552 2935 776 2972 evertendum
792 2935 1008 2972 validissima
1028 2935 1268 2978 credebantur,
1288 2932 1375 2970 nihil
1398 2934 1507 2970 atroci
1528 2935 1589 2971 illu
1610 2935 1839 2982 castigatione

284 2991 437 3038 iniquius
454 2996 510 3027 est
524 2992 648 3029 visum.
678 2992 774 3035 Quae
790 2993 930 3029 tametsi
946 2993 1030 3029 oiim
1045 3003 1069 3028 a
1083 3004 1140 3029 me
1155 2990 1411 3034 animadversa,
1428 2990 1604 3038 disputata
1618 2992 1840 3039 postmodnm

283 3048 329 3085 ab
345 3049 423 3085 aliis
446 3053 549 3096 atque
571 3049 746 3097 explicata
770 3050 939 3098 comperi,
953 3050 1057 3087 licere
1072 3048 1158 3087 mihi
1170 3047 1309 3097 quidem
1321 3048 1469 3085 arbitror
1482 3059 1570 3096 quae
1583 3049 1724 3096 perinde
1736 3053 1776 3086 ut
1789 3049 1840 3086 ilii
