2008 3294
0 478 11 578 ›swa-

1606 157 1732 197 m

177 261 387 309 praescripta
401 260 522 299 fuisse.
550 260 630 297 Non
644 260 779 297 inficior
794 260 886 298 idem
901 263 935 298 et
947 259 1122 308 plerisque
1137 260 1201 297 ΡΡ.
1217 261 1340 306 videri,
1362 265 1397 297 et
1410 261 1582 309 imprimis
1598 261 1730 299 Iustino

175 319 213 361 in
234 318 382 366 Dialogo
411 329 492 358 cum
518 317 720 367 Tryphone,
748 319 790 355 de
812 317 989 366 gestandis
1001 335 1005 339 Δ
1015 318 1269 365 alligandisque
1294 319 1502 361 frontalibus
1527 319 1731 357 mandatum

176 375 312 412 Iudaeis
329 375 470 412 editum.
502 374 572 412 Sed
588 386 631 411 ex
647 376 736 422 legis
752 375 818 412 hoc
833 375 947 412 verbis
961 379 1078 422 aperte
1090 376 1207 422 colligi
1218 388 1332 423 posse,
1348 377 1442 423 quod
1452 379 1552 424 putat
1562 375 1731 423 Scaliger,

176 431 243 468 hoc
257 444 339 469 vero
353 443 518 480 pernego.
548 432 594 468 Et
607 434 718 469 multo
741 433 827 469 mihi
845 433 1055 481 probabilior
1069 433 1272 479 Hieronymi
1291 435 1465 471 sententia
1478 433 1629 477 videtur,
1651 444 1731 469 cum

176 489 418 536 antiquissima
425 490 632 526 Iudaeorum
648 491 860 527 consuetudo
876 501 947 527 nou
962 490 1075 526 maius
1086 489 1151 525 hac
1168 491 1203 526 in
1219 495 1316 538 parte
1331 492 1583 538 praeiudicium
1597 490 1731 534 afferat,

177 557 284 593 quam
298 548 456 584 sexcenti
478 548 538 584 alii
552 548 639 583 ritus
656 559 697 584 ac
715 547 917 594 δευτερώσιις
939 548 1212 595 nugacissimas,
1241 560 1328 595 quos
1344 550 1415 585 iam
1435 553 1512 585 tum
1529 547 1657 586 Christi
1671 549 1731 585 do-

177 603 266 640 mini
286 607 441 652 tempore
464 615 510 641 ex
533 605 622 652 legis
649 606 763 641 verbis
785 617 857 642 non
877 605 995 642 minus
1015 605 1140 641 stolide
1164 616 1270 651 quam
1292 606 1515 652 pertinaciter
1536 606 1730 644 eliciebant.

176 659 227 696 De
242 661 388 698 fimbriis
411 662 511 700 aliter
533 663 766 699 sentiendum.
796 662 934 700 Etenim
949 662 1052 701 Num.
1067 675 1132 706 xv,
1159 662 1215 699 38.
1234 664 1410 710 conceptis
1432 664 1548 699 verbis
1569 664 1731 699 iubentur

167 719 326 764 fimbrias
337 732 402 766 per
411 721 600 766 palliorum
617 721 758 766 anqulos
773 721 915 764 habers,
934 719 1126 767 iisdemque
1150 722 1254 755 vittas
1269 720 1513 765 hyacinthinae
1528 721 1729 768 adiungere.

173 775 346 813 Fimbriae
361 777 529 814 Hebraico
543 778 660 814 Moses
683 781 840 822 nffwx,
857 789 928 815 mxx
942 775 1122 824 κράσπεδα.
1165 777 1279 814 Vittas
1299 781 1417 815 autem
1432 778 1490 814 ille
1511 758 1648 825 bane,
1673 779 1732 814 isti

177 831 320 880 κλῶσμα
339 838 477 871 vocant.
516 834 568 872 De
588 835 715 882 quibus
731 846 803 872 non
829 835 943 873 solum
957 835 1124 879 Hebraei,
1144 834 1206 871 sed
1229 838 1263 871 et
1277 838 1449 873 nostrates
1466 836 1577 871 critici
1593 836 1732 883 copiose

175 890 360 929 disserunt.
1330 900 1351 923 ο

267 948 422 986 Tectis-n
439 948 571 984 πλατέα
593 950 725 999 σήματα
746 950 944 998 πορφύρας.]
985 949 1076 987 Mira
1097 948 1260 991 vocabuli
1278 948 1384 987 huius
1406 951 1472 985 τῶν
1505 949 1732 998 φυλακτηρίων

175 1004 430 1054 interpretatio,
454 1007 572 1044 clavos
594 1018 671 1043 esse
697 1019 889 1055 purpureos
909 1008 1000 1044 latos
1015 1008 1076 1055 qui
1098 1008 1244 1045 colobiis
1267 1007 1535 1054 etepomidibus
1556 1009 1733 1045 insueren-

174 1066 241 1107 tur,
257 1063 302 1100 ad
317 1064 466 1101 eundem
480 1065 624 1102 modum
640 1066 867 1112 quoRomani
881 1068 1058 1102 senatores
1074 1066 1131 1103 sui
1143 1065 1274 1102 ordinis
1289 1065 1428 1112 insigne
1439 1066 1636 1111 gestabant.
1658 1066 1732 1102 Hoc

174 1131 274 1164 vero,
304 1121 466 1168 inquam,
495 1122 736 1160 admirandum
751 1123 866 1171 potius
887 1133 993 1170 quam
1007 1127 1070 1159 aut
1084 1123 1160 1160 sine
1176 1123 1245 1159 alio
1260 1122 1390 1159 idoneo
1402 1126 1524 1159 autore
1539 1123 1643 1159 nimis
1659 1134 1733 1158 am-

173 1178 412 1226 plectendum,
445 1183 507 1216 aut
533 1181 647 1216 acrius
674 1179 994 1228 reprehendendum
1019 1180 1113 1228 quod
1139 1181 1176 1221 in
1206 1179 1358 1218 Elencho
1387 1180 1545 1227 Scaliger
1571 1181 1732 1216 instituit.

174 1236 279 1284 Atqui
304 1240 423 1274 utrum
445 1237 649 1274 dalmaticas
670 1238 757 1275 istas
784 1241 820 1274 et
842 1238 1041 1275 colobionas
1065 1238 1220 1275 clavatos
1240 1237 1420 1275 Pharisaei
1446 1238 1530 1274 olim
1550 1239 1732 1285 gesserint,

175 1304 284 1341 eaque
299 1293 514 1341 phylacteria
528 1296 683 1343 plerique
698 1295 968 1339 nominaverint,
985 1307 1111 1340 necne,
1127 1296 1265 1332 aliunde
1281 1300 1438 1333 constare
1453 1307 1525 1332 non
1539 1299 1672 1343 potest,
1698 1300 1734 1332 et

173 1361 219 1387 ex
234 1351 418 1388 reconditis
430 1352 638 1389 Iudaeorum
653 1353 751 1389 libris
767 1363 808 1389 ao
823 1353 946 1390 ritibus
961 1354 1074 1392 multa
1088 1353 1304 1401 Epiphanius
1320 1354 1435 1400 potuit
1449 1353 1627 1389 addiscere
1643 1364 1732 1400 quae

174 1407 240 1445 hoc
255 1409 396 1445 saeculo
418 1412 454 1446 et
475 1409 651 1446 hodiernis
672 1410 808 1447 Iudaeis
829 1411 954 1457 ignota
972 1415 1064 1447 sunt.
1107 1411 1190 1447 Esto
1206 1411 1329 1458 igitur,
1355 1411 1472 1447 clavos
1495 1411 1601 1447 etiam
1616 1411 1732 1447 istius-

172 1466 268 1502 modi
284 1465 488 1514 φυλακτήρια
502 1468 793 1515 nuncupaverint,
809 1469 915 1515 vulgo
931 1472 1050 1505 tamen
1067 1467 1271 1515 φυλακτήρια
1285 1469 1356 1512 issa,
1373 1480 1520 1515 quorum
1536 1467 1732 1505 Matthaeus

173 1524 348 1568 meminit,
371 1535 452 1561 cum
466 1525 678 1572 Hieronymo
699 1526 879 1573 pittaciola
899 1529 936 1562 et
955 1526 1222 1563 membranacea
1246 1526 1410 1563 frontalia
1435 1527 1561 1563 eruditi
1574 1526 1732 1563 homines

172 1580 452 1629 interpretantur.

264 1635 433 1680 Ῥοΐσκους
453 1637 516 1687 γάρ
532 1651 618 1680 τινας
634 1638 686 1675 ἐπὶ
703 1640 744 1675 τὰ
759 1640 928 1688 τέσσαρα.]
962 1641 1119 1679 Ridicule
1135 1641 1291 1689 Scaliger
1306 1644 1345 1678 ut
1358 1640 1592 1689 Epiphaniam
1607 1642 1733 1678 erroris

173 1699 315 1742 arguat,
336 1696 377 1732 Si
397 1698 492 1733 mala
511 1700 658 1744 punica,
688 1698 820 1744 inquit,
842 1711 907 1733 nou
927 1701 1035 1744 ἐρίων
1058 1697 1236 1746 κράσπεδα.
1269 1698 1377 1742 Quasi
1396 1711 1469 1736 non
1484 1700 1590 1736 etiam
1606 1696 1732 1746 ῥοΐσκοι

174 1755 242 1803 τοῖς
259 1753 452 1801 κρασπέδοις
468 1754 607 1802 alligari
621 1755 814 1802 potuerint;
830 1760 870 1791 ut
884 1759 919 1791 et
933 1756 1052 1803 spinas
1068 1755 1284 1802 adhibuisse,
1301 1768 1370 1804 quo
1387 1767 1544 1793 cruorem
1559 1758 1732 1800 elicerent,

173 1814 319 1847 testatur
331 1811 576 1858 Hieronymus.
606 1811 678 1848 Nec
694 1813 813 1848 obstat
833 1813 927 1859 quod
949 1809 1101 1860 ῥοΐσκους
1122 1824 1282 1850 summus
1298 1814 1460 1850 sacerdos
1476 1813 1508 1849 ἐν
1525 1813 1731 1862 ἀρχιερατικῄ·

173 1867 276 1916 στολῇ
289 1869 488 1916 gestaverit.
503 1868 594 1905 Nam
601 1869 756 1906 diversos
765 1871 809 1906 ab
817 1870 886 1907 illis
899 1881 979 1907 cum
994 1882 1151 1915 numero,
1164 1876 1240 1908 tum
1252 1872 1400 1908 materia
1410 1872 1558 1919 aliisque
1572 1872 1607 1908 id
1619 1883 1731 1919 genus

171 1924 365 1970 Pharisaei,
382 1937 462 1962 cum
477 1926 515 1962 in
530 1930 626 1963 casto
643 1931 776 1971 essent,
799 1938 964 1974 usurpare
980 1932 1150 1976 poterant.
1182 1929 1240 1964 Sic
1257 1929 1544 1976 paludamentum
1566 1941 1647 1965 cum
1662 1930 1731 1965 Ro-

171 1993 356 2032 manorum
370 1983 481 2031 Impp.
496 1984 677 2032 proprium
691 1984 812 2028 fuerit,
829 1986 935 2021 etiam
949 1986 1119 2022 militibus
1135 1987 1343 2024 attribuitur.
1374 1987 1487 2035 Atque
1503 1991 1543 2023 ut
1557 1998 1580 2022 a
1593 1987 1731 2022 Iudaeis

174 2052 245 2077 non
259 2041 435 2084 recedam,
451 2042 530 2088 quis
545 2042 657 2078 nescit
669 2042 760 2078 inter
774 2043 905 2079 summi
920 2043 1110 2079 sacerdotis
1124 2048 1239 2080 vestes
1255 2043 1384 2092 ephod,
1407 2045 1480 2080 sive
1496 2043 1553 2089 τὴν
1569 2043 1731 2092 ἐπωμίδα,

172 2109 214 2134 ac
229 2098 512 2146 superhumerale
526 2098 660 2135 tuisse?
675 2099 720 2135 Et
734 2103 853 2135 tamen
868 2111 941 2137 non
955 2101 1060 2137 modo
1076 2102 1273 2138 sacerdotes
1290 2113 1332 2137 ac
1346 2102 1488 2138 Levitae
1503 2103 1646 2145 caeteri,
1671 2103 1731 2138 sed

173 2156 280 2192 etiam
293 2156 376 2192 laici
388 2155 510 2204 Ephod
531 2156 740 2201 induebant,
760 2158 812 2193 uti
826 2157 939 2194 David
953 2159 1012 2194 lib.
1030 2170 1068 2196 u.
1085 2159 1172 2206 Reg.
1188 2170 1263 2206 cap.
1280 2172 1334 2203 vr,
1353 2160 1405 2195 14.
1437 2159 1507 2195 Sed
1527 2159 1594 2195 hoc
1613 2160 1732 2195 videli-

173 2216 229 2249 cet
242 2213 375 2249 lineum
390 2217 479 2257 erat,
506 2214 655 2251 alterum
668 2214 754 2251 illud
767 2215 973 2262 pontificum
988 2217 1166 2264 proprium
1181 2221 1332 2264 quatuor
1345 2229 1390 2253 ex
1405 2218 1580 2253 coloribus
1596 2221 1731 2252 consta-

174 2271 245 2315 bat,
261 2269 459 2318 hyacintho,
476 2271 593 2318 bysso,
609 2282 725 2315 cocco,
740 2283 910 2320 purpura3
926 2273 988 2309 sed
1003 2277 1038 2309 et
1053 2285 1138 2310 auro
1153 2279 1357 2311 contextum
1374 2278 1458 2310 erat.
1492 2275 1577 2311 Vide
1591 2275 1730 2310 Hieron.

173 2327 284 2375 Epist.
307 2327 352 2363 ad
370 2327 562 2366 Fabiolam.
594 2328 707 2365 Nimis
727 2329 835 2376 igitur
855 2330 989 2367 insulse
1015 2331 1182 2368 adversus
1195 2331 1430 2401 Epiphaniam
1451 2335 1612 2368 nostrum
1628 2343 1731 2379 argu-

171 2388 348 2421 mentatur
363 2384 532 2432 Scaliger.

263 2442 404 2489 Δευτέρα
420 2441 456 2477 δὲ
471 2441 514 2483 εἰς
530 2442 586 2477 τὸν
609 2441 808 2478 διδάσκαλον
831 2443 967 2490 numm]
1001 2445 1171 2482 Eadem
1153 2446 1377 2493 οευτερώσεων
1399 2457 1529 2493 genera
1550 2452 1731 2493 percenset

172 2498 308 2536 haeresi
322 2511 454 2543 xxxin,
482 2511 517 2537 n.
530 2511 579 2537 rx.
620 2499 696 2543 Quo
718 2511 763 2536 ex
784 2502 862 2537 loco
884 2500 1001 2548 Ῥαββὶ
1024 2501 1156 2549 Ἀκιβόἰν
1179 2515 1243 2550 pro
1260 2503 1443 2550 Βαρακιβᾶν
1465 2505 1653 2551 legendum
1674 2505 1729 2541 hic

173 2557 410 2594 admonemur.
442 2557 506 2593 Hic
523 2561 576 2592 est
590 2557 649 2593 ille
664 2558 734 2593 nisi
747 2557 849 2595 fallor
864 2559 904 2595 R..
920 2558 1035 2595 Akiba
1049 2560 1092 2596 de
1108 2571 1176 2607 quo
1199 2561 1236 2596 in
1251 2561 1459 2597 Iudaeorum
1473 2562 1680 2598 Kalendario
1696 2575 1728 2606 v,

173 2614 228 2650 die
243 2614 334 2651 Tisri
347 2614 434 2652 haec
454 2614 629 2663 adscripta
649 2619 746 2651 suntz
774 2616 817 2653 R.
834 2616 954 2652 Akiba
969 2618 1066 2663 filius
1081 2618 1205 2664 loseph
1228 2621 1408 2655 coniicitur
1429 2622 1467 2655 iu
1488 2622 1644 2663 vincula,
1671 2622 1731 2656 ubi

533 2763 593 2800 AD
616 2764 843 2802 HAERESIN
866 2764 976 2802 XVII.
999 2765 1364 2805 PHARISAEORUM.

264 2842 410 2889 Συνῆσαν
427 2839 490 2892 γὰρ
507 2844 617 2886 αὐτοῖς
634 2845 688 2880 καὶ
704 2844 734 2879 οἱ
749 2845 914 2892 Νομικοί]
937 2845 988 2881 De
996 2846 1164 2893 Scaligeri
1175 2847 1444 2885 hallucinatione
1456 2851 1728 2898 supravidimus,

176 2901 235 2947 qui
250 2902 403 2948 νομικοὺς
419 2906 598 2938 actuarios
613 2914 689 2938 esse
705 2914 746 2938 ac
753 2905 980 2949 formulas-ios
994 2904 1147 2940 credidit.
1179 2904 1364 2942 Proximus
1376 2906 1457 2943 huic
1468 2919 1563 2943 error
1575 2910 1727 2955 estquod

174 2962 394 3004 praesentem
413 2959 599 3007 Epiphanii
619 2962 735 2996 locum
761 2961 810 2995 sic
825 2961 1070 3007 interpretatus
1092 2965 1162 3004 est,
1190 2966 1230 2998 ut
1255 2963 1293 2997 τ“ο
1322 2963 1432 3004 αὐτοῖς
1459 2965 1503 3000 ad
1524 2965 1726 3002 Pharisaeos

174 3015 333 3059 referret,
361 3017 568 3064 quibuscum
587 3019 816 3055 versabantur
839 3017 868 3052 οἱ
896 3018 1033 3065 νομικοί.
1065 3019 1298 3066 Epiphanius,
1337 3022 1466 3068 iuquit,
1505 3030 1622 3069 aperte
1651 3025 1725 3063 τοὺς

1767 853 1794 878 p.
1807 844 1848 871 32.
