2008 3294
183 1923 210 1949 p.
225 1915 282 1943 1¹8.

315 199 390 235 CVI

315 313 386 338 non
409 306 490 349 post
510 302 745 346 nativitatem,
768 306 809 338 ut
822 302 925 339 hodie
939 303 997 347 fit,
1019 315 1042 339 a
1055 303 1214 339 Mariano
1229 305 1266 338 et
1280 302 1415 339 mediae
1429 305 1612 340 vetustatis
1636 304 1868 352 chronologis,

315 360 376 395 sed
393 360 438 395 ab
454 360 531 406 ipso
547 360 796 395 incarnationis
812 371 905 396 anno
921 361 1040 407 repeti.
1071 361 1143 396 Nec
1165 360 1282 396 minus
1303 361 1339 396 in
1362 360 1575 407 reliquorum
1591 362 1684 397 notis
1699 373 1872 398 annorum

315 417 388 452 sive
400 417 579 452 Marianus
595 417 687 463 ipse,
704 417 778 452 sive
791 417 952 453 librarius
967 422 1106 465 peccat3
1122 418 1189 452 etsi
1204 418 1343 464 saepius
1358 421 1488 454 rectam
1498 419 1592 454 viam
1604 419 1744 455 insistit.
1767 419 1872 455 Verbi

315 484 443 509 caussa
463 485 554 509 anno
577 473 706 509 Christi
720 486 805 511 nvn.
827 475 915 520 cycli
938 476 1053 522 quarti
1075 475 1399 510 decemnovennalis
1421 475 1562 511 initium
1582 476 1732 512 collocat
1752 476 1871 515 indict.

314 543 373 567 xv.
397 531 515 566 Recte.
539 530 662 578 Coepit
676 532 770 567 enim
784 532 902 578 cyclus
913 545 938 568 1.
953 531 1019 567 hoc
1036 543 1127 567 anno
1151 532 1224 567 sive
1243 542 1265 566 a
1282 532 1359 568 Kal.
1371 532 1444 568 Ian.
1457 533 1530 568 sive
1543 543 1565 568 a
1576 533 1731 579 paschali
1741 543 1872 577 mense,

314 588 434 625 indict.
451 601 526 630 xv.;
548 591 585 623 at
606 588 643 624 in
667 588 863 635 Septembri
883 589 1024 624 indictio
1042 602 1112 626 xv1.
1154 589 1208 624 Ex
1226 600 1295 635 quo
1311 590 1467 636 sequitur
1481 591 1635 636 primum
1649 600 1782 626 annum
1796 602 1872 626 coe-

314 645 408 691 pisse
429 645 547 680 indict.
564 657 611 682 tv.
643 645 708 681 Est
721 649 840 682 autem
853 645 911 682 hic
926 647 1016 693 cycli
1030 646 1238 692 Dionysiani
1253 658 1309 690 m,
1333 657 1402 693 quo
1423 650 1573 682 exeunte
1588 650 1692 682 natus
1708 651 1763 683 est
1777 647 1874 684 Chri-

315 706 401 738 stus.
422 702 526 748 ‚Ergo
541 701 660 738 indict.
672 715 705 738 v.
721 706 824 739 natus
840 707 894 739 est
908 704 1100 739 secundum
1114 703 1335 750 Dionysium.
1357 703 1412 740 Ita
1425 715 1518 740 anuo
1536 714 1655 741 cccxv.
1672 707 1772 747 notat
1785 705 1875 751 cycli

315 760 582 806 decimiseptimi
603 771 735 796 annum
754 761 923 808 primum,
946 761 1064 796 indict.
1080 773 1142 796 vn.
1187 761 1296 796 Recte
1317 761 1402 796 item
1424 772 1516 797 anno
1530 771 1672 798 cccxm.
1694 765 1796 798 notat
1816 773 1874 808 cy-

315 818 409 852 clum
423 830 468 860 1.‚
483 817 602 854 indict.
619 829 690 853 xiv.
720 817 768 853 At
781 829 874 854 anno
891 828 1035 854 ccccxi.
1051 819 1189 864 cyclum
1205 831 1246 862 1.‚
1262 818 1381 855 indict.
1393 830 1464 862 m.,
1481 819 1542 854 ubi
1557 819 1676 855 indict.
1691 831 1738 856 rv.
1754 820 1875 866 legen-

314 875 409 909 dum.
439 874 626 921 Perperam
640 885 780 922 quoque
796 886 888 910 anno
906 885 1102 912 cccxcvm.
1120 875 1258 921 cyclum
1272 875 1391 922 posuit
1405 889 1448 919 1.‚
1463 876 1581 912 indict.
1598 889 1658 920 m.,
1674 876 1767 923 qued
1783 887 1874 912 anuo

315 942 485 969 cccxcix.
502 932 676 969 convenit.
722 933 824 968 Anno
840 943 921 968 vero
940 942 1122 969 ccccxvii.
1139 936 1238 968 recte⁴
1248 933 1367 979 cyclus
1382 933 1532 979 primus,
1548 933 1611 969 sed
1625 934 1717 970 male
1731 933 1874 969 indictio

316 1002 373 1025 xv.
401 989 624 1032 adscribitur,
650 1001 714 1036 pro
738 1001 779 1033 1.‚
801 1001 882 1024 cum
903 1000 995 1025 anno
1013 998 1209 1027 cccxcvm.
1231 989 1373 1026 indictio
1395 990 1501 1026 fuerit
1515 1002 1564 1027 ιι.
1613 990 1758 1026 Caetera
1773 991 1875 1026 huius

315 1046 484 1090 auctoris,
505 1049 568 1082 aut
589 1046 736 1082 aliorum
758 1047 921 1094 persequi
942 1047 1093 1083 otiosum
1109 1057 1150 1082 ac
1166 1058 1420 1094 supervacuum
1437 1050 1501 1083 est.
1545 1047 1636 1084 Illud
1651 1048 1876 1095 quidemevi-

315 1104 437 1139 denter
457 1106 617 1150 apparet,
638 1104 835 1140 Marianum
856 1105 901 1139 ab
924 1115 1006 1139 aera
1020 1104 1237 1151 Dionysiana
1258 1116 1330 1140 non
1350 1105 1552 1147 recessisse,
1575 1105 1794 1152 eundemque
1809 1105 1876 1152 pri-

315 1172 413 1196 mum
429 1160 559 1196 Christi
572 1161 663 1207 cycli
678 1161 869 1197 secundum
885 1161 1065 1206 habuisse,
1082 1173 1151 1208 quo
1167 1162 1367 1198 incarnatus
1383 1166 1419 1197 et
1434 1165 1531 1198 ortus
1547 1165 1601 1198 est
1615 1161 1782 1198 Christus.
1810 1162 1876 1198 Ve-

314 1229 394 1254 rum
415 1218 508 1254 hunc
527 1228 676 1262 annum,
697 1221 736 1254 ut
756 1221 791 1254 et
810 1218 1065 1264 Dionysianam
1086 1229 1222 1263 aeram,
1243 1220 1335 1254 male
1358 1230 1438 1254 cum
1459 1219 1561 1256 anuis
1582 1219 1685 1255 Urbis
1709 1223 1744 1255 et
1759 1219 1877 1266 Olym-

315 1276 459 1323 piadum
480 1275 674 1322 componit,
701 1279 741 1311 ut
766 1275 934 1312 hactenus
955 1276 1088 1323 liquido
1109 1276 1276 1312 constitit.
1333 1276 1532 1319 Quinetiam
1558 1277 1773 1324 baptizatum
1800 1287 1877 1312 esse

317 1333 493 1369 Christum
508 1333 601 1370 idem
617 1333 742 1375 asserit
755 1343 847 1369 anno
864 1344 965 1370 aerae
980 1346 1097 1378 xxxa,
1119 1334 1242 1370 aetatis
1257 1334 1400 1370 ineunte
1415 1346 1499 1370 xxx.
1509 1360 1518 1378 ‚
1539 1333 1606 1370 h'oc
1629 1337 1684 1370 est
1706 1334 1877 1370 absolutis

317 1404 422 1434 ιιιι,
413 1406 421 1413 ·
445 1403 491 1426 ex
513 1403 582 1441 quo
605 1391 752 1438 colligas
775 1403 868 1427 anno
885 1402 986 1428 aerae
1001 1391 1145 1438 Dionys.
1160 1391 1272 1438 primo
1290 1390 1466 1427 Christum
1482 1402 1525 1427 ex
1542 1391 1690 1428 istorum
1705 1391 1879 1428 sententia

316 1460 395 1484 esse
416 1452 550 1486 natum.
582 1448 784 1496 Eodemque
804 1449 908 1484 modo
932 1460 1013 1484 cum
1035 1460 1133 1485 anno
1151 1459 1254 1485 aerae
1269 1461 1390 1485 xxxxv.
1405 1459 1531 1496 passus
1552 1449 1703 1496 ponitur,
1725 1448 1878 1496 idipsum

317 1507 444 1541 aetatis
465 1506 559 1542 illius
576 1519 702 1543 xxxm.
723 1507 883 1550 ineunte,
906 1506 1066 1542 absoluto
1088 1517 1170 1542 vero
1186 1518 1299 1543 xxxn.
1316 1506 1501 1553 contigerit
1521 1509 1672 1554 oportet,
1694 1509 1735 1542 ut
1755 1517 1878 1545 verum

315 1564 363 1600 sit
378 1563 471 1610 quod
487 1563 530 1600 de
544 1574 646 1599 aerae
663 1564 907 1611 acticipatione
921 1564 1026 1611 paulo
1043 1567 1123 1600 ante
1139 1564 1332 1600 docuimus.

408 1622 578 1665 Quocirca
593 1621 724 1657 falsum
739 1625 793 1658 est
806 1621 1005 1658 Marianum
1019 1621 1273 1669 Dionysianam
1293 1631 1412 1657 aeram
1433 1621 1574 1657 biennio
1597 1621 1879 1658 antevertendum

316 1683 470 1728 putasse.
515 1679 615 1722 Quod
631 1682 750 1715 autem
772 1679 816 1714 ad
831 1691 910 1716 ιιιι
931 1679 986 1715 vel
1002 1691 1066 1716 ιιι
1087 1690 1197 1715 annos
1219 1679 1361 1722 attinet,
1387 1689 1474 1725 quos
1497 1689 1519 1714 a
1539 1678 1707 1725 Dionysio
1729 1682 1879 1726 praeter-

316 1738 444 1773 missos
461 1741 534 1772 tam
549 1737 623 1784 ipse
639 1748 746 1783 quam
762 1737 966 1784 Sigebertus
983 1737 1180 1780 existimat,
1204 1746 1351 1784 agemus
1374 1736 1417 1772 de
1438 1736 1481 1772 iis
1504 1736 1542 1772 in
1557 1737 1718 1783 sequenti
1732 1737 1881 1772 diatriba

317 1795 360 1831 de
375 1795 539 1842 passione
555 1794 699 1830 domiui.
737 1795 835 1831 Hanc
857 1794 1003 1831 eandem
1018 1807 1095 1831 xxn
1110 1805 1281 1830 annorum
1303 1805 1480 1830 summam
1494 1793 1617 1830 deesse
1630 1793 1760 1831 Paulus
1773 1793 1879 1830 Foro-

317 1852 591 1899 semproniensis
607 1863 652 1887 ex
669 1852 821 1899 quadam
843 1852 1055 1888 revelatione
1071 1852 1248 1888 didicerat.
1278 1851 1435 1887 Ridicule
1451 1862 1549 1888 sane.
1581 1850 1673 1887 Nam
1687 1854 1724 1888 et
1731 1852 1812 1899 ‹ipse
1827 1863 1879 1888 re-

316 1910 527 1946 velationem
542 1920 642 1945 suam
658 1909 810 1957 negligit
837 1913 872 1946 et
892 1910 929 1945 in
953 1921 994 1946 eo
1011 1910 1153 1946 tandem
1173 1909 1380 1957 acquiescit,
1403 1912 1443 1944 ut
1458 1908 1695 1955 Dionysianae
1711 1920 1814 1946 aerae
1828 1909 1880 1946 bi-

317 1967 412 2004 ennii
427 1967 542 2002 labem
557 1960 722 2014 imputet,
739 1967 800 2003 sed
817 1970 939 2003 contra
954 1978 996 2004 ac
1010 1967 1219 2003 recentiores
1235 1967 1379 2002 faciunt.
1406 1965 1486 2002 Non
1501 1966 1594 2002 enim
1611 1969 1878 2014 μεταχρονισμῷ,

317 2025 379 2060 sed
396 2026 635 2071 προχρονισμῷ
657 2029 839 2071 peccatum
861 2024 1001 2067 statuit,
1024 2024 1174 2071 ideoque
1196 2024 1336 2060 biennio
1360 2034 1467 2070 quam
1487 2034 1607 2059 revera
1627 2024 1674 2060 sit
1692 2024 1880 2061 tardiorem

317 2093 397 2118 esse
414 2085 572 2130 oportere
589 2082 778 2119 contendit.
810 2081 947 2118 Norunt
961 2092 1082 2118 omnes
1100 2081 1160 2128 qui
1175 2084 1333 2117 autorem
1348 2081 1457 2116 istum
1472 2081 1647 2127 legerunt,
1664 2082 1725 2128 qui
1740 2082 1880 2129 quidem

318 2139 420 2176 hodie
436 2139 580 2175 inventu
595 2149 756 2186 perrarus
772 2142 843 2182 est,
868 2150 974 2186 quam
995 2139 1186 2174 immanem
1209 2149 1251 2174 ea
1274 2138 1316 2174 de
1338 2149 1375 2174 re
1399 2138 1689 2177 commentarium
1705 2140 1882 2186 scripserit

319 2196 510 2233 eruditione
526 2195 617 2232 haud
634 2196 772 2246 vulgari
791 2197 851 2232 iila
871 2196 1012 2244 quidem
1034 2196 1200 2232 refertum
1223 2199 1258 2231 et
1280 2195 1324 2231 ad
1347 2195 1522 2242 cyclorum
1543 2205 1786 2243 annorumque
1808 2208 1880 2233 me-

319 2254 465 2290 thodum
481 2264 561 2290 cum
576 2253 699 2300 primis
715 2254 846 2291 utilem.
877 2254 918 2290 Iu
933 2253 1037 2290 huius
1053 2253 1160 2300 igitur
1177 2253 1290 2301 operis
1306 2252 1393 2289 libro
1407 2264 1469 2288 ιιι.
1485 2256 1521 2289 et
1532 2265 1624 2297 ιιιι.,
1641 2256 1829 2301 postquam
1844 2255 1879 2291 in

319 2312 406 2348 libro
424 2324 457 2348 x.
473 2312 624 2359 priorem
645 2312 742 2348 illam
767 2311 808 2348 de
825 2323 901 2348 xxn
923 2312 1025 2347 annis
1047 2311 1313 2354 revelationem,
1337 2320 1421 2346 sane
1442 2310 1626 2353 insulsam,
1650 2312 1881 2358 exposuisset,

318 2371 415 2407 velut
437 2373 573 2407 mutata
595 2369 770 2405 sententia
793 2369 933 2405 biennio
957 2369 1128 2406 maturius
1151 2367 1351 2404 inchoatam
1373 2378 1395 2403 a
1418 2367 1585 2414 Dionysio
1610 2368 1737 2405 definit
1753 2379 1881 2414 aeram,

320 2439 412 2464 anuo
431 2427 566 2464 Iuliano
583 2439 695 2470 xiva,
718 2438 798 2463 cum
821 2437 843 2462 a
857 2438 981 2463 xavm.
998 2425 1210 2474 auspicanda
1224 2425 1339 2461 fuerit.
1370 2424 1443 2461 1100
1458 2435 1540 2461 vero
1563 2425 1607 2461 ad
1623 2424 1715 2461 hunc
1736 2426 1879 2463 modum

320 2486 549 2522 demonstrat:
574 2484 746 2521 Eusebius
771 2484 807 2520 in
831 2483 1012 2520 Chronicis
1037 2494 1128 2520 anno
1153 2482 1283 2519 Christi
1306 2494 1380 2526 xv„
1403 2482 1553 2529 Augusti
1577 2495 1664 2527 ava,
1688 2487 1723 2519 et
1746 2484 1880 2528 ultimo,

320 2543 465 2590 eclipsin
482 2542 567 2578 solis
583 2541 750 2578 accidisse
766 2545 880 2586 notat,
903 2541 1096 2589 eodemque
1117 2551 1210 2577 anno
1231 2543 1408 2577 mortuum
1424 2539 1636 2587 Augustum.
1668 2541 1714 2576 At
1728 2551 1810 2578 vero
1827 2553 1880 2578 ec-

320 2601 419 2648 lipsis
446 2599 543 2635 nulla
564 2610 656 2635 auno
674 2598 803 2635 Christi
819 2610 875 2635 xv.
892 2603 954 2635 aut
974 2599 1044 2635 alio
1068 2598 1215 2645 contigit
1236 2608 1342 2645 quam
1358 2609 1462 2641 xvrr..
1484 2597 1520 2632 iu
1542 2608 1611 2643 qua
1632 2597 1765 2634 Romae
1786 2602 1880 2635 totus

320 2658 373 2693 sol
405 2657 611 2693 obscuratus
639 2660 708 2700 est,
732 2656 912 2693 Februarii
927 2669 1003 2700 xv„
1027 2655 1112 2692 hora
1133 2666 1211 2692 vere
1234 2654 1442 2698 meridiana,
1466 2654 1539 2690 sole
1562 2655 1598 2690 in
1622 2667 1717 2693 xxvi.
1735 2655 1883 2703 Aquarii

321 2714 432 2761 gradu
456 2714 588 2761 posito;
613 2725 682 2761 quo
704 2713 827 2750 eodem
849 2724 941 2751 anno
963 2726 1035 2750 xiv.
1050 2713 1129 2750 Kal.
1147 2713 1243 2761 Sept.
1258 2713 1439 2760 Augustus
1461 2711 1557 2748 obiit.
1606 2711 1720 2754 Quare
1740 2713 1880 2750 biennio

320 2776 393 2807 toto
424 2782 505 2808 aera
528 2771 744 2819 Dionysiana
765 2782 888 2808 verum
911 2770 1039 2807 Christi
1068 2771 1223 2807 natalem
1251 2768 1434 2806 antecedit.
1493 2769 1603 2805 Huius
1632 2770 1768 2818 eclipsis
1795 2770 1880 2807 solis

322 2833 457 2877 praeter
481 2828 671 2865 Eusebium
693 2829 854 2866 meminit
876 2832 912 2865 et
934 2828 999 2865 Dio
1023 2828 1082 2866 lib.
1099 2840 1168 2867 avr.
1196 2831 1233 2863 et
1253 2827 1342 2863 inter
1365 2837 1407 2863 ea
1429 2825 1589 2874 prodigia
1611 2831 1769 2863 recenset
1791 2838 1880 2875 quae

319 2886 472 2931 Augusti
488 2890 634 2922 mortem
651 2886 872 2924 nunciarunt.
904 2886 990 2922 Eam
1013 2897 1078 2922 nos
1101 2896 1181 2922 cum
1196 2884 1336 2921 Mulieri
1357 2883 1503 2926 tabulis,
1525 2894 1615 2930 quae
1637 2889 1720 2920 sunt
1740 2885 1880 2932 expedi-

322 2944 495 2986 tissimae,
512 2943 726 2980 conterentes
743 2943 911 2980 accidisse
927 2943 1142 2991 reperiebam
1159 2941 1203 2979 ad
1218 2941 1447 2979 meridianum
1460 2940 1629 2977 Frisicum
1646 2953 1737 2978 anno
1751 2940 1881 2978 Christi

322 3012 420 3043 svn..
438 2999 613 3036 Februarii
631 3000 682 3037 15.
700 3000 773 3037 her.
783 3001 815 3038 9.
833 2998 867 3036 5’
883 3000 914 3036 7.
927 3004 1008 3037 ante
1020 3000 1210 3044 meridiem,
1227 2998 1417 3036 secundum
1430 3009 1529 3034 veros
1542 2999 1644 3035 lunae
1657 3003 1784 3035 motus.
1807 3000 1880 3036 Me-

323 3058 416 3095 dium
430 3057 647 3094 novilunium
660 3057 838 3095 Februarii
850 3069 942 3103 xxv„
962 3056 1035 3095 hor.
1050 3058 1119 3104 20„
1140 3054 1167 3093 1'
1186 3058 1214 3095 1.
1240 3056 1346 3104 Atqui
1361 3055 1500 3103 eclipsis
1516 3056 1583 3092 ista
1599 3067 1821 3105 nequaquam
1835 3057 1879 3093 ad
