<?xml version="1.0" encoding="UTF-8"?>
<!DOCTYPE html PUBLIC "-//W3C//DTD XHTML 1.0 Transitional//EN"
    "http://www.w3.org/TR/xhtml1/DTD/xhtml1-transitional.dtd">
<html xmlns="http://www.w3.org/1999/xhtml" xml:lang="en" lang="en">
 <head>
  <title>
</title>
<meta http-equiv="Content-Type" content="text/html;charset=utf-8" />
  <meta name='ocr-system' content='tesseract 3.04.00' />
  <meta name='ocr-capabilities' content='ocr_page ocr_carea ocr_par ocr_line ocrx_word'/>
</head>
<body>
  <div class='ocr_page' id='page_1' title='image "./corporishaereseo03epip_0354.png"; bbox 0 0 2008 3294; ppageno 0'>
   <div class='ocr_carea' id='block_1_1' title="bbox 208 655 307 688">
    <p class='ocr_par' dir='ltr' id='par_1_1' title="bbox 208 655 307 688">
     <span class='ocr_line' id='line_1_1' title="bbox 208 655 307 688; baseline 0 -6"><span class='ocrx_word' id='word_1_1' title='bbox 208 663 235 688; x_wconf 85' lang='lat' dir='ltr'><strong>p.</strong></span> <span class='ocrx_word' id='word_1_2' title='bbox 248 655 307 682; x_wconf 78' lang='lat'>258.</span> 
     </span>
    </p>
   </div>
   <div class='ocr_carea' id='block_1_2' title="bbox 195 3050 292 3085">
    <p class='ocr_par' dir='ltr' id='par_1_2' title="bbox 195 3050 292 3085">
     <span class='ocr_line' id='line_1_2' title="bbox 195 3050 292 3085; baseline 0.031 -9"><span class='ocrx_word' id='word_1_3' title='bbox 195 3057 220 3085; x_wconf 72' lang='lat' dir='ltr'><strong>p.</strong></span> <span class='ocrx_word' id='word_1_4' title='bbox 234 3050 292 3079; x_wconf 66' lang='lat'><strong>25⁹.</strong></span> 
     </span>
    </p>
   </div>
   <div class='ocr_carea' id='block_1_3' title="bbox 350 202 525 242">
    <p class='ocr_par' dir='ltr' id='par_1_3' title="bbox 350 202 525 242">
     <span class='ocr_line' id='line_1_3' title="bbox 350 202 525 242; baseline -0.006 -1"><span class='ocrx_word' id='word_1_5' title='bbox 350 202 525 242; x_wconf 86' lang='lat' dir='ltr'>GCXXVI</span> 
     </span>
    </p>
   </div>
   <div class='ocr_carea' id='block_1_4' title="bbox 328 305 1900 3090">
    <p class='ocr_par' dir='ltr' id='par_1_4' title="bbox 346 305 1897 411">
     <span class='ocr_line' id='line_1_4' title="bbox 346 305 1897 355; baseline 0 -12"><span class='ocrx_word' id='word_1_6' title='bbox 346 310 514 355; x_wconf 88' lang='lat' dir='ltr'><strong>suspicor,</strong></span> <span class='ocrx_word' id='word_1_7' title='bbox 538 308 629 354; x_wconf 89' lang='lat' dir='ltr'><strong>quod</strong></span> <span class='ocrx_word' id='word_1_8' title='bbox 646 307 896 353; x_wconf 85' lang='lat' dir='ltr'><strong>Aegyptiorum</strong></span> <span class='ocrx_word' id='word_1_9' title='bbox 918 306 1061 343; x_wconf 90' lang='lat' dir='ltr'><strong>deorum</strong></span> <span class='ocrx_word' id='word_1_10' title='bbox 1081 306 1229 343; x_wconf 86' lang='lat' dir='ltr'><strong>ministri</strong></span> <span class='ocrx_word' id='word_1_11' title='bbox 1249 305 1319 343; x_wconf 89' lang='lat' dir='ltr'><strong>rasi</strong></span> <span class='ocrx_word' id='word_1_12' title='bbox 1342 310 1474 351; x_wconf 88' lang='lat' dir='ltr'><strong>essent,</strong></span> <span class='ocrx_word' id='word_1_13' title='bbox 1497 311 1536 343; x_wconf 91' lang='lat' dir='ltr'><strong>ut</strong></span> <span class='ocrx_word' id='word_1_14' title='bbox 1557 306 1682 354; x_wconf 81' lang='lat' dir='ltr'><strong>Synes.</strong></span> <span class='ocrx_word' id='word_1_15' title='bbox 1696 307 1757 343; x_wconf 91' lang='lat' dir='ltr'><strong>lib.</strong></span> <span class='ocrx_word' id='word_1_16' title='bbox 1774 306 1815 343; x_wconf 89' lang='lat' dir='ltr'><strong>de</strong></span> <span class='ocrx_word' id='word_1_17' title='bbox 1830 306 1897 344; x_wconf 88' lang='lat' dir='ltr'><strong>Eu-</strong></span> 
     </span>
     <span class='ocr_line' id='line_1_5' title="bbox 346 363 1673 411; baseline 0 -11"><span class='ocrx_word' id='word_1_18' title='bbox 346 377 435 402; x_wconf 88' lang='lat' dir='ltr'><strong>com.</strong></span> <span class='ocrx_word' id='word_1_19' title='bbox 454 365 607 407; x_wconf 60' lang='lat' dir='ltr'><strong>calvitii,</strong></span> <span class='ocrx_word' id='word_1_20' title='bbox 623 363 796 400; x_wconf 81' lang='lat' dir='ltr'>Plutarch.</span> <span class='ocrx_word' id='word_1_21' title='bbox 813 367 912 399; x_wconf 87' lang='lat' dir='ltr'><strong>tract.</strong></span> <span class='ocrx_word' id='word_1_22' title='bbox 929 363 970 400; x_wconf 90' lang='lat' dir='ltr'><strong>de</strong></span> <span class='ocrx_word' id='word_1_23' title='bbox 986 363 1093 408; x_wconf 90' lang='lat' dir='ltr'><strong>Iside,</strong></span> <span class='ocrx_word' id='word_1_24' title='bbox 1111 364 1236 410; x_wconf 87' lang='lat' dir='ltr'><strong>aliique</strong></span> <span class='ocrx_word' id='word_1_25' title='bbox 1253 364 1447 410; x_wconf 80' lang='lat' dir='ltr'><strong>complures</strong></span> <span class='ocrx_word' id='word_1_26' title='bbox 1463 364 1673 411; x_wconf 85' lang='lat' dir='ltr'><strong>significant.</strong></span> 
     </span>
    </p>

    <p class='ocr_par' dir='ltr' id='par_1_5' title="bbox 328 418 1900 3090">
     <span class='ocr_line' id='line_1_6' title="bbox 434 418 1900 468; baseline 0 -11"><span class='ocrx_word' id='word_1_27' title='bbox 434 422 476 456; x_wconf 89' lang='lat' dir='ltr'><strong>N.</strong></span> <span class='ocrx_word' id='word_1_28' title='bbox 494 433 530 456; x_wconf 89' lang='lat'><strong>11.</strong></span> <span class='ocrx_word' id='word_1_29' title='bbox 562 419 657 454; x_wconf 80' lang='grc' dir='ltr'>Ἀλλ’</span> <span class='ocrx_word' id='word_1_30' title='bbox 674 420 734 454; x_wconf 83' lang='grc' dir='ltr'><strong>οὐκ</strong></span> <span class='ocrx_word' id='word_1_31' title='bbox 751 418 869 467; x_wconf 83' lang='grc' dir='ltr'>ἔμεινεν</span> <span class='ocrx_word' id='word_1_32' title='bbox 886 420 1005 468; x_wconf 84' lang='grc' dir='ltr'><strong>αὖτῷ.]</strong></span> <span class='ocrx_word' id='word_1_33' title='bbox 1041 422 1139 457; x_wconf 84' lang='lat' dir='ltr'><strong>Hanc</strong></span> <span class='ocrx_word' id='word_1_34' title='bbox 1155 421 1316 467; x_wconf 76' lang='lat' dir='ltr'>origenis</span> <span class='ocrx_word' id='word_1_35' title='bbox 1331 419 1511 468; x_wconf 70' lang='lat' dir='ltr'><strong>historiam</strong></span> <span class='ocrx_word' id='word_1_36' title='bbox 1527 431 1567 456; x_wconf 86' lang='lat' dir='ltr'><strong>ac</strong></span> <span class='ocrx_word' id='word_1_37' title='bbox 1582 422 1721 467; x_wconf 85' lang='lat' dir='ltr'><strong>lapsum</strong></span> <span class='ocrx_word' id='word_1_38' title='bbox 1735 426 1900 457; x_wconf 83' lang='lat' dir='ltr'><strong>revocant</strong></span> 
     </span>
     <span class='ocr_line' id='line_1_7' title="bbox 344 478 1898 525; baseline 0.001 -12"><span class='ocrx_word' id='word_1_39' title='bbox 344 480 380 513; x_wconf 90' lang='lat' dir='ltr'><strong>in</strong></span> <span class='ocrx_word' id='word_1_40' title='bbox 397 479 539 513; x_wconf 90' lang='lat' dir='ltr'><strong>dubium</strong></span> <span class='ocrx_word' id='word_1_41' title='bbox 555 478 708 512; x_wconf 88' lang='lat' dir='ltr'><strong>Annales</strong></span> <span class='ocrx_word' id='word_1_42' title='bbox 721 478 971 521; x_wconf 68' lang='lat' dir='ltr'><strong>Ecclesiaetici,</strong></span> <span class='ocrx_word' id='word_1_43' title='bbox 988 489 1080 513; x_wconf 86' lang='lat' dir='ltr'><strong>anno</strong></span> <span class='ocrx_word' id='word_1_44' title='bbox 1098 489 1219 514; x_wconf 81' lang='lat' dir='ltr'><strong>ccmrr.</strong></span> <span class='ocrx_word' id='word_1_45' title='bbox 1235 489 1331 513; x_wconf 89' lang='lat' dir='ltr'><strong>num.</strong></span> <span class='ocrx_word' id='word_1_46' title='bbox 1345 488 1438 521; x_wconf 68' lang='lat' dir='ltr'><strong>cxx„</strong></span> <span class='ocrx_word' id='word_1_47' title='bbox 1455 481 1489 513; x_wconf 90' lang='lat' dir='ltr'><strong>et</strong></span> <span class='ocrx_word' id='word_1_48' title='bbox 1503 478 1684 525; x_wconf 88' lang='lat' dir='ltr'><strong>deinceps,</strong></span> <span class='ocrx_word' id='word_1_49' title='bbox 1699 479 1770 514; x_wconf 92' lang='lat' dir='ltr'><strong>imo</strong></span> <span class='ocrx_word' id='word_1_50' title='bbox 1780 505 1790 522; x_wconf 95' lang='lat'><strong>,</strong></span> <span class='ocrx_word' id='word_1_51' title='bbox 1806 479 1898 525; x_wconf 88' lang='lat' dir='ltr'><strong>quod</strong></span> 
     </span>
     <span class='ocr_line' id='line_1_8' title="bbox 344 534 1898 582; baseline 0.001 -13"><span class='ocrx_word' id='word_1_52' title='bbox 344 536 494 581; x_wconf 88' lang='lat' dir='ltr'><strong>amplius</strong></span> <span class='ocrx_word' id='word_1_53' title='bbox 511 539 581 578; x_wconf 88' lang='lat' dir='ltr'><strong>est,</strong></span> <span class='ocrx_word' id='word_1_54' title='bbox 603 536 718 569; x_wconf 89' lang='lat' dir='ltr'><strong>locum</strong></span> <span class='ocrx_word' id='word_1_55' title='bbox 740 536 846 570; x_wconf 85' lang='lat' dir='ltr'><strong>istum</strong></span> <span class='ocrx_word' id='word_1_56' title='bbox 862 546 930 581; x_wconf 90' lang='lat' dir='ltr'><strong>quo</strong></span> <span class='ocrx_word' id='word_1_57' title='bbox 945 536 1096 571; x_wconf 85' lang='lat' dir='ltr'><strong>narratio</strong></span> <span class='ocrx_word' id='word_1_58' title='bbox 1113 536 1174 570; x_wconf 84' lang='lat' dir='ltr'><strong>illa</strong></span> <span class='ocrx_word' id='word_1_59' title='bbox 1189 534 1384 570; x_wconf 83' lang='lat' dir='ltr'><strong>continetur</strong></span> <span class='ocrx_word' id='word_1_60' title='bbox 1399 538 1599 582; x_wconf 87' lang='lat' dir='ltr'><strong>suspectum</strong></span> <span class='ocrx_word' id='word_1_61' title='bbox 1613 535 1776 578; x_wconf 89' lang='lat' dir='ltr'><strong>reddunt,</strong></span> <span class='ocrx_word' id='word_1_62' title='bbox 1799 536 1898 582; x_wconf 86' lang='lat' dir='ltr'><strong>quasi</strong></span> 
     </span>
     <span class='ocr_line' id='line_1_9' title="bbox 343 592 1898 639; baseline 0 -12"><span class='ocrx_word' id='word_1_63' title='bbox 343 593 388 627; x_wconf 86' lang='lat' dir='ltr'><strong>ab</strong></span> <span class='ocrx_word' id='word_1_64' title='bbox 403 593 519 638; x_wconf 89' lang='lat' dir='ltr'><strong>aliquo</strong></span> <span class='ocrx_word' id='word_1_65' title='bbox 535 602 717 638; x_wconf 82' lang='lat' dir='ltr'>perperam</span> <span class='ocrx_word' id='word_1_66' title='bbox 733 592 778 626; x_wconf 91' lang='lat' dir='ltr'><strong>sit</strong></span> <span class='ocrx_word' id='word_1_67' title='bbox 788 592 948 628; x_wconf 86' lang='lat' dir='ltr'><strong>insertus.</strong></span> <span class='ocrx_word' id='word_1_68' title='bbox 973 592 1126 635; x_wconf 88' lang='lat' dir='ltr'><strong>Quorum</strong></span> <span class='ocrx_word' id='word_1_69' title='bbox 1138 592 1203 627; x_wconf 88' lang='lat' dir='ltr'><strong>hoc</strong></span> <span class='ocrx_word' id='word_1_70' title='bbox 1215 592 1387 638; x_wconf 80' lang='lat' dir='ltr'><strong>posterius</strong></span> <span class='ocrx_word' id='word_1_71' title='bbox 1397 592 1577 639; x_wconf 88' lang='lat' dir='ltr'><strong>perspicue</strong></span> <span class='ocrx_word' id='word_1_72' title='bbox 1588 593 1717 628; x_wconf 82' lang='lat' dir='ltr'><strong>falsum</strong></span> <span class='ocrx_word' id='word_1_73' title='bbox 1726 619 1735 636; x_wconf 92' lang='lat'><strong>,</strong></span> <span class='ocrx_word' id='word_1_74' title='bbox 1751 593 1898 627; x_wconf 90' lang='lat' dir='ltr'><strong>alterum</strong></span> 
     </span>
     <span class='ocr_line' id='line_1_10' title="bbox 342 649 1897 696; baseline -0.001 -12"><span class='ocrx_word' id='word_1_75' title='bbox 342 661 412 684; x_wconf 93' lang='lat' dir='ltr'><strong>non</strong></span> <span class='ocrx_word' id='word_1_76' title='bbox 428 649 515 684; x_wconf 84' lang='lat' dir='ltr'><strong>satis</strong></span> <span class='ocrx_word' id='word_1_77' title='bbox 531 649 734 695; x_wconf 85' lang='lat' dir='ltr'><strong>probatum,</strong></span> <span class='ocrx_word' id='word_1_78' title='bbox 758 652 942 696; x_wconf 89' lang='lat' dir='ltr'><strong>utrumque</strong></span> <span class='ocrx_word' id='word_1_79' title='bbox 963 650 1150 684; x_wconf 83' lang='lat' dir='ltr'><strong>levioribus</strong></span> <span class='ocrx_word' id='word_1_80' title='bbox 1175 649 1380 684; x_wconf 86' lang='lat' dir='ltr'><strong>coniecturis</strong></span> <span class='ocrx_word' id='word_1_81' title='bbox 1403 649 1564 684; x_wconf 85' lang='lat' dir='ltr'><strong>innixum</strong></span> <span class='ocrx_word' id='word_1_82' title='bbox 1585 653 1640 685; x_wconf 89' lang='lat' dir='ltr'><strong>est</strong></span> <span class='ocrx_word' id='word_1_83' title='bbox 1661 660 1767 696; x_wconf 82' lang='lat' dir='ltr'><strong>quam</strong></span> <span class='ocrx_word' id='word_1_84' title='bbox 1786 652 1826 684; x_wconf 90' lang='lat' dir='ltr'><strong>ut</strong></span> <span class='ocrx_word' id='word_1_85' title='bbox 1839 660 1897 684; x_wconf 80' lang='lat' dir='ltr'><strong>ve-</strong></span> 
     </span>
     <span class='ocr_line' id='line_1_11' title="bbox 342 705 1897 752; baseline 0.001 -11"><span class='ocrx_word' id='word_1_86' title='bbox 342 705 534 741; x_wconf 87' lang='lat' dir='ltr'><strong>tustissimo</strong></span> <span class='ocrx_word' id='word_1_87' title='bbox 547 706 837 752; x_wconf 84' lang='lat' dir='ltr'><strong>sanctissimoque</strong></span> <span class='ocrx_word' id='word_1_88' title='bbox 847 707 939 752; x_wconf 88' lang='lat' dir='ltr'><strong>patri</strong></span> <span class='ocrx_word' id='word_1_89' title='bbox 950 706 1036 741; x_wconf 87' lang='lat' dir='ltr'><strong>fides</strong></span> <span class='ocrx_word' id='word_1_90' title='bbox 1048 705 1112 740; x_wconf 89' lang='lat' dir='ltr'><strong>hac</strong></span> <span class='ocrx_word' id='word_1_91' title='bbox 1123 706 1160 740; x_wconf 92' lang='lat' dir='ltr'><strong>in</strong></span> <span class='ocrx_word' id='word_1_92' title='bbox 1172 709 1268 752; x_wconf 84' lang='lat' dir='ltr'><strong>parte</strong></span> <span class='ocrx_word' id='word_1_93' title='bbox 1284 706 1480 752; x_wconf 82' lang='lat' dir='ltr'><strong>derogetur.</strong></span> <span class='ocrx_word' id='word_1_94' title='bbox 1503 705 1746 742; x_wconf 74' lang='lat' dir='ltr'><strong>Commeatum</strong></span> <span class='ocrx_word' id='word_1_95' title='bbox 1761 709 1830 749; x_wconf 87' lang='lat' dir='ltr'><strong>est,</strong></span> <span class='ocrx_word' id='word_1_96' title='bbox 1845 706 1897 741; x_wconf 89' lang='lat' dir='ltr'><strong>in-</strong></span> 
     </span>
     <span class='ocr_line' id='line_1_12' title="bbox 342 762 1898 810; baseline -0.001 -12"><span class='ocrx_word' id='word_1_97' title='bbox 342 764 483 809; x_wconf 88' lang='lat' dir='ltr'><strong>quiunt,</strong></span> <span class='ocrx_word' id='word_1_98' title='bbox 508 767 543 798; x_wconf 90' lang='lat' dir='ltr'><strong>et</strong></span> <span class='ocrx_word' id='word_1_99' title='bbox 563 762 726 798; x_wconf 84' lang='lat' dir='ltr'><strong>affectata</strong></span> <span class='ocrx_word' id='word_1_100' title='bbox 748 763 938 806; x_wconf 78' lang='lat' dir='ltr'><strong>calumnia,</strong></span> <span class='ocrx_word' id='word_1_101' title='bbox 963 763 1055 810; x_wconf 89' lang='lat' dir='ltr'><strong>quod</strong></span> <span class='ocrx_word' id='word_1_102' title='bbox 1071 763 1112 798; x_wconf 90' lang='lat' dir='ltr'><strong>de</strong></span> <span class='ocrx_word' id='word_1_103' title='bbox 1129 762 1288 809; x_wconf 86' lang='lat' dir='ltr'><strong>Origeuis</strong></span> <span class='ocrx_word' id='word_1_104' title='bbox 1304 763 1406 809; x_wconf 82' lang='lat' dir='ltr'><strong>lapsu</strong></span> <span class='ocrx_word' id='word_1_105' title='bbox 1421 773 1443 797; x_wconf 86' lang='lat' dir='ltr'><strong>a</strong></span> <span class='ocrx_word' id='word_1_106' title='bbox 1457 763 1632 798; x_wconf 78' lang='lat' dir='ltr'><strong>nonnullis</strong></span> <span class='ocrx_word' id='word_1_107' title='bbox 1647 764 1782 799; x_wconf 84' lang='lat' dir='ltr'><strong>iacitur.</strong></span> <span class='ocrx_word' id='word_1_108' title='bbox 1828 762 1898 798; x_wconf 87' lang='lat' dir='ltr'><strong>Cur</strong></span> 
     </span>
     <span class='ocr_line' id='line_1_13' title="bbox 340 819 1897 867; baseline 0.001 -13"><span class='ocrx_word' id='word_1_109' title='bbox 340 821 390 855; x_wconf 85' lang='lat' dir='ltr'><strong>ita</strong></span> <span class='ocrx_word' id='word_1_110' title='bbox 410 820 575 855; x_wconf 77' lang='lat' dir='ltr'><strong>tandem?</strong></span> <span class='ocrx_word' id='word_1_111' title='bbox 608 819 780 862; x_wconf 80' lang='lat' dir='ltr'><strong>Quoniam</strong></span> <span class='ocrx_word' id='word_1_112' title='bbox 795 820 1002 867; x_wconf 87' lang='lat' dir='ltr'><strong>scriptorum</strong></span> <span class='ocrx_word' id='word_1_113' title='bbox 1018 824 1172 855; x_wconf 87' lang='lat' dir='ltr'><strong>veterum</strong></span> <span class='ocrx_word' id='word_1_114' title='bbox 1188 831 1309 863; x_wconf 88' lang='lat' dir='ltr'><strong>nemo,</strong></span> <span class='ocrx_word' id='word_1_115' title='bbox 1328 820 1388 866; x_wconf 92' lang='lat' dir='ltr'><strong>qui</strong></span> <span class='ocrx_word' id='word_1_116' title='bbox 1403 819 1458 855; x_wconf 78' lang='lat' dir='ltr'><strong>vel</strong></span> <span class='ocrx_word' id='word_1_117' title='bbox 1472 830 1534 866; x_wconf 89' lang='lat' dir='ltr'><strong>pro</strong></span> <span class='ocrx_word' id='word_1_118' title='bbox 1551 819 1700 866; x_wconf 83' lang='lat' dir='ltr'><strong>Origene</strong></span> <span class='ocrx_word' id='word_1_119' title='bbox 1715 820 1897 867; x_wconf 81' lang='lat' dir='ltr'><strong>apologias</strong></span> 
     </span>
     <span class='ocr_line' id='line_1_14' title="bbox 341 876 1896 923; baseline 0.001 -12"><span class='ocrx_word' id='word_1_120' title='bbox 341 877 538 920; x_wconf 87' lang='lat' dir='ltr'><strong>ediderunt,</strong></span> <span class='ocrx_word' id='word_1_121' title='bbox 561 877 618 912; x_wconf 84' lang='lat' dir='ltr'><strong>vel</strong></span> <span class='ocrx_word' id='word_1_122' title='bbox 639 877 756 923; x_wconf 89' lang='lat' dir='ltr'><strong>ipsum</strong></span> <span class='ocrx_word' id='word_1_123' title='bbox 780 888 798 912; x_wconf 92' lang='lat' dir='ltr'><strong>e</strong></span> <span class='ocrx_word' id='word_1_124' title='bbox 823 878 995 912; x_wconf 85' lang='lat' dir='ltr'><strong>contrario</strong></span> <span class='ocrx_word' id='word_1_125' title='bbox 1018 877 1154 923; x_wconf 87' lang='lat' dir='ltr'><strong>scriptis</strong></span> <span class='ocrx_word' id='word_1_126' title='bbox 1176 876 1249 911; x_wconf 88' lang='lat' dir='ltr'><strong>suis</strong></span> <span class='ocrx_word' id='word_1_127' title='bbox 1271 880 1533 923; x_wconf 83' lang='lat' dir='ltr'><strong>oppugnarunt,</strong></span> <span class='ocrx_word' id='word_1_128' title='bbox 1556 876 1631 912; x_wconf 82' lang='lat' dir='ltr'><strong>eius</strong></span> <span class='ocrx_word' id='word_1_129' title='bbox 1654 877 1705 912; x_wconf 89' lang='lat' dir='ltr'><strong>rei</strong></span> <span class='ocrx_word' id='word_1_130' title='bbox 1726 877 1896 912; x_wconf 85' lang='lat' dir='ltr'><strong>meminit.</strong></span> 
     </span>
     <span class='ocr_line' id='line_1_15' title="bbox 340 933 1896 980; baseline -0.001 -11"><span class='ocrx_word' id='word_1_131' title='bbox 340 935 446 980; x_wconf 87' lang='lat' dir='ltr'><strong>Atqui</strong></span> <span class='ocrx_word' id='word_1_132' title='bbox 460 946 525 970; x_wconf 86' lang='lat' dir='ltr'><strong>nos</strong></span> <span class='ocrx_word' id='word_1_133' title='bbox 541 933 774 980; x_wconf 77' lang='lat' dir='ltr'><strong>Epiphaniam</strong></span> <span class='ocrx_word' id='word_1_134' title='bbox 789 935 1015 980; x_wconf 90' lang='lat' dir='ltr'><strong>opponimus,</strong></span> <span class='ocrx_word' id='word_1_135' title='bbox 1038 945 1106 980; x_wconf 92' lang='lat' dir='ltr'><strong>quo</strong></span> <span class='ocrx_word' id='word_1_136' title='bbox 1123 945 1235 980; x_wconf 90' lang='lat' dir='ltr'><strong>neque</strong></span> <span class='ocrx_word' id='word_1_137' title='bbox 1252 934 1481 980; x_wconf 81' lang='lat' dir='ltr'><strong>antiquiorem</strong></span> <span class='ocrx_word' id='word_1_138' title='bbox 1497 937 1670 978; x_wconf 88' lang='lat' dir='ltr'><strong>autorem,</strong></span> <span class='ocrx_word' id='word_1_139' title='bbox 1688 944 1802 980; x_wconf 89' lang='lat' dir='ltr'><strong>neque</strong></span> <span class='ocrx_word' id='word_1_140' title='bbox 1817 944 1896 980; x_wconf 85' lang='lat' dir='ltr'><strong>gra-</strong></span> 
     </span>
     <span class='ocr_line' id='line_1_16' title="bbox 340 991 1897 1038; baseline 0.001 -12"><span class='ocrx_word' id='word_1_141' title='bbox 340 992 473 1026; x_wconf 87' lang='lat' dir='ltr'><strong>viorem</strong></span> <span class='ocrx_word' id='word_1_142' title='bbox 496 991 669 1037; x_wconf 82' lang='lat' dir='ltr'><strong>requirere</strong></span> <span class='ocrx_word' id='word_1_143' title='bbox 693 991 876 1034; x_wconf 85' lang='lat' dir='ltr'><strong>debemus,</strong></span> <span class='ocrx_word' id='word_1_144' title='bbox 901 991 961 1038; x_wconf 90' lang='lat' dir='ltr'><strong>qui</strong></span> <span class='ocrx_word' id='word_1_145' title='bbox 983 991 1025 1026; x_wconf 90' lang='lat' dir='ltr'><strong>de</strong></span> <span class='ocrx_word' id='word_1_146' title='bbox 1050 991 1198 1037; x_wconf 84' lang='lat' dir='ltr'><strong>Origene</strong></span> <span class='ocrx_word' id='word_1_147' title='bbox 1225 991 1321 1026; x_wconf 81' lang='lat' dir='ltr'><strong>velut</strong></span> <span class='ocrx_word' id='word_1_148' title='bbox 1347 995 1560 1037; x_wconf 82' lang='lat' dir='ltr'><strong>compertam</strong></span> <span class='ocrx_word' id='word_1_149' title='bbox 1589 1001 1663 1026; x_wconf 89' lang='lat' dir='ltr'><strong>rem</strong></span> <span class='ocrx_word' id='word_1_150' title='bbox 1683 991 1897 1037; x_wconf 84' lang='lat' dir='ltr'><strong>minimeque</strong></span> 
     </span>
     <span class='ocr_line' id='line_1_17' title="bbox 340 1047 1895 1095; baseline 0.001 -13"><span class='ocrx_word' id='word_1_151' title='bbox 340 1048 482 1083; x_wconf 89' lang='lat' dir='ltr'><strong>dubiam</strong></span> <span class='ocrx_word' id='word_1_152' title='bbox 502 1048 588 1084; x_wconf 91' lang='lat' dir='ltr'><strong>illud</strong></span> <span class='ocrx_word' id='word_1_153' title='bbox 602 1048 718 1094; x_wconf 90' lang='lat' dir='ltr'><strong>ipsum</strong></span> <span class='ocrx_word' id='word_1_154' title='bbox 733 1049 861 1084; x_wconf 89' lang='lat' dir='ltr'><strong>retulit.</strong></span> <span class='ocrx_word' id='word_1_155' title='bbox 902 1048 942 1083; x_wconf 89' lang='lat' dir='ltr'><strong>In</strong></span> <span class='ocrx_word' id='word_1_156' title='bbox 959 1059 1028 1094; x_wconf 91' lang='lat' dir='ltr'><strong>quo</strong></span> <span class='ocrx_word' id='word_1_157' title='bbox 1043 1058 1255 1095; x_wconf 78' lang='lat' dir='ltr'><strong>magnopere</strong></span> <span class='ocrx_word' id='word_1_158' title='bbox 1270 1047 1533 1095; x_wconf 87' lang='lat' dir='ltr'><strong>ponderandum</strong></span> <span class='ocrx_word' id='word_1_159' title='bbox 1547 1047 1641 1082; x_wconf 86' lang='lat' dir='ltr'><strong>istud</strong></span> <span class='ocrx_word' id='word_1_160' title='bbox 1663 1051 1735 1091; x_wconf 89' lang='lat' dir='ltr'><strong>est,</strong></span> <span class='ocrx_word' id='word_1_161' title='bbox 1759 1047 1895 1094; x_wconf 81' lang='lat' dir='ltr'><strong>quoties</strong></span> 
     </span>
     <span class='ocr_line' id='line_1_18' title="bbox 340 1103 1897 1152; baseline 0 -12"><span class='ocrx_word' id='word_1_162' title='bbox 340 1105 510 1140; x_wconf 90' lang='lat' dir='ltr'><strong>eiusmodi</strong></span> <span class='ocrx_word' id='word_1_163' title='bbox 527 1105 657 1151; x_wconf 83' lang='lat' dir='ltr'><strong>aliquid</strong></span> <span class='ocrx_word' id='word_1_164' title='bbox 673 1105 835 1151; x_wconf 87' lang='lat' dir='ltr'><strong>proponit</strong></span> <span class='ocrx_word' id='word_1_165' title='bbox 849 1104 1063 1152; x_wconf 84' lang='lat' dir='ltr'><strong>Epiphanius</strong></span> <span class='ocrx_word' id='word_1_166' title='bbox 1073 1132 1082 1148; x_wconf 93' lang='lat'><strong>‚</strong></span> <span class='ocrx_word' id='word_1_167' title='bbox 1106 1105 1200 1152; x_wconf 91' lang='lat' dir='ltr'><strong>quod</strong></span> <span class='ocrx_word' id='word_1_168' title='bbox 1221 1105 1264 1140; x_wconf 89' lang='lat' dir='ltr'><strong>ad</strong></span> <span class='ocrx_word' id='word_1_169' title='bbox 1280 1105 1427 1140; x_wconf 88' lang='lat' dir='ltr'><strong>alicuius</strong></span> <span class='ocrx_word' id='word_1_170' title='bbox 1445 1105 1548 1139; x_wconf 87' lang='lat' dir='ltr'><strong>etiam</strong></span> <span class='ocrx_word' id='word_1_171' title='bbox 1564 1105 1718 1151; x_wconf 89' lang='lat' dir='ltr'><strong>alioquin</strong></span> <span class='ocrx_word' id='word_1_172' title='bbox 1733 1103 1897 1140; x_wconf 73' lang='lat' dir='ltr'><strong>haeretici</strong></span> 
     </span>
     <span class='ocr_line' id='line_1_19' title="bbox 339 1161 1896 1208; baseline -0.001 -11"><span class='ocrx_word' id='word_1_173' title='bbox 339 1172 380 1197; x_wconf 80' lang='lat' dir='ltr'><strong>ac</strong></span> <span class='ocrx_word' id='word_1_174' title='bbox 401 1161 527 1197; x_wconf 80' lang='lat' dir='ltr'><strong>nefarii</strong></span> <span class='ocrx_word' id='word_1_175' title='bbox 548 1161 700 1198; x_wconf 87' lang='lat' dir='ltr'><strong>hominis</strong></span> <span class='ocrx_word' id='word_1_176' title='bbox 723 1162 890 1197; x_wconf 84' lang='lat' dir='ltr'><strong>invidiam</strong></span> <span class='ocrx_word' id='word_1_177' title='bbox 913 1162 1211 1208; x_wconf 86' lang='lat' dir='ltr'><strong>ignominiamque</strong></span> <span class='ocrx_word' id='word_1_178' title='bbox 1233 1162 1397 1208; x_wconf 81' lang='lat' dir='ltr'><strong>pertinet,</strong></span> <span class='ocrx_word' id='word_1_179' title='bbox 1424 1161 1460 1196; x_wconf 91' lang='lat' dir='ltr'><strong>id</strong></span> <span class='ocrx_word' id='word_1_180' title='bbox 1484 1162 1514 1197; x_wconf 90' lang='lat' dir='ltr'><strong>si</strong></span> <span class='ocrx_word' id='word_1_181' title='bbox 1537 1161 1663 1197; x_wconf 87' lang='lat' dir='ltr'><strong>dubiae</strong></span> <span class='ocrx_word' id='word_1_182' title='bbox 1684 1161 1896 1208; x_wconf 89' lang='lat' dir='ltr'><strong>minimeque</strong></span> 
     </span>
     <span class='ocr_line' id='line_1_20' title="bbox 339 1218 1895 1266; baseline 0 -12"><span class='ocrx_word' id='word_1_183' title='bbox 339 1219 532 1254; x_wconf 86' lang='lat' dir='ltr'><strong>constantis</strong></span> <span class='ocrx_word' id='word_1_184' title='bbox 546 1219 660 1254; x_wconf 78' lang='lat' dir='ltr'><strong>famae</strong></span> <span class='ocrx_word' id='word_1_185' title='bbox 677 1219 738 1262; x_wconf 87' lang='lat' dir='ltr'><strong>sit,</strong></span> <span class='ocrx_word' id='word_1_186' title='bbox 762 1219 931 1254; x_wconf 83' lang='lat' dir='ltr'><strong>nonnulla</strong></span> <span class='ocrx_word' id='word_1_187' title='bbox 953 1230 1033 1255; x_wconf 91' lang='lat' dir='ltr'><strong>cum</strong></span> <span class='ocrx_word' id='word_1_188' title='bbox 1056 1219 1281 1255; x_wconf 82' lang='lat' dir='ltr'><strong>excusatione</strong></span> <span class='ocrx_word' id='word_1_189' title='bbox 1297 1229 1338 1254; x_wconf 84' lang='lat' dir='ltr'><strong>ao</strong></span> <span class='ocrx_word' id='word_1_190' title='bbox 1353 1219 1543 1254; x_wconf 80' lang='lat' dir='ltr'><strong>titubanter</strong></span> <span class='ocrx_word' id='word_1_191' title='bbox 1559 1219 1603 1254; x_wconf 82' lang='lat' dir='ltr'><strong>ab</strong></span> <span class='ocrx_word' id='word_1_192' title='bbox 1618 1219 1678 1254; x_wconf 90' lang='lat' dir='ltr'><strong>illo</strong></span> <span class='ocrx_word' id='word_1_193' title='bbox 1694 1218 1895 1266; x_wconf 81' lang='lat' dir='ltr'><strong>significari,</strong></span> 
     </span>
     <span class='ocr_line' id='line_1_21' title="bbox 337 1275 1895 1323; baseline 0 -12"><span class='ocrx_word' id='word_1_194' title='bbox 337 1280 443 1322; x_wconf 81' lang='lat' dir='ltr'><strong>atque</strong></span> <span class='ocrx_word' id='word_1_195' title='bbox 460 1275 524 1311; x_wconf 87' lang='lat' dir='ltr'><strong>hoo</strong></span> <span class='ocrx_word' id='word_1_196' title='bbox 539 1277 710 1323; x_wconf 84' lang='lat' dir='ltr'><strong>imprimis</strong></span> <span class='ocrx_word' id='word_1_197' title='bbox 726 1277 858 1319; x_wconf 86' lang='lat' dir='ltr'><strong>caveri,</strong></span> <span class='ocrx_word' id='word_1_198' title='bbox 873 1287 917 1310; x_wconf 86' lang='lat' dir='ltr'><strong>ue</strong></span> <span class='ocrx_word' id='word_1_199' title='bbox 932 1276 1066 1311; x_wconf 85' lang='lat' dir='ltr'><strong>incerta</strong></span> <span class='ocrx_word' id='word_1_200' title='bbox 1079 1287 1116 1312; x_wconf 91' lang='lat' dir='ltr'><strong>re</strong></span> <span class='ocrx_word' id='word_1_201' title='bbox 1132 1276 1435 1312; x_wconf 88' lang='lat' dir='ltr'><strong>commemoranda</strong></span> <span class='ocrx_word' id='word_1_202' title='bbox 1451 1282 1581 1311; x_wconf 89' lang='lat' dir='ltr'><strong>certam</strong></span> <span class='ocrx_word' id='word_1_203' title='bbox 1596 1275 1700 1311; x_wconf 87' lang='lat' dir='ltr'><strong>alicui</strong></span> <span class='ocrx_word' id='word_1_204' title='bbox 1713 1275 1895 1311; x_wconf 79' lang='lat' dir='ltr'><strong>infamiam</strong></span> 
     </span>
     <span class='ocr_line' id='line_1_22' title="bbox 337 1332 1895 1379; baseline 0.001 -12"><span class='ocrx_word' id='word_1_205' title='bbox 337 1343 377 1368; x_wconf 83' lang='lat' dir='ltr'><strong>ac</strong></span> <span class='ocrx_word' id='word_1_206' title='bbox 393 1332 541 1368; x_wconf 85' lang='lat' dir='ltr'><strong>dedecus</strong></span> <span class='ocrx_word' id='word_1_207' title='bbox 557 1334 724 1379; x_wconf 87' lang='lat' dir='ltr'><strong>imponat.</strong></span> <span class='ocrx_word' id='word_1_208' title='bbox 770 1333 843 1368; x_wconf 85' lang='lat' dir='ltr'><strong>Hoc</strong></span> <span class='ocrx_word' id='word_1_209' title='bbox 858 1343 939 1368; x_wconf 85' lang='lat' dir='ltr'><strong>vero</strong></span> <span class='ocrx_word' id='word_1_210' title='bbox 955 1333 1032 1368; x_wconf 89' lang='lat' dir='ltr'><strong>loco</strong></span> <span class='ocrx_word' id='word_1_211' title='bbox 1048 1333 1180 1368; x_wconf 87' lang='lat' dir='ltr'><strong>nullam</strong></span> <span class='ocrx_word' id='word_1_212' title='bbox 1202 1332 1398 1368; x_wconf 85' lang='lat' dir='ltr'><strong>istiusmodi</strong></span> <span class='ocrx_word' id='word_1_213' title='bbox 1420 1333 1615 1368; x_wconf 89' lang='lat' dir='ltr'><strong>cautionem</strong></span> <span class='ocrx_word' id='word_1_214' title='bbox 1638 1332 1811 1376; x_wconf 77' lang='lat' dir='ltr'><strong>adhibuit,</strong></span> <span class='ocrx_word' id='word_1_215' title='bbox 1834 1333 1895 1368; x_wconf 89' lang='lat' dir='ltr'><strong>sed</strong></span> 
     </span>
     <span class='ocr_line' id='line_1_23' title="bbox 338 1389 1895 1437; baseline 0 -13"><span class='ocrx_word' id='word_1_216' title='bbox 338 1401 417 1424; x_wconf 90' lang='lat' dir='ltr'><strong>cum</strong></span> <span class='ocrx_word' id='word_1_217' title='bbox 433 1390 474 1424; x_wconf 90' lang='lat' dir='ltr'><strong>de</strong></span> <span class='ocrx_word' id='word_1_218' title='bbox 490 1391 590 1436; x_wconf 85' lang='lat' dir='ltr'><strong>lapsu</strong></span> <span class='ocrx_word' id='word_1_219' title='bbox 608 1394 642 1424; x_wconf 92' lang='lat' dir='ltr'><strong>et</strong></span> <span class='ocrx_word' id='word_1_220' title='bbox 657 1390 783 1424; x_wconf 88' lang='lat' dir='ltr'><strong>iniecto</strong></span> <span class='ocrx_word' id='word_1_221' title='bbox 800 1394 876 1424; x_wconf 91' lang='lat' dir='ltr'><strong>ture</strong></span> <span class='ocrx_word' id='word_1_222' title='bbox 893 1393 1082 1433; x_wconf 80' lang='lat' dir='ltr'><strong>constaret,</strong></span> <span class='ocrx_word' id='word_1_223' title='bbox 1098 1389 1164 1425; x_wconf 85' lang='lat' dir='ltr'><strong>hoc</strong></span> <span class='ocrx_word' id='word_1_224' title='bbox 1180 1401 1290 1426; x_wconf 89' lang='lat' dir='ltr'><strong>unum</strong></span> <span class='ocrx_word' id='word_1_225' title='bbox 1305 1390 1459 1437; x_wconf 85' lang='lat' dir='ltr'><strong>excepit,</strong></span> <span class='ocrx_word' id='word_1_226' title='bbox 1474 1389 1567 1436; x_wconf 85' lang='lat' dir='ltr'><strong>quod</strong></span> <span class='ocrx_word' id='word_1_227' title='bbox 1583 1390 1614 1425; x_wconf 90' lang='lat' dir='ltr'><strong>si</strong></span> <span class='ocrx_word' id='word_1_228' title='bbox 1627 1401 1750 1426; x_wconf 80' lang='lat' dir='ltr'><strong>verum</strong></span> <span class='ocrx_word' id='word_1_229' title='bbox 1765 1393 1835 1434; x_wconf 86' lang='lat' dir='ltr'><strong>est,</strong></span> <span class='ocrx_word' id='word_1_230' title='bbox 1850 1389 1895 1425; x_wconf 85' lang='lat' dir='ltr'><strong>ad</strong></span> 
     </span>
     <span class='ocr_line' id='line_1_24' title="bbox 337 1445 1894 1494; baseline 0.001 -13"><span class='ocrx_word' id='word_1_231' title='bbox 337 1446 589 1482; x_wconf 85' lang='lat' dir='ltr'><strong>sublevandum</strong></span> <span class='ocrx_word' id='word_1_232' title='bbox 606 1446 792 1493; x_wconf 87' lang='lat' dir='ltr'><strong>Origenem</strong></span> <span class='ocrx_word' id='word_1_233' title='bbox 809 1447 916 1489; x_wconf 82' lang='lat' dir='ltr'><strong>valet,</strong></span> <span class='ocrx_word' id='word_1_234' title='bbox 931 1447 1180 1483; x_wconf 90' lang='lat' dir='ltr'><strong>nonnullorum</strong></span> <span class='ocrx_word' id='word_1_235' title='bbox 1194 1447 1316 1482; x_wconf 82' lang='lat' dir='ltr'><strong>iactari</strong></span> <span class='ocrx_word' id='word_1_236' title='bbox 1331 1447 1568 1490; x_wconf 85' lang='lat' dir='ltr'><strong>sermonibus,</strong></span> <span class='ocrx_word' id='word_1_237' title='bbox 1582 1457 1805 1494; x_wconf 81' lang='lat' dir='ltr'><strong>nequaquam</strong></span> <span class='ocrx_word' id='word_1_238' title='bbox 1820 1445 1894 1482; x_wconf 85' lang='lat' dir='ltr'><strong>Ori-</strong></span> 
     </span>
     <span class='ocr_line' id='line_1_25' title="bbox 337 1503 1894 1551; baseline 0.001 -13"><span class='ocrx_word' id='word_1_239' title='bbox 337 1514 462 1550; x_wconf 88' lang='lat' dir='ltr'><strong>genem</strong></span> <span class='ocrx_word' id='word_1_240' title='bbox 478 1505 594 1550; x_wconf 90' lang='lat' dir='ltr'><strong>ipsum</strong></span> <span class='ocrx_word' id='word_1_241' title='bbox 609 1508 665 1538; x_wconf 88' lang='lat' dir='ltr'><strong>tus</strong></span> <span class='ocrx_word' id='word_1_242' title='bbox 683 1503 874 1539; x_wconf 82' lang='lat' dir='ltr'><strong>adolevisse</strong></span> <span class='ocrx_word' id='word_1_243' title='bbox 884 1530 892 1546; x_wconf 93' lang='lat'><strong>,</strong></span> <span class='ocrx_word' id='word_1_244' title='bbox 908 1503 968 1538; x_wconf 89' lang='lat' dir='ltr'><strong>sed</strong></span> <span class='ocrx_word' id='word_1_245' title='bbox 984 1514 1065 1539; x_wconf 86' lang='lat' dir='ltr'><strong>cum</strong></span> <span class='ocrx_word' id='word_1_246' title='bbox 1081 1504 1155 1539; x_wconf 91' lang='lat' dir='ltr'><strong>eius</strong></span> <span class='ocrx_word' id='word_1_247' title='bbox 1171 1503 1291 1550; x_wconf 86' lang='lat' dir='ltr'><strong>digitis</strong></span> <span class='ocrx_word' id='word_1_248' title='bbox 1307 1508 1400 1540; x_wconf 90' lang='lat' dir='ltr'><strong>esset</strong></span> <span class='ocrx_word' id='word_1_249' title='bbox 1413 1504 1631 1551; x_wconf 89' lang='lat' dir='ltr'><strong>impositum,</strong></span> <span class='ocrx_word' id='word_1_250' title='bbox 1646 1504 1683 1539; x_wconf 89' lang='lat' dir='ltr'><strong>iu</strong></span> <span class='ocrx_word' id='word_1_251' title='bbox 1699 1504 1894 1539; x_wconf 82' lang='lat' dir='ltr'><strong>subiectum</strong></span> 
     </span>
     <span class='ocr_line' id='line_1_26' title="bbox 337 1560 1893 1608; baseline 0.001 -13"><span class='ocrx_word' id='word_1_252' title='bbox 337 1572 417 1595; x_wconf 86' lang='lat' dir='ltr'><strong>arae</strong></span> <span class='ocrx_word' id='word_1_253' title='bbox 430 1560 544 1596; x_wconf 84' lang='lat' dir='ltr'><strong>forum</strong></span> <span class='ocrx_word' id='word_1_254' title='bbox 557 1572 577 1595; x_wconf 86' lang='lat' dir='ltr'><strong>a</strong></span> <span class='ocrx_word' id='word_1_255' title='bbox 590 1561 778 1607; x_wconf 88' lang='lat' dir='ltr'><strong>gentilibus</strong></span> <span class='ocrx_word' id='word_1_256' title='bbox 792 1571 979 1596; x_wconf 84' lang='lat' dir='ltr'><strong>excussum</strong></span> <span class='ocrx_word' id='word_1_257' title='bbox 990 1560 1110 1598; x_wconf 78' lang='lat' dir='ltr'><strong>fuisse.</strong></span> <span class='ocrx_word' id='word_1_258' title='bbox 1157 1560 1257 1604; x_wconf 88' lang='lat' dir='ltr'><strong>Quod</strong></span> <span class='ocrx_word' id='word_1_259' title='bbox 1271 1561 1379 1608; x_wconf 79' lang='lat' dir='ltr'><strong>igitur</strong></span> <span class='ocrx_word' id='word_1_260' title='bbox 1394 1561 1431 1597; x_wconf 89' lang='lat' dir='ltr'><strong>in</strong></span> <span class='ocrx_word' id='word_1_261' title='bbox 1447 1560 1654 1596; x_wconf 80' lang='lat' dir='ltr'><strong>sacrificium</strong></span> <span class='ocrx_word' id='word_1_262' title='bbox 1670 1571 1711 1597; x_wconf 87' lang='lat' dir='ltr'><strong>ac</strong></span> <span class='ocrx_word' id='word_1_263' title='bbox 1726 1560 1893 1596; x_wconf 84' lang='lat' dir='ltr'><strong>maiorem</strong></span> 
     </span>
     <span class='ocr_line' id='line_1_27' title="bbox 335 1616 1892 1665; baseline 0 -12"><span class='ocrx_word' id='word_1_264' title='bbox 335 1619 474 1653; x_wconf 89' lang='lat' dir='ltr'><strong>sceleris</strong></span> <span class='ocrx_word' id='word_1_265' title='bbox 490 1622 623 1664; x_wconf 80' lang='lat' dir='ltr'><strong>partem</strong></span> <span class='ocrx_word' id='word_1_266' title='bbox 644 1618 858 1653; x_wconf 89' lang='lat' dir='ltr'><strong>consenserit</strong></span> <span class='ocrx_word' id='word_1_267' title='bbox 874 1617 1063 1664; x_wconf 86' lang='lat' dir='ltr'><strong>Origenes,</strong></span> <span class='ocrx_word' id='word_1_268' title='bbox 1086 1618 1230 1654; x_wconf 89' lang='lat' dir='ltr'><strong>minime</strong></span> <span class='ocrx_word' id='word_1_269' title='bbox 1251 1617 1422 1654; x_wconf 77' lang='lat' dir='ltr'><strong>dubitavit</strong></span> <span class='ocrx_word' id='word_1_270' title='bbox 1441 1616 1672 1665; x_wconf 81' lang='lat' dir='ltr'><strong>Epiphanius,</strong></span> <span class='ocrx_word' id='word_1_271' title='bbox 1694 1621 1811 1654; x_wconf 88' lang='lat' dir='ltr'><strong>utrum</strong></span> <span class='ocrx_word' id='word_1_272' title='bbox 1831 1629 1892 1654; x_wconf 84' lang='lat' dir='ltr'><strong>ex-</strong></span> 
     </span>
     <span class='ocr_line' id='line_1_28' title="bbox 334 1674 1892 1722; baseline 0 -12"><span class='ocrx_word' id='word_1_273' title='bbox 334 1686 493 1722; x_wconf 89' lang='lat' dir='ltr'><strong>pressum</strong></span> <span class='ocrx_word' id='word_1_274' title='bbox 509 1674 576 1710; x_wconf 92' lang='lat' dir='ltr'><strong>hoc</strong></span> <span class='ocrx_word' id='word_1_275' title='bbox 592 1675 635 1710; x_wconf 85' lang='lat' dir='ltr'><strong>ab</strong></span> <span class='ocrx_word' id='word_1_276' title='bbox 651 1675 760 1710; x_wconf 80' lang='lat' dir='ltr'><strong>invito</strong></span> <span class='ocrx_word' id='word_1_277' title='bbox 779 1675 915 1710; x_wconf 78' lang='lat' dir='ltr'><strong>facinus</strong></span> <span class='ocrx_word' id='word_1_278' title='bbox 937 1674 1092 1711; x_wconf 87' lang='lat' dir='ltr'><strong>eiusdem</strong></span> <span class='ocrx_word' id='word_1_279' title='bbox 1114 1686 1223 1711; x_wconf 89' lang='lat' dir='ltr'><strong>manu</strong></span> <span class='ocrx_word' id='word_1_280' title='bbox 1245 1674 1525 1711; x_wconf 83' lang='lat' dir='ltr'><strong>administratum</strong></span> <span class='ocrx_word' id='word_1_281' title='bbox 1540 1674 1658 1719; x_wconf 76' lang='lat' dir='ltr'><strong>fuerit,</strong></span> <span class='ocrx_word' id='word_1_282' title='bbox 1678 1674 1715 1710; x_wconf 87' lang='lat' dir='ltr'><strong>id</strong></span> <span class='ocrx_word' id='word_1_283' title='bbox 1728 1686 1810 1711; x_wconf 79' lang='lat' dir='ltr'><strong>vero</strong></span> <span class='ocrx_word' id='word_1_284' title='bbox 1831 1674 1892 1711; x_wconf 89' lang='lat' dir='ltr'><strong>du-</strong></span> 
     </span>
     <span class='ocr_line' id='line_1_29' title="bbox 335 1731 1892 1780; baseline 0.001 -14"><span class='ocrx_word' id='word_1_285' title='bbox 335 1732 467 1767; x_wconf 80' lang='lat' dir='ltr'><strong>bitavit.</strong></span> <span class='ocrx_word' id='word_1_286' title='bbox 491 1731 626 1767; x_wconf 87' lang='lat' dir='ltr'><strong>Caeteri</strong></span> <span class='ocrx_word' id='word_1_287' title='bbox 642 1732 702 1779; x_wconf 89' lang='lat' dir='ltr'><strong>qui</strong></span> <span class='ocrx_word' id='word_1_288' title='bbox 714 1732 768 1767; x_wconf 86' lang='lat' dir='ltr'><strong>vel</strong></span> <span class='ocrx_word' id='word_1_289' title='bbox 784 1732 998 1779; x_wconf 83' lang='lat' dir='ltr'><strong>antiquiores</strong></span> <span class='ocrx_word' id='word_1_290' title='bbox 1013 1731 1224 1780; x_wconf 83' lang='lat' dir='ltr'><strong>Epiphanio,</strong></span> <span class='ocrx_word' id='word_1_291' title='bbox 1239 1733 1295 1767; x_wconf 86' lang='lat' dir='ltr'><strong>vel</strong></span> <span class='ocrx_word' id='word_1_292' title='bbox 1309 1732 1402 1767; x_wconf 91' lang='lat' dir='ltr'><strong>illius</strong></span> <span class='ocrx_word' id='word_1_293' title='bbox 1417 1732 1585 1779; x_wconf 86' lang='lat' dir='ltr'><strong>temporis</strong></span> <span class='ocrx_word' id='word_1_294' title='bbox 1601 1742 1769 1779; x_wconf 90' lang='lat' dir='ltr'><strong>suppares</strong></span> <span class='ocrx_word' id='word_1_295' title='bbox 1784 1735 1892 1776; x_wconf 84' lang='lat' dir='ltr'><strong>erant,</strong></span> 
     </span>
     <span class='ocr_line' id='line_1_30' title="bbox 334 1788 1892 1837; baseline 0.001 -14"><span class='ocrx_word' id='word_1_296' title='bbox 334 1789 459 1835; x_wconf 81' lang='lat' dir='ltr'><strong>partim</strong></span> <span class='ocrx_word' id='word_1_297' title='bbox 477 1789 636 1835; x_wconf 85' lang='lat' dir='ltr'><strong>Origenis</strong></span> <span class='ocrx_word' id='word_1_298' title='bbox 653 1800 771 1825; x_wconf 86' lang='lat' dir='ltr'><strong>amore</strong></span> <span class='ocrx_word' id='word_1_299' title='bbox 787 1789 1069 1833; x_wconf 85' lang='lat' dir='ltr'><strong>dissimularunt,</strong></span> <span class='ocrx_word' id='word_1_300' title='bbox 1092 1789 1218 1837; x_wconf 83' lang='lat' dir='ltr'><strong>partim</strong></span> <span class='ocrx_word' id='word_1_301' title='bbox 1235 1789 1326 1836; x_wconf 88' lang='lat' dir='ltr'><strong>quod</strong></span> <span class='ocrx_word' id='word_1_302' title='bbox 1343 1788 1387 1823; x_wconf 87' lang='lat' dir='ltr'><strong>ad</strong></span> <span class='ocrx_word' id='word_1_303' title='bbox 1402 1799 1476 1824; x_wconf 89' lang='lat' dir='ltr'><strong>rem</strong></span> <span class='ocrx_word' id='word_1_304' title='bbox 1491 1789 1634 1829; x_wconf 79' lang='lat' dir='ltr'><strong>minime</strong></span> <span class='ocrx_word' id='word_1_305' title='bbox 1649 1789 1795 1832; x_wconf 75' lang='lat' dir='ltr'><strong>faceret,</strong></span> <span class='ocrx_word' id='word_1_306' title='bbox 1810 1789 1892 1825; x_wconf 74' lang='lat' dir='ltr'><strong>sex-i-</strong></span> 
     </span>
     <span class='ocr_line' id='line_1_31' title="bbox 333 1845 1891 1894; baseline 0.001 -14"><span class='ocrx_word' id='word_1_307' title='bbox 333 1846 446 1882; x_wconf 91' lang='lat' dir='ltr'><strong>bendo</strong></span> <span class='ocrx_word' id='word_1_308' title='bbox 462 1847 777 1893; x_wconf 88' lang='lat' dir='ltr'><strong>praetermiserunt.</strong></span> <span class='ocrx_word' id='word_1_309' title='bbox 800 1847 914 1894; x_wconf 86' lang='lat' dir='ltr'><strong>Atque</strong></span> <span class='ocrx_word' id='word_1_310' title='bbox 926 1846 1097 1882; x_wconf 85' lang='lat' dir='ltr'><strong>Eusebius</strong></span> <span class='ocrx_word' id='word_1_311' title='bbox 1115 1846 1270 1893; x_wconf 89' lang='lat' dir='ltr'><strong>quidem,</strong></span> <span class='ocrx_word' id='word_1_312' title='bbox 1286 1849 1408 1893; x_wconf 85' lang='lat' dir='ltr'><strong>utpote</strong></span> <span class='ocrx_word' id='word_1_313' title='bbox 1424 1845 1584 1893; x_wconf 84' lang='lat' dir='ltr'><strong>Origeuis</strong></span> <span class='ocrx_word' id='word_1_314' title='bbox 1600 1845 1797 1890; x_wconf 81' lang='lat' dir='ltr'><strong>admirator,</strong></span> <span class='ocrx_word' id='word_1_315' title='bbox 1810 1857 1891 1882; x_wconf 85' lang='lat' dir='ltr'><strong>eon-</strong></span> 
     </span>
     <span class='ocr_line' id='line_1_32' title="bbox 334 1902 1892 1950; baseline 0.001 -13"><span class='ocrx_word' id='word_1_316' title='bbox 334 1903 425 1937; x_wconf 86' lang='lat' dir='ltr'><strong>sulto</strong></span> <span class='ocrx_word' id='word_1_317' title='bbox 441 1907 480 1937; x_wconf 87' lang='lat' dir='ltr'><strong>ut</strong></span> <span class='ocrx_word' id='word_1_318' title='bbox 497 1904 686 1946; x_wconf 79' lang='lat' dir='ltr'><strong>omitteret,</strong></span> <span class='ocrx_word' id='word_1_319' title='bbox 702 1903 827 1939; x_wconf 85' lang='lat' dir='ltr'><strong>fecisse</strong></span> <span class='ocrx_word' id='word_1_320' title='bbox 842 1903 986 1939; x_wconf 82' lang='lat' dir='ltr'><strong>videtur.</strong></span> <span class='ocrx_word' id='word_1_321' title='bbox 1033 1903 1124 1939; x_wconf 87' lang='lat' dir='ltr'><strong>Nam</strong></span> <span class='ocrx_word' id='word_1_322' title='bbox 1139 1903 1226 1939; x_wconf 90' lang='lat' dir='ltr'><strong>nihil</strong></span> <span class='ocrx_word' id='word_1_323' title='bbox 1241 1914 1362 1939; x_wconf 88' lang='lat' dir='ltr'><strong>eorum</strong></span> <span class='ocrx_word' id='word_1_324' title='bbox 1377 1903 1503 1947; x_wconf 84' lang='lat' dir='ltr'><strong>tacuit,</strong></span> <span class='ocrx_word' id='word_1_325' title='bbox 1526 1913 1614 1950; x_wconf 85' lang='lat' dir='ltr'><strong>quae</strong></span> <span class='ocrx_word' id='word_1_326' title='bbox 1629 1902 1674 1939; x_wconf 84' lang='lat' dir='ltr'><strong>ad</strong></span> <span class='ocrx_word' id='word_1_327' title='bbox 1689 1903 1782 1939; x_wconf 88' lang='lat' dir='ltr'><strong>iilius</strong></span> <span class='ocrx_word' id='word_1_328' title='bbox 1799 1914 1892 1939; x_wconf 86' lang='lat' dir='ltr'><strong>com-</strong></span> 
     </span>
     <span class='ocr_line' id='line_1_33' title="bbox 332 1959 1892 2007; baseline 0.001 -13"><span class='ocrx_word' id='word_1_329' title='bbox 332 1959 606 2004; x_wconf 85' lang='lat' dir='ltr'><strong>mendationem,</strong></span> <span class='ocrx_word' id='word_1_330' title='bbox 622 1960 709 1996; x_wconf 89' lang='lat' dir='ltr'><strong>nihil</strong></span> <span class='ocrx_word' id='word_1_331' title='bbox 725 1962 854 2004; x_wconf 87' lang='lat' dir='ltr'><strong>attulit,</strong></span> <span class='ocrx_word' id='word_1_332' title='bbox 871 1960 963 2007; x_wconf 89' lang='lat' dir='ltr'><strong>quod</strong></span> <span class='ocrx_word' id='word_1_333' title='bbox 979 1960 1023 1995; x_wconf 89' lang='lat' dir='ltr'><strong>ad</strong></span> <span class='ocrx_word' id='word_1_334' title='bbox 1038 1959 1264 1996; x_wconf 90' lang='lat' dir='ltr'><strong>minuendam</strong></span> <span class='ocrx_word' id='word_1_335' title='bbox 1279 1960 1577 1996; x_wconf 71' lang='lat' dir='ltr'><strong>existimationem</strong></span> <span class='ocrx_word' id='word_1_336' title='bbox 1591 1960 1731 1996; x_wconf 83' lang='lat' dir='ltr'><strong>valeret.</strong></span> <span class='ocrx_word' id='word_1_337' title='bbox 1754 1959 1892 2007; x_wconf 79' lang='lat' dir='ltr'><strong>Reliqui</strong></span> 
     </span>
     <span class='ocr_line' id='line_1_34' title="bbox 334 2016 1890 2064; baseline 0 -12"><span class='ocrx_word' id='word_1_338' title='bbox 334 2021 405 2052; x_wconf 83' lang='lat' dir='ltr'><strong>tam</strong></span> <span class='ocrx_word' id='word_1_339' title='bbox 419 2016 590 2060; x_wconf 74' lang='lat' dir='ltr'><strong>fautores,</strong></span> <span class='ocrx_word' id='word_1_340' title='bbox 613 2028 716 2063; x_wconf 87' lang='lat' dir='ltr'><strong>quam</strong></span> <span class='ocrx_word' id='word_1_341' title='bbox 734 2017 925 2052; x_wconf 80' lang='lat' dir='ltr'><strong>adversarii</strong></span> <span class='ocrx_word' id='word_1_342' title='bbox 941 2016 1120 2064; x_wconf 84' lang='lat' dir='ltr'><strong>Origenis,</strong></span> <span class='ocrx_word' id='word_1_343' title='bbox 1144 2027 1226 2052; x_wconf 87' lang='lat' dir='ltr'><strong>cum</strong></span> <span class='ocrx_word' id='word_1_344' title='bbox 1247 2017 1288 2052; x_wconf 90' lang='lat' dir='ltr'><strong>de</strong></span> <span class='ocrx_word' id='word_1_345' title='bbox 1309 2017 1425 2064; x_wconf 84' lang='lat' dir='ltr'><strong>impiis</strong></span> <span class='ocrx_word' id='word_1_346' title='bbox 1447 2017 1521 2052; x_wconf 90' lang='lat' dir='ltr'><strong>eius</strong></span> <span class='ocrx_word' id='word_1_347' title='bbox 1543 2016 1763 2063; x_wconf 74' lang='lat' dir='ltr'><strong>dogmatibus</strong></span> <span class='ocrx_word' id='word_1_348' title='bbox 1787 2020 1890 2063; x_wconf 82' lang='lat' dir='ltr'><strong>atque</strong></span> 
     </span>
     <span class='ocr_line' id='line_1_35' title="bbox 334 2074 1887 2121; baseline 0 -12"><span class='ocrx_word' id='word_1_349' title='bbox 334 2074 506 2109; x_wconf 87' lang='lat' dir='ltr'><strong>erroribus</strong></span> <span class='ocrx_word' id='word_1_350' title='bbox 529 2075 565 2109; x_wconf 90' lang='lat' dir='ltr'><strong>in</strong></span> <span class='ocrx_word' id='word_1_351' title='bbox 587 2078 762 2109; x_wconf 84' lang='lat' dir='ltr'><strong>certamen</strong></span> <span class='ocrx_word' id='word_1_352' title='bbox 783 2074 1122 2121; x_wconf 81' lang='lat' dir='ltr'><strong>disputationemque</strong></span> <span class='ocrx_word' id='word_1_353' title='bbox 1138 2074 1330 2117; x_wconf 83' lang='lat' dir='ltr'><strong>venissent,</strong></span> <span class='ocrx_word' id='word_1_354' title='bbox 1353 2074 1456 2109; x_wconf 79' lang='lat' dir='ltr'><strong>facile</strong></span> <span class='ocrx_word' id='word_1_355' title='bbox 1480 2077 1719 2120; x_wconf 82' lang='lat' dir='ltr'><strong>contempsere</strong></span> <span class='ocrx_word' id='word_1_356' title='bbox 1741 2077 1887 2110; x_wconf 76' lang='lat' dir='ltr'><strong>caetera.</strong></span> 
     </span>
     <span class='ocr_line' id='line_1_36' title="bbox 333 2130 1887 2178; baseline 0 -12"><span class='ocrx_word' id='word_1_357' title='bbox 333 2131 381 2165; x_wconf 79' lang='lat' dir='ltr'><strong>Ac</strong></span> <span class='ocrx_word' id='word_1_358' title='bbox 398 2130 550 2178; x_wconf 75' lang='lat' dir='ltr'><strong>profecto</strong></span> <span class='ocrx_word' id='word_1_359' title='bbox 567 2130 608 2166; x_wconf 89' lang='lat' dir='ltr'><strong>de</strong></span> <span class='ocrx_word' id='word_1_360' title='bbox 626 2142 666 2166; x_wconf 91' lang='lat' dir='ltr'><strong>eo</strong></span> <span class='ocrx_word' id='word_1_361' title='bbox 683 2130 824 2166; x_wconf 87' lang='lat' dir='ltr'><strong>crimine</strong></span> <span class='ocrx_word' id='word_1_362' title='bbox 840 2130 933 2166; x_wconf 85' lang='lat' dir='ltr'><strong>sileri</strong></span> <span class='ocrx_word' id='word_1_363' title='bbox 949 2141 970 2165; x_wconf 91' lang='lat' dir='ltr'><strong>a</strong></span> <span class='ocrx_word' id='word_1_364' title='bbox 986 2131 1215 2166; x_wconf 85' lang='lat' dir='ltr'><strong>sanctissimis</strong></span> <span class='ocrx_word' id='word_1_365' title='bbox 1231 2130 1313 2165; x_wconf 82' lang='lat' dir='ltr'><strong>viris</strong></span> <span class='ocrx_word' id='word_1_366' title='bbox 1330 2130 1580 2177; x_wconf 88' lang='lat' dir='ltr'><strong>aequissimum</strong></span> <span class='ocrx_word' id='word_1_367' title='bbox 1595 2130 1676 2174; x_wconf 70' lang='lat' dir='ltr'><strong>ruit,</strong></span> <span class='ocrx_word' id='word_1_368' title='bbox 1699 2130 1798 2166; x_wconf 89' lang='lat' dir='ltr'><strong>cuiue</strong></span> <span class='ocrx_word' id='word_1_369' title='bbox 1813 2134 1887 2167; x_wconf 85' lang='lat' dir='ltr'><strong>tan·</strong></span> 
     </span>
     <span class='ocr_line' id='line_1_37' title="bbox 332 2185 1888 2235; baseline 0 -12"><span class='ocrx_word' id='word_1_370' title='bbox 332 2193 450 2235; x_wconf 81' lang='lat' dir='ltr'><strong>tepere</strong></span> <span class='ocrx_word' id='word_1_371' title='bbox 473 2188 571 2223; x_wconf 89' lang='lat' dir='ltr'><strong>illum</strong></span> <span class='ocrx_word' id='word_1_372' title='bbox 594 2188 805 2234; x_wconf 88' lang='lat' dir='ltr'><strong>poenituisse</strong></span> <span class='ocrx_word' id='word_1_373' title='bbox 828 2187 972 2231; x_wconf 86' lang='lat' dir='ltr'><strong>scirent,</strong></span> <span class='ocrx_word' id='word_1_374' title='bbox 997 2198 1041 2223; x_wconf 92' lang='lat' dir='ltr'><strong>ne</strong></span> <span class='ocrx_word' id='word_1_375' title='bbox 1064 2185 1213 2223; x_wconf 88' lang='lat' dir='ltr'><strong>hominis</strong></span> <span class='ocrx_word' id='word_1_376' title='bbox 1236 2187 1424 2223; x_wconf 86' lang='lat' dir='ltr'><strong>memoriae</strong></span> <span class='ocrx_word' id='word_1_377' title='bbox 1447 2187 1614 2223; x_wconf 87' lang='lat' dir='ltr'><strong>insultare</strong></span> <span class='ocrx_word' id='word_1_378' title='bbox 1636 2187 1888 2235; x_wconf 68' lang='lat' dir='ltr'><strong>obmutui-ique</strong></span> 
     </span>
     <span class='ocr_line' id='line_1_38' title="bbox 334 2243 1886 2292; baseline 0.001 -13"><span class='ocrx_word' id='word_1_379' title='bbox 334 2245 419 2280; x_wconf 83' lang='lat' dir='ltr'><strong>velle</strong></span> <span class='ocrx_word' id='word_1_380' title='bbox 434 2245 550 2292; x_wconf 89' lang='lat' dir='ltr'><strong>potius</strong></span> <span class='ocrx_word' id='word_1_381' title='bbox 567 2255 671 2291; x_wconf 82' lang='lat' dir='ltr'><strong>quam</strong></span> <span class='ocrx_word' id='word_1_382' title='bbox 687 2255 819 2280; x_wconf 86' lang='lat' dir='ltr'><strong>errores</strong></span> <span class='ocrx_word' id='word_1_383' title='bbox 835 2244 999 2280; x_wconf 86' lang='lat' dir='ltr'><strong>damnare</strong></span> <span class='ocrx_word' id='word_1_384' title='bbox 1015 2243 1223 2281; x_wconf 82' lang='lat' dir='ltr'><strong>viderentur.</strong></span> <span class='ocrx_word' id='word_1_385' title='bbox 1252 2243 1303 2280; x_wconf 91' lang='lat' dir='ltr'><strong>De</strong></span> <span class='ocrx_word' id='word_1_386' title='bbox 1319 2244 1414 2287; x_wconf 84' lang='lat' dir='ltr'><strong>aliis,</strong></span> <span class='ocrx_word' id='word_1_387' title='bbox 1431 2254 1579 2291; x_wconf 88' lang='lat' dir='ltr'><strong>quorum</strong></span> <span class='ocrx_word' id='word_1_388' title='bbox 1595 2244 1725 2292; x_wconf 81' lang='lat' dir='ltr'><strong>scripta</strong></span> <span class='ocrx_word' id='word_1_389' title='bbox 1739 2255 1809 2281; x_wconf 87' lang='lat' dir='ltr'><strong>non</strong></span> <span class='ocrx_word' id='word_1_390' title='bbox 1826 2256 1886 2281; x_wconf 85' lang='lat' dir='ltr'><strong>ex-</strong></span> 
     </span>
     <span class='ocr_line' id='line_1_39' title="bbox 332 2301 1886 2349; baseline 0 -11"><span class='ocrx_word' id='word_1_391' title='bbox 332 2307 423 2346; x_wconf 84' lang='lat' dir='ltr'><strong>tant,</strong></span> <span class='ocrx_word' id='word_1_392' title='bbox 438 2301 668 2349; x_wconf 85' lang='lat' dir='ltr'><strong>pronunciare</strong></span> <span class='ocrx_word' id='word_1_393' title='bbox 684 2302 822 2338; x_wconf 89' lang='lat' dir='ltr'><strong>nonnisi</strong></span> <span class='ocrx_word' id='word_1_394' title='bbox 837 2304 966 2337; x_wconf 87' lang='lat' dir='ltr'><strong>temere</strong></span> <span class='ocrx_word' id='word_1_395' title='bbox 981 2311 1180 2349; x_wconf 87' lang='lat' dir='ltr'><strong>possumus.</strong></span> <span class='ocrx_word' id='word_1_396' title='bbox 1212 2301 1329 2337; x_wconf 85' lang='lat' dir='ltr'><strong>Altera</strong></span> <span class='ocrx_word' id='word_1_397' title='bbox 1344 2301 1380 2336; x_wconf 90' lang='lat' dir='ltr'><strong>iu</strong></span> <span class='ocrx_word' id='word_1_398' title='bbox 1396 2301 1588 2337; x_wconf 84' lang='lat' dir='ltr'><strong>Annalibus</strong></span> <span class='ocrx_word' id='word_1_399' title='bbox 1604 2301 1800 2338; x_wconf 84' lang='lat' dir='ltr'><strong>coniectura</strong></span> <span class='ocrx_word' id='word_1_400' title='bbox 1813 2313 1886 2338; x_wconf 92' lang='lat' dir='ltr'><strong>non</strong></span> 
     </span>
     <span class='ocr_line' id='line_1_40' title="bbox 330 2357 1885 2407; baseline 0.001 -13"><span class='ocrx_word' id='word_1_401' title='bbox 330 2360 408 2407; x_wconf 89' lang='lat' dir='ltr'><strong>plus</strong></span> <span class='ocrx_word' id='word_1_402' title='bbox 424 2360 596 2402; x_wconf 85' lang='lat' dir='ltr'><strong>veritatis,</strong></span> <span class='ocrx_word' id='word_1_403' title='bbox 612 2360 727 2395; x_wconf 87' lang='lat' dir='ltr'><strong>minus</strong></span> <span class='ocrx_word' id='word_1_404' title='bbox 743 2359 848 2394; x_wconf 88' lang='lat' dir='ltr'><strong>etiam</strong></span> <span class='ocrx_word' id='word_1_405' title='bbox 864 2358 1117 2406; x_wconf 84' lang='lat' dir='ltr'><strong>probabilitatis</strong></span> <span class='ocrx_word' id='word_1_406' title='bbox 1133 2357 1246 2395; x_wconf 88' lang='lat' dir='ltr'><strong>habet.</strong></span> <span class='ocrx_word' id='word_1_407' title='bbox 1282 2357 1523 2394; x_wconf 74' lang='lat' dir='ltr'><strong>Falsissimum</strong></span> <span class='ocrx_word' id='word_1_408' title='bbox 1538 2357 1631 2394; x_wconf 89' lang='lat' dir='ltr'><strong>euim</strong></span> <span class='ocrx_word' id='word_1_409' title='bbox 1647 2362 1700 2394; x_wconf 89' lang='lat' dir='ltr'><strong>est</strong></span> <span class='ocrx_word' id='word_1_410' title='bbox 1713 2359 1885 2396; x_wconf 86' lang='lat' dir='ltr'><strong>intextam</strong></span> 
     </span>
     <span class='ocr_line' id='line_1_41' title="bbox 330 2414 1884 2463; baseline 0.001 -11"><span class='ocrx_word' id='word_1_411' title='bbox 330 2415 418 2452; x_wconf 83' lang='lat' dir='ltr'><strong>hane</strong></span> <span class='ocrx_word' id='word_1_412' title='bbox 434 2416 627 2463; x_wconf 84' lang='lat' dir='ltr'><strong>Epiphanio</strong></span> <span class='ocrx_word' id='word_1_413' title='bbox 643 2416 806 2452; x_wconf 86' lang='lat' dir='ltr'><strong>laciniam</strong></span> <span class='ocrx_word' id='word_1_414' title='bbox 821 2425 916 2460; x_wconf 82' lang='lat' dir='ltr'><strong>esse,</strong></span> <span class='ocrx_word' id='word_1_415' title='bbox 932 2426 1010 2452; x_wconf 86' lang='lat' dir='ltr'><strong>cum</strong></span> <span class='ocrx_word' id='word_1_416' title='bbox 1027 2426 1140 2463; x_wconf 89' lang='lat' dir='ltr'><strong>neque</strong></span> <span class='ocrx_word' id='word_1_417' title='bbox 1157 2415 1199 2451; x_wconf 86' lang='lat' dir='ltr'><strong>de</strong></span> <span class='ocrx_word' id='word_1_418' title='bbox 1214 2416 1305 2462; x_wconf 76' lang='lat' dir='ltr'><strong>stylo</strong></span> <span class='ocrx_word' id='word_1_419' title='bbox 1317 2415 1394 2462; x_wconf 84' lang='lat' dir='ltr'><strong>ipso</strong></span> <span class='ocrx_word' id='word_1_420' title='bbox 1407 2414 1556 2451; x_wconf 85' lang='lat' dir='ltr'><strong>dubitari</strong></span> <span class='ocrx_word' id='word_1_421' title='bbox 1568 2415 1696 2462; x_wconf 83' lang='lat' dir='ltr'><strong>possit,</strong></span> <span class='ocrx_word' id='word_1_422' title='bbox 1713 2417 1884 2463; x_wconf 77' lang='lat' dir='ltr'><strong>atquibus</strong></span> 
     </span>
     <span class='ocr_line' id='line_1_42' title="bbox 331 2470 1885 2520; baseline 0 -11"><span class='ocrx_word' id='word_1_423' title='bbox 331 2474 364 2508; x_wconf 87' lang='lat' dir='ltr'><strong>id</strong></span> <span class='ocrx_word' id='word_1_424' title='bbox 380 2474 595 2520; x_wconf 82' lang='lat' dir='ltr'><strong>argumentis</strong></span> <span class='ocrx_word' id='word_1_425' title='bbox 612 2473 771 2516; x_wconf 79' lang='lat' dir='ltr'><strong>efficitur,</strong></span> <span class='ocrx_word' id='word_1_426' title='bbox 788 2473 878 2508; x_wconf 79' lang='lat' dir='ltr'><strong>levia</strong></span> <span class='ocrx_word' id='word_1_427' title='bbox 893 2473 979 2517; x_wconf 86' lang='lat' dir='ltr'><strong>sint,</strong></span> <span class='ocrx_word' id='word_1_428' title='bbox 996 2472 1067 2509; x_wconf 88' lang='lat' dir='ltr'><strong>imo</strong></span> <span class='ocrx_word' id='word_1_429' title='bbox 1082 2472 1191 2510; x_wconf 79' lang='lat' dir='ltr'><strong>nulia,</strong></span> <span class='ocrx_word' id='word_1_430' title='bbox 1237 2470 1468 2520; x_wconf 83' lang='lat' dir='ltr'><strong>Epiphanius,</strong></span> <span class='ocrx_word' id='word_1_431' title='bbox 1484 2471 1612 2518; x_wconf 85' lang='lat' dir='ltr'><strong>inquit,</strong></span> <span class='ocrx_word' id='word_1_432' title='bbox 1627 2471 1714 2508; x_wconf 88' lang='lat' dir='ltr'><strong>libro</strong></span> <span class='ocrx_word' id='word_1_433' title='bbox 1731 2472 1772 2508; x_wconf 92' lang='lat' dir='ltr'><strong>de</strong></span> <span class='ocrx_word' id='word_1_434' title='bbox 1787 2473 1885 2510; x_wconf 78' lang='lat' dir='ltr'><strong>Men·</strong></span> 
     </span>
     <span class='ocr_line' id='line_1_43' title="bbox 330 2527 1883 2578; baseline 0.001 -13"><span class='ocrx_word' id='word_1_435' title='bbox 330 2532 419 2566; x_wconf 81' lang='lat' dir='ltr'><strong>suris</strong></span> <span class='ocrx_word' id='word_1_436' title='bbox 435 2541 475 2566; x_wconf 84' lang='lat' dir='ltr'><strong>ac</strong></span> <span class='ocrx_word' id='word_1_437' title='bbox 492 2530 703 2567; x_wconf 83' lang='lat' dir='ltr'><strong>Ponderibus</strong></span> <span class='ocrx_word' id='word_1_438' title='bbox 719 2530 822 2578; x_wconf 83' lang='lat' dir='ltr'><strong>plane</strong></span> <span class='ocrx_word' id='word_1_439' title='bbox 838 2530 1009 2566; x_wconf 84' lang='lat' dir='ltr'><strong>contraria</strong></span> <span class='ocrx_word' id='word_1_440' title='bbox 1023 2528 1149 2566; x_wconf 83' lang='lat' dir='ltr'><strong>docuit.</strong></span> <span class='ocrx_word' id='word_1_441' title='bbox 1195 2528 1323 2566; x_wconf 82' lang='lat' dir='ltr'><strong>Scribit</strong></span> <span class='ocrx_word' id='word_1_442' title='bbox 1337 2529 1446 2565; x_wconf 77' lang='lat' dir='ltr'><strong>enim:</strong></span> <span class='ocrx_word' id='word_1_443' title='bbox 1476 2527 1648 2564; x_wconf 62' lang='lat' dir='ltr'><strong>Flet-uiue</strong></span> <span class='ocrx_word' id='word_1_444' title='bbox 1668 2528 1843 2575; x_wconf 66' lang='lat' dir='ltr'><strong>Oriqenem</strong></span> <span class='ocrx_word' id='word_1_445' title='bbox 1860 2544 1883 2565; x_wconf 88' lang='lat' dir='ltr'><em>a</em></span> 
     </span>
     <span class='ocr_line' id='line_1_44' title="bbox 331 2585 1883 2635; baseline 0.001 -14"><span class='ocrx_word' id='word_1_446' title='bbox 331 2588 530 2634; x_wconf 70' lang='lat' dir='ltr'><strong>temporibus</strong></span> <span class='ocrx_word' id='word_1_447' title='bbox 547 2588 649 2623; x_wconf 69' lang='lat' dir='ltr'><strong>Decii</strong></span> <span class='ocrx_word' id='word_1_448' title='bbox 662 2600 763 2635; x_wconf 80' lang='lat' dir='ltr'><strong>usque</strong></span> <span class='ocrx_word' id='word_1_449' title='bbox 780 2588 829 2622; x_wconf 80' lang='lat' dir='ltr'><strong>ad</strong></span> <span class='ocrx_word' id='word_1_450' title='bbox 846 2587 983 2623; x_wconf 76' lang='lat' dir='ltr'><strong>Gallum</strong></span> <span class='ocrx_word' id='word_1_451' title='bbox 999 2593 1032 2622; x_wconf 77' lang='lat' dir='ltr'><strong>ee</strong></span> <span class='ocrx_word' id='word_1_452' title='bbox 1050 2586 1277 2622; x_wconf 74' lang='lat' dir='ltr'><strong>Volusianum.</strong></span> <span class='ocrx_word' id='word_1_453' title='bbox 1324 2585 1391 2622; x_wconf 87' lang='lat' dir='ltr'><strong>Ubi</strong></span> <span class='ocrx_word' id='word_1_454' title='bbox 1406 2596 1474 2622; x_wconf 80' lang='lat' dir='ltr'><strong>vox</strong></span> <span class='ocrx_word' id='word_1_455' title='bbox 1481 2586 1606 2632; x_wconf 65' lang='lat' dir='ltr'><strong>floruit</strong></span> <span class='ocrx_word' id='word_1_456' title='bbox 1625 2596 1695 2621; x_wconf 92' lang='lat' dir='ltr'><strong>non</strong></span> <span class='ocrx_word' id='word_1_457' title='bbox 1717 2585 1809 2622; x_wconf 87' lang='lat' dir='ltr'><strong>idem</strong></span> <span class='ocrx_word' id='word_1_458' title='bbox 1831 2591 1883 2623; x_wconf 90' lang='lat' dir='ltr'><strong>est</strong></span> 
     </span>
     <span class='ocr_line' id='line_1_45' title="bbox 330 2642 1882 2691; baseline 0.001 -13"><span class='ocrx_word' id='word_1_459' title='bbox 330 2655 370 2678; x_wconf 81' lang='lat' dir='ltr'><strong>ac</strong></span> <span class='ocrx_word' id='word_1_460' title='bbox 384 2648 482 2688; x_wconf 59' lang='lat' dir='ltr'><strong>vuisit,</strong></span> <span class='ocrx_word' id='word_1_461' title='bbox 498 2644 558 2680; x_wconf 90' lang='lat' dir='ltr'><strong>sed</strong></span> <span class='ocrx_word' id='word_1_462' title='bbox 574 2644 792 2691; x_wconf 85' lang='lat' dir='ltr'><strong>splendorem</strong></span> <span class='ocrx_word' id='word_1_463' title='bbox 808 2654 853 2680; x_wconf 89' lang='lat' dir='ltr'><strong>ex</strong></span> <span class='ocrx_word' id='word_1_464' title='bbox 870 2643 1026 2680; x_wconf 74' lang='lat' dir='ltr'><strong>doctriua</strong></span> <span class='ocrx_word' id='word_1_465' title='bbox 1041 2644 1237 2691; x_wconf 84' lang='lat' dir='ltr'><strong>quaesitum</strong></span> <span class='ocrx_word' id='word_1_466' title='bbox 1252 2642 1435 2691; x_wconf 78' lang='lat' dir='ltr'><strong>significat.</strong></span> <span class='ocrx_word' id='word_1_467' title='bbox 1459 2642 1504 2678; x_wconf 87' lang='lat' dir='ltr'><strong>At</strong></span> <span class='ocrx_word' id='word_1_468' title='bbox 1518 2642 1548 2678; x_wconf 94' lang='lat' dir='ltr'><strong>si</strong></span> <span class='ocrx_word' id='word_1_469' title='bbox 1563 2645 1637 2678; x_wconf 91' lang='lat' dir='ltr'><strong>tum</strong></span> <span class='ocrx_word' id='word_1_470' title='bbox 1654 2642 1773 2690; x_wconf 88' lang='lat' dir='ltr'><strong>lapsus</strong></span> <span class='ocrx_word' id='word_1_471' title='bbox 1789 2650 1882 2679; x_wconf 88' lang='lat' dir='ltr'><strong>esset</strong></span> 
     </span>
     <span class='ocr_line' id='line_1_46' title="bbox 330 2696 1881 2748; baseline 0.001 -14"><span class='ocrx_word' id='word_1_472' title='bbox 330 2701 514 2747; x_wconf 78' lang='lat' dir='ltr'><strong>Origenes,</strong></span> <span class='ocrx_word' id='word_1_473' title='bbox 531 2713 599 2737; x_wconf 92' lang='lat' dir='ltr'><strong>non</strong></span> <span class='ocrx_word' id='word_1_474' title='bbox 616 2702 714 2738; x_wconf 88' lang='lat' dir='ltr'><strong>iilum</strong></span> <span class='ocrx_word' id='word_1_475' title='bbox 731 2700 891 2738; x_wconf 81' lang='lat' dir='ltr'><strong>floruisse</strong></span> <span class='ocrx_word' id='word_1_476' title='bbox 907 2700 1034 2737; x_wconf 85' lang='lat' dir='ltr'><strong>diceret</strong></span> <span class='ocrx_word' id='word_1_477' title='bbox 1049 2698 1274 2748; x_wconf 84' lang='lat' dir='ltr'><strong>Epiphanius.</strong></span> <span class='ocrx_word' id='word_1_478' title='bbox 1301 2699 1429 2736; x_wconf 87' lang='lat' dir='ltr'><strong>Verum</strong></span> <span class='ocrx_word' id='word_1_479' title='bbox 1444 2696 1596 2746; x_wconf 73' lang='grc' dir='ltr'><strong>ἀκμάζειν</strong></span> <span class='ocrx_word' id='word_1_480' title='bbox 1609 2703 1644 2735; x_wconf 87' lang='lat' dir='ltr'><strong>et</strong></span> <span class='ocrx_word' id='word_1_481' title='bbox 1654 2697 1777 2735; x_wconf 80' lang='lat' dir='ltr'><strong>florere</strong></span> <span class='ocrx_word' id='word_1_482' title='bbox 1789 2700 1881 2747; x_wconf 88' lang='lat' dir='ltr'><strong>apud</strong></span> 
     </span>
     <span class='ocr_line' id='line_1_47' title="bbox 330 2755 1880 2805; baseline 0.001 -13"><span class='ocrx_word' id='word_1_483' title='bbox 330 2757 560 2805; x_wconf 77' lang='lat' dir='ltr'><strong>chronologos</strong></span> <span class='ocrx_word' id='word_1_484' title='bbox 577 2759 660 2794; x_wconf 86' lang='lat' dir='ltr'><strong>nihil</strong></span> <span class='ocrx_word' id='word_1_485' title='bbox 677 2758 769 2795; x_wconf 88' lang='lat' dir='ltr'><strong>aliud</strong></span> <span class='ocrx_word' id='word_1_486' title='bbox 786 2762 839 2795; x_wconf 83' lang='lat' dir='ltr'><strong>est</strong></span> <span class='ocrx_word' id='word_1_487' title='bbox 854 2768 960 2805; x_wconf 86' lang='lat' dir='ltr'><strong>quam</strong></span> <span class='ocrx_word' id='word_1_488' title='bbox 976 2756 1212 2794; x_wconf 81' lang='lat' dir='ltr'><strong>commendari</strong></span> <span class='ocrx_word' id='word_1_489' title='bbox 1227 2757 1351 2805; x_wconf 79' lang='lat' dir='ltr'><strong>vulgo,</strong></span> <span class='ocrx_word' id='word_1_490' title='bbox 1374 2760 1410 2793; x_wconf 88' lang='lat' dir='ltr'><strong>et</strong></span> <span class='ocrx_word' id='word_1_491' title='bbox 1430 2755 1466 2792; x_wconf 85' lang='lat' dir='ltr'><strong>in</strong></span> <span class='ocrx_word' id='word_1_492' title='bbox 1482 2755 1599 2803; x_wconf 83' lang='lat' dir='ltr'><strong>aliqua</strong></span> <span class='ocrx_word' id='word_1_493' title='bbox 1613 2760 1752 2804; x_wconf 87' lang='lat' dir='ltr'><strong>propter</strong></span> <span class='ocrx_word' id='word_1_494' title='bbox 1768 2756 1880 2793; x_wconf 88' lang='lat' dir='ltr'><strong>erudi-</strong></span> 
     </span>
     <span class='ocr_line' id='line_1_48' title="bbox 328 2812 1878 2852; baseline 0 -2"><span class='ocrx_word' id='word_1_495' title='bbox 328 2816 455 2850; x_wconf 80' lang='lat' dir='ltr'><strong>tionem</strong></span> <span class='ocrx_word' id='word_1_496' title='bbox 477 2819 535 2850; x_wconf 84' lang='lat' dir='ltr'><strong>aut</strong></span> <span class='ocrx_word' id='word_1_497' title='bbox 552 2817 713 2851; x_wconf 74' lang='lat' dir='ltr'><strong>virtutem</strong></span> <span class='ocrx_word' id='word_1_498' title='bbox 737 2815 887 2851; x_wconf 89' lang='lat' dir='ltr'><strong>nominis</strong></span> <span class='ocrx_word' id='word_1_499' title='bbox 911 2814 1064 2851; x_wconf 86' lang='lat' dir='ltr'><strong>claritate</strong></span> <span class='ocrx_word' id='word_1_500' title='bbox 1080 2815 1219 2852; x_wconf 82' lang='lat' dir='ltr'><strong>versari.</strong></span> <span class='ocrx_word' id='word_1_501' title='bbox 1266 2814 1362 2850; x_wconf 81' lang='lat' dir='ltr'><strong>Hane</strong></span> <span class='ocrx_word' id='word_1_502' title='bbox 1385 2823 1465 2849; x_wconf 83' lang='lat' dir='ltr'><strong>vero</strong></span> <span class='ocrx_word' id='word_1_503' title='bbox 1489 2812 1663 2850; x_wconf 83' lang='lat' dir='ltr'><strong>doctrinae</strong></span> <span class='ocrx_word' id='word_1_504' title='bbox 1685 2813 1814 2850; x_wconf 79' lang='lat' dir='ltr'><strong>famam</strong></span> <span class='ocrx_word' id='word_1_505' title='bbox 1837 2825 1878 2850; x_wconf 86' lang='lat' dir='ltr'><strong>ac</strong></span> 
     </span>
     <span class='ocr_line' id='line_1_49' title="bbox 329 2870 1878 2920; baseline -0.001 -13"><span class='ocrx_word' id='word_1_506' title='bbox 329 2872 543 2919; x_wconf 83' lang='lat' dir='ltr'><strong>splendorem</strong></span> <span class='ocrx_word' id='word_1_507' title='bbox 559 2873 700 2919; x_wconf 72' lang='lat' dir='ltr'><strong>(irigeni</strong></span> <span class='ocrx_word' id='word_1_508' title='bbox 713 2884 823 2920; x_wconf 87' lang='lat' dir='ltr'><strong>neque</strong></span> <span class='ocrx_word' id='word_1_509' title='bbox 836 2873 928 2920; x_wconf 86' lang='lat' dir='ltr'><strong>prior</strong></span> <span class='ocrx_word' id='word_1_510' title='bbox 944 2873 1004 2908; x_wconf 89' lang='lat' dir='ltr'><strong>illa</strong></span> <span class='ocrx_word' id='word_1_511' title='bbox 1019 2871 1232 2908; x_wconf 85' lang='lat' dir='ltr'><strong>idololatriae</strong></span> <span class='ocrx_word' id='word_1_512' title='bbox 1249 2870 1366 2919; x_wconf 84' lang='lat' dir='ltr'><strong>culpa,</strong></span> <span class='ocrx_word' id='word_1_513' title='bbox 1383 2880 1487 2918; x_wconf 85' lang='lat' dir='ltr'><strong>quam</strong></span> <span class='ocrx_word' id='word_1_514' title='bbox 1499 2870 1711 2918; x_wconf 87' lang='lat' dir='ltr'><strong>poenitentia</strong></span> <span class='ocrx_word' id='word_1_515' title='bbox 1722 2870 1878 2915; x_wconf 85' lang='lat' dir='ltr'><strong>diluerat,</strong></span> 
     </span>
     <span class='ocr_line' id='line_1_50' title="bbox 329 2926 1878 2976; baseline -0.001 -11"><span class='ocrx_word' id='word_1_516' title='bbox 329 2929 458 2976; x_wconf 87' lang='lat' dir='ltr'><strong>eripere</strong></span> <span class='ocrx_word' id='word_1_517' title='bbox 470 2928 603 2971; x_wconf 77' lang='lat' dir='ltr'><strong>debuit,</strong></span> <span class='ocrx_word' id='word_1_518' title='bbox 620 2939 732 2976; x_wconf 88' lang='lat' dir='ltr'><strong>neque</strong></span> <span class='ocrx_word' id='word_1_519' title='bbox 744 2930 912 2976; x_wconf 85' lang='lat' dir='ltr'><strong>posterior</strong></span> <span class='ocrx_word' id='word_1_520' title='bbox 923 2933 976 2965; x_wconf 83' lang='lat' dir='ltr'><strong>tot</strong></span> <span class='ocrx_word' id='word_1_521' title='bbox 990 2938 1030 2966; x_wconf 84' lang='lat' dir='ltr'><strong>ac</strong></span> <span class='ocrx_word' id='word_1_522' title='bbox 1046 2933 1120 2965; x_wconf 85' lang='lat' dir='ltr'><strong>tam</strong></span> <span class='ocrx_word' id='word_1_523' title='bbox 1135 2928 1376 2976; x_wconf 78' lang='lat' dir='ltr'><strong>multiplicium</strong></span> <span class='ocrx_word' id='word_1_524' title='bbox 1388 2926 1588 2964; x_wconf 87' lang='lat' dir='ltr'><strong>haereseum</strong></span> <span class='ocrx_word' id='word_1_525' title='bbox 1604 2927 1751 2964; x_wconf 79' lang='lat' dir='ltr'><strong>infamia</strong></span> <span class='ocrx_word' id='word_1_526' title='bbox 1764 2928 1878 2976; x_wconf 86' lang='lat' dir='ltr'><strong>potuit</strong></span> 
     </span>
     <span class='ocr_line' id='line_1_51' title="bbox 330 2983 1876 3034; baseline 0 -13"><span class='ocrx_word' id='word_1_527' title='bbox 330 2987 533 3033; x_wconf 84' lang='lat' dir='ltr'><strong>opprimere.</strong></span> <span class='ocrx_word' id='word_1_528' title='bbox 583 2986 711 3022; x_wconf 87' lang='lat' dir='ltr'><strong>Deinde</strong></span> <span class='ocrx_word' id='word_1_529' title='bbox 727 2986 814 3022; x_wconf 68' lang='lat' dir='ltr'><strong>salso</strong></span> <span class='ocrx_word' id='word_1_530' title='bbox 831 2986 975 3023; x_wconf 87' lang='lat' dir='ltr'><strong>Decium</strong></span> <span class='ocrx_word' id='word_1_531' title='bbox 991 2996 1053 3034; x_wconf 86' lang='lat' dir='ltr'><strong>pro</strong></span> <span class='ocrx_word' id='word_1_532' title='bbox 1070 2985 1199 3022; x_wconf 76' lang='lat' dir='ltr'><strong>Severo</strong></span> <span class='ocrx_word' id='word_1_533' title='bbox 1215 2984 1269 3021; x_wconf 86' lang='lat' dir='ltr'><strong>hic</strong></span> <span class='ocrx_word' id='word_1_534' title='bbox 1287 2988 1488 3032; x_wconf 86' lang='lat' dir='ltr'><strong>usurpatum</strong></span> <span class='ocrx_word' id='word_1_535' title='bbox 1504 2985 1548 3020; x_wconf 90' lang='lat' dir='ltr'><strong>ab</strong></span> <span class='ocrx_word' id='word_1_536' title='bbox 1564 2983 1756 3032; x_wconf 84' lang='lat' dir='ltr'><strong>Epiphanio</strong></span> <span class='ocrx_word' id='word_1_537' title='bbox 1771 2985 1876 3033; x_wconf 86' lang='lat' dir='ltr'><strong>paulo</strong></span> 
     </span>
     <span class='ocr_line' id='line_1_52' title="bbox 329 3041 1875 3090; baseline -0.001 -12"><span class='ocrx_word' id='word_1_538' title='bbox 329 3049 407 3079; x_wconf 84' lang='lat' dir='ltr'><strong>ante</strong></span> <span class='ocrx_word' id='word_1_539' title='bbox 423 3043 612 3080; x_wconf 77' lang='lat' dir='ltr'><strong>docuimus.</strong></span> <span class='ocrx_word' id='word_1_540' title='bbox 645 3042 844 3080; x_wconf 82' lang='lat' dir='ltr'><strong>Secundum</strong></span> <span class='ocrx_word' id='word_1_541' title='bbox 861 3042 945 3080; x_wconf 85' lang='lat' dir='ltr'><strong>haec</strong></span> <span class='ocrx_word' id='word_1_542' title='bbox 963 3042 1179 3090; x_wconf 76' lang='lat' dir='ltr'><strong>Augustinus</strong></span> <span class='ocrx_word' id='word_1_543' title='bbox 1196 3042 1295 3078; x_wconf 88' lang='lat' dir='ltr'><strong>nobis</strong></span> <span class='ocrx_word' id='word_1_544' title='bbox 1313 3041 1482 3085; x_wconf 86' lang='lat' dir='ltr'><strong>obiicitur,</strong></span> <span class='ocrx_word' id='word_1_545' title='bbox 1499 3042 1559 3088; x_wconf 89' lang='lat' dir='ltr'><strong>qui</strong></span> <span class='ocrx_word' id='word_1_546' title='bbox 1575 3052 1652 3078; x_wconf 87' lang='lat' dir='ltr'><strong>cum</strong></span> <span class='ocrx_word' id='word_1_547' title='bbox 1669 3042 1710 3078; x_wconf 89' lang='lat' dir='ltr'><strong>de</strong></span> <span class='ocrx_word' id='word_1_548' title='bbox 1728 3041 1875 3088; x_wconf 78' lang='lat' dir='ltr'><strong>Origene</strong></span> 
     </span>
    </p>
   </div>
  </div>
 </body>
</html>
