2008 3294
1583 182 1699 220 XLIX

244 286 285 322 N.
301 299 362 324 vn.
386 286 448 321 Καὶ
462 288 602 334 γραφεῖα
618 286 658 321 τὰ
673 284 762 333 παρὰ
777 285 969 332 Ἰουδαίοις.]
1005 286 1100 329 Quae
1113 286 1297 334 ἂγιόγραφα
1313 286 1482 322 dicuntur.
1514 285 1628 333 Atque
1643 285 1699 323 hic

153 343 325 391 triplicem
340 354 518 380 sacrorum
533 344 700 379 librorum
715 344 935 391 partitionem
951 344 1208 390 complectitur,
1230 355 1318 391 quae
1341 347 1395 379 est
1415 346 1538 386 'fl‘ff'ffl
1560 343 1626 379 hoc
1648 347 1701 379 est

155 402 219 443 lex,
231 403 383 442 namn:
393 401 600 448 prophetae,
616 404 652 436 et
663 403 847 445 θυι-15,
863 399 1059 448 ἂγιόγραφα,
1076 401 1149 436 sive
1157 403 1308 448 γραφέΐα.
1333 401 1383 438 De
1397 412 1464 449 qno
1476 401 1698 437 videHieron.

154 457 304 505 Prologo
322 457 478 501 Galeato,
499 457 613 493 Eliam
628 459 664 493 in
680 457 817 502 Thisbi,
831 457 936 494 verbo
953 460 1056 499 :2¹12

244 515 286 551 N.
302 527 350 551 1x.
385 512 492 550 Ἀλλὰ
514 512 716 562 ἀνιστάμενοι
739 513 884 560 {omem}
929 513 1007 550 Non
1031 514 1150 550 dubito
1175 516 1258 562 quin
1282 516 1501 552 scribendum
1525 517 1569 552 sit
1593 515 1699 550 ἔωθεν.

157 571 256 615 Quod
272 576 388 608 antem
403 571 560 609 Iudaicas
575 573 653 608 illas
668 572 932 620 imprecationes
947 572 984 607 in
999 571 1194 607 Nazaraeos
1211 572 1401 609 haereticos
1424 574 1571 609 conferri
1585 574 1703 610 scribit

155 628 386 676 Epiphanius,
406 629 638 676 Hieronymus
662 630 706 666 ad
722 630 934 667 Christianos
953 629 1126 666 transfert.
1161 629 1214 665 Ita
1229 630 1323 665 enim
1338 631 1395 665 ille
1411 631 1454 666 ad
1470 631 1547 667 Esa.
1564 643 1630 668 nn:
1655 631 1705 667 Ee

155 687 215 721 sub
241 689 388 729 fiamine,
415 692 454 721 nt
473 698 577 734 caepe
601 689 691 731 dix-i,
718 687 978 724 Nazarenomm
1007 693 1058 722 ter
1086 690 1122 722 in
1147 689 1202 722 die
1223 690 1260 722 in
1284 687 1498 724 Christianos
1522 694 1705 735 conqerunt

155 744 351 782 maledicta.
397 749 399 752 ’

205 846 209 851 1
245 797 389 848 Ἔχουσι
401 799 436 835 δὲ
449 798 533 836 κατὰ
544 801 740 848 Mareu-tom]
764 801 863 845 Quod
874 805 909 838 et
918 802 1149 848 Hieronymus
1163 801 1293 838 Graece
1305 801 1451 838 reddidit
1471 807 1506 838 et
1527 804 1609 839 citat
1628 803 1704 851 ipse

157 857 306 906 saepius.
335 857 456 905 Neque
472 869 553 895 vero
569 870 696 906 purum
709 862 835 906 putum
847 858 1015 896 Matthaei
1030 859 1250 906 evangelium
1264 858 1347 902 fuit,
1363 863 1403 894 nt
1417 860 1639 896 existimasse
1654 861 1703 896 vi-

157 914 256 951 detur
269 914 500 963 Epiphanius3
523 916 585 952 sed
607 916 652 952 ab
673 917 742 952 illis
765 917 1004 964 depravatum,
1029 916 1120 964 quod
1143 921 1177 952 et
1199 917 1420 963 evangelium
1436 916 1518 952 κατὰ
1534 916 1703 965 Ἐβραίους

157 972 310 1021 appellat
323 971 494 1009 Eusebius
508 973 568 1010 lib.
580 986 633 1011 111.
648 974 776 1011 Hister.
792 985 947 1022 oap.xrx,
962 974 1101 1014 Hieron.
1113 974 1154 1010 in
1170 984 1244 1021 cap.
1261 986 1322 1010 ιιι.
1346 974 1469 1010 Matth.
1486 985 1559 1022 cap.
1579 975 1635 1010 13:
1661 976 1705 1010 In

158 1031 350 1077 evanqelio,
373 1042 436 1077 quo
450 1037 589 1066 utuntur
603 1031 786 1067 Namem‘
799 1031 996 1074 Ebionitae,
1019 1033 1107 1079 quod
1126 1043 1233 1078 nuper
1246 1034 1284 1066 in
1302 1032 1472 1067 Graecum
1489 1034 1530 1067 de
1546 1032 1704 1067 Hebraeo

157 1099 305 1123 sermone
326 1089 556 1124 uammlimue
579 1095 612 1125 et
632 1090 720 1135 quod
737 1094 880 1125 vocatur
902 1101 925 1123 α
943 1089 1115 1136 plerisque
1136 1088 1309 1124 Matthaei
1332 1089 1575 1132 authenticum,
1611 1090 1705 1124 Ιιοηιο

157 1147 235 1187 iste,
251 1147 309 1191 qui
323 1146 462 1180 aridam
476 1145 580 1180 habet
591 1158 740 1188 manum,
757 1148 1004 1182 caementarius
1017 1146 1190 1182 scribitur.
1213 1145 1308 1182 Idem
1323 1146 1361 1182 in
1377 1146 1502 1194 Script.
1518 1132 1646 1182 lstcles.
1664 1147 1706 1182 de
1760 1168 1767 1176 ·
1819 1168 1826 1175 ·

157 1200 335 1238 Matthaeo
351 1212 459 1249 agens
480 1201 582 1238 huius
598 1203 806 1239 Hebraicnm
825 1203 942 1250 ipsum
962 1203 999 1238 in
1023 1202 1239 1239 Caesariensi
1259 1203 1470 1240 bibliotheca
1491 1207 1707 1240 asservatum

159 1261 272 1295 aetate
287 1269 352 1295 sua
365 1262 500 1303 narrat,
523 1260 622 1296 cuius
643 1260 710 1296 sibi
725 1270 747 1296 a
760 1259 944 1295 Nazaraeis
961 1260 1182 1296 exscribendi
1195 1260 1342 1296 facultas
1366 1261 1479 1297 fuerit.
1516 1262 1584 1297 Sed
1599 1262 1707 1297 Naza-

158 1324 318 1352 raeorum
341 1317 562 1364 evangelium
585 1327 805 1365 nequaquam
819 1316 987 1352 Matthaei
1008 1327 1213 1364 germanum
1235 1318 1312 1354 fuit.
1345 1317 1524 1354 Postremo
1540 1331 1626 1355 num
1640 1320 1707 1355 He-

158 1373 278 1409 braica
290 1374 400 1410 veteri
413 1385 568 1421 puraque
583 1374 722 1422 lingua,
745 1385 790 1411 an
805 1374 965 1421 Syriaca,
981 1374 1054 1410 sive
1069 1375 1385 1422 Hierosolymitana
1399 1377 1604 1423 vulgarique
1619 1377 1707 1412 Mat-

159 1429 282 1467 thaeus
303 1432 523 1478 evangelium
546 1431 738 1479 scripserit,
757 1432 899 1467 nonnisi
919 1443 964 1467 ex
987 1432 1192 1468 coniecturis
1213 1434 1434 1480 pronunciari
1456 1437 1580 1481 potest.
1615 1433 1707 1470 Nihil

160 1488 254 1524 enim
269 1489 354 1525 certi
369 1489 608 1536 exploratique
623 1490 669 1525 ab
685 1489 862 1525 autoribus
879 1488 1004 1526 discas.

395 1591 456 1628 AD
481 1592 714 1629 munem
734 1591 874 1635 XXX,
898 1591 1017 1635 QUAE
1038 1592 1124 1629 EST
1146 1593 1470 1631 EBIONITARUM.

250 1659 294 1697 N.
310 1672 349 1698 11.
367 1660 486 1708 Γέγονε
501 1661 540 1696 δέ
552 1659 573 1706 ἡ
590 1660 677 1710 ἀρχὴ
692 1661 838 1706 τούτου.]
878 1661 924 1696 At
940 1660 1065 1697 Ohron.
1081 1661 1249 1700 Alexand.
1262 1675 1296 1710 p.
1310 1663 1388 1699 597.
1405 1663 1511 1699 refert
1521 1675 1613 1699 anno
1625 1664 1708 1700 Τη-

161 1717 232 1753 iani
246 1729 322 1756 vm.
332 1743 342 1762 ,
358 1716 510 1754 Candido
526 1722 562 1754 et
576 1717 749 1762 Quadrato
765 1718 861 1754 Coss.
871 1745 880 1762 ,
895 1718 1136 1754 Ebionitarum
1151 1721 1332 1756 emersisse
1348 1723 1489 1758 sectam.

251 1774 294 1812 N.
310 1787 362 1812 m.
386 1774 448 1810 Καὶ
459 1775 498 1810 τὸ
515 1774 573 1823 μὶν
589 1777 746 1824 πρῶτον.]
777 1776 916 1823 Duplex
926 1775 1164 1812 Ebionitarum
1174 1777 1279 1813 factio
1290 1777 1365 1813 fuit.
1400 1778 1492 1814 Nam
1507 1779 1566 1814 alii
1577 1789 1711 1816 merum

163 1842 204 1868 ac
220 1832 414 1880 simplicem
428 1831 607 1869 hominem
621 1834 822 1869 asserebant
844 1844 921 1869 esse
937 1834 1051 1869 Iesum
1079 1837 1184 1880 atque
1205 1845 1227 1869 a
1247 1834 1393 1882 Iosepho
1412 1836 1593 1883 Mariaque
1615 1838 1712 1883 geni-

162 1893 248 1926 tum.
286 1889 356 1925 Alii
369 1900 390 1926 e
405 1893 524 1926 sancto
541 1890 664 1938 spiritu
680 1901 702 1926 a
717 1891 853 1937 virgine
869 1894 1068 1938 susceptum
1083 1891 1133 1926 ita
1152 1891 1365 1938 fatebantur,
1387 1893 1439 1928 uti
1455 1893 1558 1929 deum
1575 1905 1615 1929 ac
1638 1905 1712 1929 ver-

162 1947 248 1982 bum
268 1957 346 1983 esse
366 1950 429 1983 aut
449 1947 608 1983 extitisse
630 1951 733 1983 antea
747 1952 926 1994 negarent.
973 1948 1142 1984 Eusebius
1157 1949 1180 1984 l.
1197 1961 1249 1985 m.
1265 1961 1294 1984 c.
1310 1961 1384 1986 xxx.
1402 1950 1570 1997 Origenes
1592 1955 1712 1986 contra

163 2002 304 2040 Celsum
319 2007 403 2040 tom.
419 2004 457 2040 2:
504 2003 623 2051 Ἔβίων
639 2017 673 2039 τε
689 2003 751 2052 γὰρ
769 2003 786 2039 ὁ
809 2005 943 2052 πτωχὸς
966 2004 1054 2053 παρὰ
1076 2004 1242 2047 Ἰουδαίοις
1266 2006 1427 2054 καλεῖται,
1450 2008 1503 2042 καὶ
1527 2007 1713 2054 Ἔβιωναῖοι

163 2061 417 2108 χρηματίζουσιν
433 2060 463 2096 οἱ
479 2059 545 2096 ἀπὸ
560 2060 728 2096 Ἰουδαίων
743 2061 800 2096 τὸν
816 2060 944 2106 Ἰησοῦν
961 2060 1006 2103 ὡς
1021 2061 1160 2109 Χριστὸν
1172 2063 1438 2112 παραδεξάμενοι.
1487 2065 1641 2108 Quorum
1654 2077 1713 2113 ge-

163 2128 247 2155 nera
259 2118 322 2154 illa
335 2118 403 2154 duo
417 2121 501 2155 tom.
513 2118 546 2155 3.
562 2124 827 2156 commemorat:
851 2114 952 2154 Οὗτοι
969 2120 1007 2154 δέ
1020 2118 1095 2154 εἰσιν
1112 2119 1141 2154 οἱ
1157 2120 1257 2155 διττοὶ
1273 2119 1475 2167 Ἐβιωναῖοι,
1492 2122 1564 2167 ἤτοι
1580 2122 1615 2158 ἐκ
1631 2135 1715 2170 παρ-

164 2174 256 2210 θένου
272 2173 511 2223 ὁμολογοῦντες
528 2174 650 2223 ὁμοίως
664 2175 742 2224 ἡμῖν
758 2177 815 2211 τὀν
837 2175 982 2223 Ἰησοῦν,
1003 2178 1024 2221 ἢ
1047 2177 1224 2224 οὐχοῦτω
1245 2179 1451 2225 γεγενῆσθαι,
1474 2178 1548 2214 ἀλλ’
1571 2178 1616 2220 ὡς
1639 2181 1715 2220 τοὺς

165 2231 300 2272 λοιποὺς
323 2231 522 2280 ἀνθρώπους.
567 2233 698 2270 Verum
717 2234 973 2270 Ebionaeorum
992 2245 1121 2270 nomen
1136 2235 1239 2270 latius
1266 2237 1464 2272 extendisse
1479 2237 1588 2272 videri
1602 2241 1718 2284 potest

167 2289 354 2336 Origenes,
366 2293 407 2325 ut
420 2289 615 2327 Ebionaeoa
630 2291 709 2327 illos
722 2291 876 2338 appellet
891 2291 951 2338 qui
967 2302 1047 2326 cum
1061 2292 1193 2338 alioqui
1215 2292 1257 2327 de
1279 2291 1406 2328 Christi
1429 2294 1605 2329 divinitate
1625 2298 1716 2329 recte

166 2347 350 2393 sentirent,
368 2357 448 2383 cum
463 2346 659 2383 Christiana
672 2348 840 2396 religione
854 2347 1012 2384 Iudaicas
1027 2349 1236 2384 cerimoniae
1257 2350 1514 2396 amplectendas
1530 2351 1718 2387 crederent.

168 2403 267 2447 Quod
284 2404 423 2451 quidem
439 2407 534 2440 tomo
551 2403 581 2439 2.
595 2405 661 2440 sub
671 2405 809 2440 initium
821 2405 1017 2452 significare
1028 2406 1173 2442 videtur.
1219 2406 1454 2442 Theodoretus
1468 2408 1509 2442 de
1521 2408 1717 2444 Ebionaeis:

167 2461 234 2496 Τὸν
252 2460 287 2496 δὲ
303 2461 412 2508 κύριον
424 2459 552 2506 Ἰησοῦν
567 2460 704 2508 Χριστὸν
720 2459 753 2502 ἐξ
768 2460 891 2508 Ἰωσὴφ
907 2462 961 2496 καὶ
975 2465 1032 2507 τῆς
1044 2463 1171 2510 Μαρίας
1188 2461 1285 2509 ἔφησε
1301 2465 1528 2510 γεγευνῆσθαι,
1547 2463 1717 2512 ἄνθρωπον

169 2517 226 2565 μὶν
243 2514 336 2565 ὄντα,
361 2516 456 2566 ἀρετῇ
473 2518 508 2553 δὲ
523 2518 577 2552 καὶ
593 2518 789 2564 καθαρότητι
805 2520 870 2552 τῶν
884 2516 998 2554 ἄλλων
1015 2519 1209 2566 διαφέροντα
1224 2518 1307 2554 κατὰ
1324 2520 1359 2554 δὲ
1381 2521 1438 2555 τ“ον
1454 2522 1632 2558 Μωσαῖκὶτν
1657 2535 1717 2558 πο-

169 2574 336 2610 λιτεύοντα
350 2576 463 2622 νόμον.
509 2574 606 2622 Lego
622 2574 863 2622 πολιτεύονται,
878 2587 991 2623 neque
1006 2577 1051 2611 ad
1066 2575 1240 2612 Christum
1255 2577 1375 2613 referri
1388 2582 1484 2625 puto.

257 2632 300 2669 N.
311 2645 359 2669 xv.
381 2631 454 2667 Εἰσὶ
466 2631 501 2666 δὲ
517 2628 608 2667 οὗτοι
631 2629 711 2679 μετὰ
726 2631 782 2666 τὸν
799 2631 1027 2680 πατριάρχην.]
1074 2634 1161 2668 Tam
1173 2634 1448 2680 patriarcharum
1464 2647 1567 2683 quam
1579 2641 1717 2685 aposto-

170 2690 284 2726 lorum
298 2689 485 2736 dignitates
501 2701 542 2725 ac
557 2690 728 2725 vocabula
738 2690 830 2736 apud
844 2690 991 2726 Iudaeos
1006 2691 1146 2727 nonnisi
1156 2695 1238 2737 post
1252 2692 1347 2727 urbis
1363 2693 1538 2730 excidium
1551 2700 1720 2742 usurpata

170 2745 338 2783 videntur.
382 2746 434 2783 De
453 2746 656 2794 patriarchis
671 2747 707 2782 in
723 2746 850 2782 Theod.
867 2746 951 2783 God.
974 2747 1032 2783 lib.
1055 2759 1127 2783 xvr.
1147 2748 1200 2783 tit.
1222 2761 1298 2784 vm.
1320 2749 1484 2797 frequens
1505 2755 1559 2787 est
1578 2753 1719 2787 mentio.

171 2803 215 2838 Et
230 2803 370 2850 quidem
385 2805 532 2851 apostoli
546 2803 760 2851 patriarchae
775 2804 870 2838 velut
884 2815 1078 2839 assessores
1091 2815 1136 2839 ex
1152 2806 1328 2842 communi
1343 2810 1379 2842 et
1398 2809 1527 2844 usitata
1541 2810 1637 2844 vocis
1658 2821 1719 2844 no·

172 2861 266 2896 tione
279 2860 360 2896 dicti
381 2865 478 2908 sunt,
507 2862 600 2908 quod
623 2862 666 2896 ad
687 2861 876 2907 exigendas
900 2871 922 2896 a
945 2862 1135 2908 synagogis
1155 2864 1321 2910 pecunias
1342 2865 1386 2900 ab
1409 2866 1469 2900 illo
1491 2867 1718 2912 mitterentur,

173 2922 215 2953 ut
229 2929 275 2952 ex
290 2917 373 2953 eod.
388 2917 518 2955 Theod.
533 2922 630 2966 patet
643 2920 665 2954 l.
682 2930 752 2954 xiv.
774 2918 816 2953 de
836 2918 987 2961 Iudaeis;
1016 2919 1076 2965 qui
1096 2919 1192 2955 locus
1214 2921 1306 2967 quod
1328 2922 1372 2956 ad
1387 2922 1618 2970 Epiphanium
1642 2925 1719 2958 illu-

175 2974 353 3010 strandum
368 2975 538 3022 imprimis
554 2976 705 3019 confert,
720 2975 775 3010 hic
787 2975 1030 3011 adscribendus
1043 2980 1110 3011 est:
1125 2972 1396 3024 &perditioni-5,
1412 2980 1541 3027 inquit,
1558 2984 1720 3027 indt'qnae

150 3043 153 3048 ·
175 3038 240 3076 est,
260 3038 299 3067 ut
311 3033 593 3079 archisynaqoqi,
616 3036 686 3070 sive
696 3034 906 3080 presbyteri,
931 3033 1150 3077 Iudaeorum,
1165 3036 1220 3070 bel
1229 3047 1308 3082 quos
1322 3038 1392 3083 ἱροί
1407 3040 1574 3084 apostolos
1588 3045 1720 3079 vocant,

246 3101 332 3135 Corp.
343 3102 508 3131 Haereseol.
519 3103 569 3130 111.
1420 3105 1450 3141 D
