2008 3294
1565 161 1723 197 CXLVII

165 264 256 300 iores
273 264 377 308 duos,
393 264 466 303 aive
481 275 593 300 annos
613 263 688 308 168,
704 264 894 307 exenium
910 266 1016 310 *ique
1030 263 1135 300 horas
1151 265 1188 300 in
1205 275 1414 311 unaquaque
1429 263 1724 301 tessaradecaete-

165 321 237 356 ride
250 320 355 364 duaa,
368 319 438 360 hoc
453 321 485 357 si
499 332 621 357 verum
633 324 703 365 est,
718 320 1042 361 mewteris
1057 321 1194 357 Iuliana
1209 322 1282 358 dies
1298 321 1442 358 habebit
1454 321 1556 364 5113,
1578 320 1651 357 hor.
1671 322 1723 357 10.

164 377 197 412 A
211 378 345 424 quibus
357 378 511 425 ,quinque
525 377 647 414 diebus
662 378 944 425 ablati-..quiin
961 378 1099 424 cyclum
1114 383 1331 425 postremum
1352 383 1582 422 reservantur,
1605 390 1725 425 super-

165 438 250 471 sunt
261 434 367 478 6108.
378 434 434 473 10.
474 434 529 471 De
548 435 675 482 quibus
690 435 845 473 detracta
858 435 1051 482 quantitate
1067 435 1233 471 tredecim
1248 447 1421 472 annorum
1435 436 1652 473 Iuliauorum
1666 435 1725 471 de·

165 491 276 527 cimus
295 495 442 538 quartas
454 491 534 529 dies
555 492 690 528 auferet
702 492 832 540 360¹!oe
876 491 924 528 Ut
943 491 1035 539 apud
1057 491 1291 539 Epiphaniam
1311 494 1384 539 legi
1405 497 1580 540 oporteat:
1607 491 1724 527 λοιπὸν

166 547 310 595 γίνοντφι
324 546 372 590 τέ’
388 547 524 596 ἡμέραι,
547 549 601 584 καὶ
622 551 707 596 τρεῖς
729 544 812 598 ὧραι
827 548 916 597 παρὰ
930 547 1021 596 ὥραν
1038 548 1125 596 μίαν.
1173 549 1256 585 Dies
1279 554 1398 586 autem
1419 550 1457 586 in
1481 551 1578 596 cyclo
1601 549 1727 586 maiori

167 605 318 641 conflent
332 604 463 649 30680,
483 605 539 649 12,
557 607 617 653 qui
633 617 654 641 a
668 607 783 642 lunari
797 609 895 642 motu
911 606 1038 641 absunt
1053 606 1176 641 diebus
1192 606 1264 642 fere
1281 607 1432 649 duobus,
1450 606 1515 642 hoc
1532 611 1586 643 est
1603 607 1633 650 1,
1648 606 1724 644 hor.

170 661 222 699 18.
254 661 422 705 Quocirca
441 662 588 699 Iudaeos
611 663 826 711 Epiphanius
848 663 966 699 scribit
988 663 1122 698 medias
1144 664 1345 699 neomenias
1370 665 1599 711 anticipantes
1620 664 1726 700 biduo

166 719 324 755 nltimam
339 720 559 756 tricenariam
575 721 785 768 imputasse,
802 731 882 756 cum
893 720 966 756 dies
979 720 1149 756 duntaxat
1164 720 1279 756 forent
1295 720 1348 763 28,
1365 720 1438 757 hor.
1454 721 1486 758 6.
1511 722 1625 768 Atque
1641 721 1726 756 haec

166 777 336 824 posterior
359 777 447 824 cycli
470 777 698 814 conformatio
721 778 822 816 aliter
840 777 1027 816 intellectis
1044 777 1235 825 Epiphanii
1249 778 1364 813 verbis
1381 779 1566 825 approbari
1581 779 1726 814 videtur.

166 833 339 870 Nimirum
355 845 436 870 cum
452 835 571 870 scribit
586 836 688 870 tertio
706 846 845 882 qnoque
861 845 952 873 anno
975 834 1066 871 diem
1090 846 1284 870 accrescere
1307 846 1351 870 ex
1373 834 1466 870 horis
1484 835 1521 878 S,
1546 847 1635 882 quae
1658 837 1727 872 sin-

162 891 260 939 gulis
270 891 376 941 annis
392 892 573 932 accedunt.
597 891 687 929 Nam
699 891 784 938 haee
799 893 1011 943 inponunt
1025 892 1137 943 accipi
1152 896 1195 932 nt
1205 903 1299 928 anno
1315 904 1392 928 nu.
1407 891 1481 928 hor.
1499 893 1551 935 12,
1567 893 1728 930 totidem—

168 958 235 995 que
252 958 343 984 anno
360 961 432 986 xrv.
450 948 602 993 additae,
619 949 759 985 biennio
777 949 1068 999 dieucolligantg
1084 949 1176 996 quod
1191 949 1228 984 in
1244 947 1335 984 hunc
1351 961 1523 985 annorum
1541 951 1660 986 orbem
1675 951 1728 986 ln-

166 1015 269 1040 nares
284 1006 490 1043 neomeniae
507 1010 686 1054 cogantur.
732 1006 786 1042 Ita
807 1006 924 1054 cyclus
945 1006 1082 1053 integer
1101 1006 1176 1042 dies
1192 1007 1347 1054 praecise
1364 1007 1518 1054 quinque
1534 1007 1728 1054 superfluos

168 1061 235 1097 sibi
250 1063 426 1107 vendicat,
443 1075 514 1099 non
530 1064 620 1100 utin
635 1063 748 1111 priore
763 1062 927 1100 methodo
943 1062 983 1110 4⁴,
999 1061 1074 1100 hor.
1090 1063 1142 1100 16.
1181 1063 1329 1110 Reliqua
1345 1075 1364 1099 e
1381 1065 1616 1111 superioribus
1632 1065 1728 1100 facil-

166 1119 252 1155 lima
271 1124 364 1157 sunt.

258 1176 394 1224 Negare
416 1177 570 1226 profecto
594 1189 697 1214 nemo
718 1181 837 1226 puteat
858 1179 943 1226 quin
966 1178 1100 1215 utravis
1122 1179 1184 1215 illa
1203 1179 1291 1214 ratio
1314 1190 1394 1214 cum
1413 1178 1598 1226 Epiphanii
1613 1180 1728 1214 verbis

168 1237 349 1281 congruat.
374 1233 557 1277 Caeterum
571 1234 719 1272 Iudaeos
731 1235 788 1272 vel
802 1234 868 1273 hac
883 1236 939 1272 vel
956 1236 1063 1272 simili
1077 1246 1249 1272 annorum
1266 1236 1492 1284 dispositione
1508 1237 1574 1272 sub
1591 1236 1729 1280 Christi,

168 1290 323 1339 adeoque
339 1292 405 1328 snb
420 1291 564 1329 Nicaeni
579 1292 725 1329 Concilii
740 1296 898 1340 tempora
912 1304 995 1329 usos
1011 1303 1104 1337 esse,
1126 1304 1216 1341 quae
1236 1305 1259 1329 a
1273 1294 1356 1330 solis
1372 1294 1526 1330 motibus
1542 1294 1729 1338 aberraret,

168 1348 280 1385 multa
295 1352 377 1385 sunt
392 1360 481 1396 quae
496 1349 716 1396 persuadent.
750 1349 820 1385 Sed
834 1349 922 1388 illud
935 1351 1124 1398 imprimis,
1149 1351 1241 1398 quod
1262 1355 1386 1398 postea
1402 1351 1730 1394 demonstrabimus,

168 1405 300 1452 pascha
313 1406 350 1442 in
365 1410 543 1454 postremo
558 1417 695 1451 mense,
711 1407 816 1446 idest
830 1412 912 1446 ante
925 1408 1187 1455 aequinoctium
1203 1419 1224 1443 a
1235 1408 1372 1444 Iudaeis
1384 1410 1524 1456 saepius
1537 1414 1728 1456 peractum.

168 1462 320 1499 Nece-e
336 1463 522 1511 miteque
536 1464 653 1503 labem
669 1465 822 1511 aliquam
837 1465 882 1502 ad
897 1465 1048 1502 solarem
1070 1466 1209 1504 illorum
1233 1477 1365 1502 anunm
1385 1466 1568 1509 accidisse,
1590 1471 1731 1514 propter

170 1530 276 1567 quam
299 1531 320 1556 a
342 1521 456 1568 priore
479 1520 613 1568 epocha
634 1521 777 1559 luxatus
801 1522 838 1558 in
861 1522 1035 1560 anteriora
1056 1523 1256 1565 recesset-in
1281 1523 1476 1560 cuiusmodi
1498 1524 1622 1561 vitium
1645 1525 1730 1559 alias

169 1577 293 1621 tridui,
309 1577 407 1613 bidui
422 1578 509 1614 alias
525 1579 659 1622 extitit,
674 1578 710 1614 in
728 1580 843 1617 aureis
858 1580 1013 1619 numeris
1026 1591 1088 1617 xrx
1106 1584 1140 1615 et
1156 1592 1221 1615 viu
1232 1580 1493 1623 Alexandrinis,
1510 1591 1598 1627 quos
1613 1581 1731 1616 Iudaei

171 1634 346 1681 simpflcee
360 1634 570 1674 habuerunt.
600 1635 640 1671 In
655 1635 711 1672 his
728 1636 821 1672 enim
837 1636 1097 1684 decimaquarta
1117 1638 1250 1677 lunar'm
1273 1641 1308 1674 et
1330 1637 1468 1684 quidem
1487 1637 1660 1684 paschalis
1676 1637 1731 1672 Iu-

172 1691 328 1728 dsierin
348 1704 448 1730 xvm.
464 1703 504 1731 ac
522 1704 594 1730 nx.
610 1693 728 1729 Martii
751 1694 931 1737 convenit,
952 1693 1074 1738 biduo,
1098 1695 1149 1730 uti
1170 1694 1262 1737 dixi,
1284 1694 1469 1741 triduoque
1489 1699 1570 1731 ante
1585 1705 1730 1732 vernum

172 1749 440 1795 aequinoctium.
486 1748 583 1793 Quae
600 1749 741 1797 quidem
756 1750 852 1787 labes
867 1751 905 1787 iu
919 1749 987 1789 hoc
1001 1750 1187 1799 Epiphanii
1202 1751 1299 1798 cyclo
1314 1752 1483 1799 paulatim
1499 1752 1628 1787 existit.
1676 1750 1730 1785 Si-

172 1805 311 1852 quidem
326 1807 363 1842 in
379 1806 485 1853 priori
499 1806 681 1851 methodo,
705 1808 735 1843 si
757 1808 941 1846 neomenia
959 1808 1065 1855 primi
1086 1808 1216 1846 mensis
1230 1807 1729 1855 ogdoecontatessaraeteridos

171 1862 481 1910 inaequinoctium
501 1864 649 1907 incidat,
671 1868 797 1911 utputa
818 1864 874 1902 22.
890 1865 1008 1901 Martii
1028 1870 1109 1912 post
1131 1864 1175 1900 84
1191 1876 1301 1902 annos
1325 1866 1368 1900 ad
1385 1865 1440 1901 20.
1461 1864 1656 1911 perveniet,
1679 1868 1728 1899 at-

171 1930 238 1966 que
253 1920 305 1957 ita
319 1919 481 1968 deinceps
492 1920 582 1957 «ατὰ
598 1919 774 1968 μετάβασιν
796 1920 838 1963 εἰς
859 1919 900 1956 τὰ
922 1922 1173 1968 προηγούμενα,
1198 1922 1265 1959 nisi
1287 1921 1516 1967 castigatione
1539 1925 1574 1956 et
1595 1921 1730 1958 dierum

171 1974 361 2014 adiectione
382 1981 596 2022 coerceatnr3
619 1977 710 2024 quod
734 1978 920 2014 identidem
941 1978 1068 2014 secisse
1089 1982 1284 2026 temporum
1303 1977 1395 2024 apud
1409 1977 1556 2013 ludaeos
1572 1978 1728 2014 modera-

169 2037 263 2073 tores
276 2034 465 2070 verisimile
481 2039 551 2077 est,
575 2045 616 2070 ac
636 2035 840 2071 neomenias
862 2035 1050 2082 aliquando
1069 2035 1199 2071 tardius
1214 2034 1394 2071 indixisse.
1426 2035 1472 2070 At
1486 2035 1521 2070 in
1538 2037 1728 2082 posteriore

169 2088 331 2128 methodo
347 2096 430 2139 post
442 2091 612 2131 &tannes
628 2092 833 2128 neomeniae
848 2091 1009 2130 Iudaicae
1024 2092 1068 2127 ad
1085 2092 1222 2128 eosdem
1235 2091 1386 2127 Iulianos
1399 2091 1472 2128 dies
1487 2092 1649 2136 redeunt,
1666 2094 1727 2130 sed

171 2148 338 2183 coelestes
359 2149 560 2184 neomenias
583 2160 654 2184 uno
680 2149 750 2192 die,
771 2148 868 2186 horis
881 2149 901 2184 7
918 2150 1121 2196 anticipant.
1153 2149 1264 2190 Quare
1280 2149 1393 2195 prima
1408 2149 1468 2183 illa
1484 2150 1571 2184 ratio
1588 2151 1630 2185 ad
1647 2151 1726 2197 Epi-

170 2204 291 2252 phanii
305 2210 456 2241 mentem
472 2207 670 2253 plusculum
685 2206 822 2243 videtur
836 2207 1016 2249 accedere,
1037 2217 1116 2241 cum
1138 2205 1183 2239 ab
1207 2205 1425 2251 aequinoctio
1448 2208 1652 2252 praesertim
1674 2219 1726 2244 re·

172 2262 316 2299 cessisse
331 2262 488 2299 Iudaicas
505 2264 708 2300 neomenias
725 2264 919 2300 existimari
933 2264 1026 2299 velit.
1060 2261 1129 2296 Sed
1146 2266 1184 2296 ut
1199 2262 1284 2308 ipsis
1299 2263 1549 2309 propemodum
1565 2265 1725 2300 sensibus

172 2331 227 2355 ras
247 2323 325 2359 tota
347 2320 564 2364 subiciatur,
587 2321 677 2367 cycli
699 2320 830 2356 Iudaici
853 2320 1011 2362 maioris,
1033 2318 1106 2355 sive
1129 2319 1519 2356 tessaradecaeteridum
1544 2333 1579 2356 vr
1602 2326 1726 2368 typum

171 2375 227 2412 hic
243 2376 406 2417 adtexam
423 2388 464 2412 ea
480 2377 574 2413 civili
588 2378 702 2413 forma
718 2388 759 2415 ae
774 2377 1014 2424 dispositione,
1034 2386 1123 2422 quae
1139 2386 1182 2411 ex
1199 2375 1383 2422 Epiphanii
1399 2376 1631 2423 disputatione
1646 2390 1725 2425 pro-

171 2433 330 2470 babiliter
345 2434 481 2472 institui
493 2438 627 2482 potest;
651 2445 696 2470 ex
713 2445 783 2480 qua
797 2433 1020 2470 manifestum
1036 2432 1117 2474 erit,
1141 2432 1434 2478 quemadmodum
1455 2435 1659 2470 neomeniae
1674 2436 1726 2471 bi·

172 2490 240 2527 duo
252 2491 298 2526 ab
309 2491 442 2538 epocha
453 2492 559 2527 solari
570 2491 737 2538 paulatim
750 2491 784 2525 in
798 2486 969 2526 anteriora
981 2489 1169 2525 discedant.
1194 2488 1360 2524 Sumatur
1373 2490 1492 2535 igitur,
1509 2495 1547 2525 ut
1561 2492 1597 2526 in
1613 2492 1726 2538 prima

171 2547 334 2584 methodo
350 2548 478 2584 dictum
495 2553 564 2592 est,
586 2548 675 2594 cycli
695 2547 835 2582 maioris
859 2546 1034 2592 quantitas
1057 2546 1190 2581 dierum
1205 2545 1328 2581 30679.
1376 2545 1482 2582 Cuius
1502 2548 1641 2584 initium
1663 2549 1724 2584 du-

174 2608 274 2641 catur
284 2606 328 2641 ab
345 2616 436 2643 anne
452 2617 523 2653 per.
538 2606 600 2640 Iul.
617 2603 716 2646 4663,
733 2603 828 2648 cyclo
843 2603 947 2638 lunae
963 2602 1006 2645 8,,
1022 2603 1106 2637 solis
1127 2602 1190 2645 15..
1211 2602 1312 2637 litera
1327 2601 1373 2658 O³
1394 2613 1486 2641 anno
1502 2608 1583 2640 ante
1599 2605 1725 2642 Christi
1758 2626 1787 2652 p.
1801 2619 1860 2646 166.

174 2661 326 2700 natalem
340 2662 396 2698 51.
441 2662 494 2698 Ita
515 2673 594 2697 cum
610 2660 737 2696 Christi
758 2660 876 2706 passio
899 2670 944 2694 ex
959 2658 1145 2705 Epiphanii
1166 2659 1336 2694 sententia
1355 2660 1456 2695 cadat
1469 2661 1507 2701 in
1521 2672 1652 2699 annum
1666 2664 1722 2700 Iu-

174 2718 308 2756 lianum
322 2718 394 2763 76„
411 2730 510 2755 aerae
527 2718 739 2754 Christianae
756 2716 951 2752 communis
964 2714 1038 2758 31..
1053 2716 1118 2751 erit
1132 2716 1162 2750 is
1178 2726 1290 2752 annus
1307 2716 1396 2762 cycli
1409 2717 1551 2754 maioris
1567 2719 1638 2763 82„
1654 2725 1721 2756 tes-

176 2775 478 2814 saradeeaeteridis
492 2787 573 2811 vero
589 2778 708 2810 sextae
724 2783 836 2808 annus
856 2771 924 2815 13„
941 2772 1036 2817 cyclo
1052 2771 1203 2808 Nicaeno
1222 2771 1294 2826 13„
1305 2771 1390 2808 solis
1409 2773 1479 2818 12„
1492 2775 1545 2812 lit.
1562 2776 1603 2813 G.

265 2831 327 2868 ms
356 2832 601 2868 animadversis
632 2830 862 2867 constituatur
883 2829 1068 2865 neomenia
1090 2828 1199 2864 Nisan
1221 2829 1319 2875 orele
1340 2829 1493 2867 Nicaeno
1516 2832 1549 2868 8.
1570 2834 1607 2870 in
1629 2845 1720 2870 anno

177 2888 288 2935 primo
303 2889 567 2925 tessaradecaEt.
582 2889 715 2936 primae
732 2886 860 2933 Aprilis
874 2898 921 2922 γι.
951 2885 1088 2921 Etenim
1104 2897 1195 2924 auno
1210 2885 1342 2933 periodi
1355 2887 1508 2925 Iulianae
1523 2890 1639 2935 4663„
1663 2903 1721 2938 cy-

179 2945 233 2980 clo
249 2944 299 2988 8„
321 2946 536 2985 novilunium
550 2946 704 2983 medium
720 2955 765 2978 ex
781 2942 919 2978 Mfilleri
933 2942 1076 2978 Tabulis
1093 2943 1213 2978 accidit
1225 2943 1308 2990 Apr.
1322 2956 1370 2981 vr.
1387 2945 1479 2981 circa
1493 2948 1644 2984 mediam
1659 2961 1720 2983 no-

180 3006 288 3047 ctem,
310 3001 374 3037 hoc
397 3005 449 3038 eat
468 3003 550 3050 Apr.
567 3003 599 3038 6.
613 3003 648 3039 O.
666 2998 733 3037 58'.
764 3000 930 3046 Reliquae
946 3000 1356 3036 neomeniaenecessario
1373 3007 1538 3040 contextu
1556 3016 1631 3041 sese
1646 3009 1718 3041 toto

1396 3071 1452 3107 K.
