2008 3294
229 1612 258 1638 p.
271 1604 311 1632 1⁵.

348 201 432 238 XIV

439 302 497 344 Ἐξ
513 298 559 338 ὧν
577 303 609 338 αἱ
626 302 752 349 φυλαὶ]
791 303 843 340 De
858 303 1130 340 sarracenorum
1152 303 1268 350 φυλαῖς
1289 307 1324 340 et
1340 303 1519 353 φυλάρχοις
1534 306 1697 353 frequens
1713 307 1805 354 apud
1817 307 1900 343 Pro·

349 361 663 409 eopiumaliosque
677 361 820 397 mentio.
1823 368 1827 371 *

438 418 495 458 Ἐξ
512 413 612 464 οὗπερ
635 417 809 464 πέμπει-σᾳ]
846 418 899 454 De
918 418 995 454 Iobi
1015 419 1123 466 stirpe
1144 422 1181 454 et
1201 418 1335 465 origine
1355 429 1427 456 non
1449 419 1571 456 eadem
1589 419 1658 455 fuit
1678 421 1900 468 antiquorum

349 476 476 522 opinio.
515 475 584 510 Sed
607 485 714 521 quam
733 474 946 523 Epiphanius
969 477 1142 523 sequitur,
1173 486 1216 511 ea
1242 477 1437 512 communis
1463 477 1687 524 maximeque
1713 478 1901 524 probabilis

348 537 418 568 est:
448 533 510 568 Iob
533 532 682 568 eundem
703 543 780 568 esse
803 543 884 568 eum
903 532 1029 577 lebab,
1058 533 1100 568 de
1116 544 1185 580 quo
1204 532 1330 570 Genes.
1345 545 1472 578 mvr,
1487 533 1544 571 33.
1585 533 1684 576 Quod
1699 535 1737 569 in
1752 534 1901 571 editione

347 602 419 625 ux
440 590 484 624 ad
506 590 639 624 calcem
660 590 741 625 libri
758 589 820 626 Iob
843 590 1049 626 adnotatum
1070 593 1138 625 est:
1171 589 1258 624 ὥστε
1279 586 1359 624 εἶναι
1381 590 1478 626 αὐτὸν
1495 591 1643 638 πέμπτον
1659 590 1724 626 ἀπὸ
1740 589 1901 639 Ἀβραὰμ,

348 647 490 682 excluso
507 647 639 682 scilieet
651 647 843 691 Abraamo,
864 651 905 683 ut
917 647 1133 695 Epiphanius
1148 647 1404 694 iuterpretatur.
1442 647 1494 683 De
1517 659 1584 695 quo
1606 649 1685 684 vide
1706 659 1787 684 eum
1803 649 1901 695 alios,

347 708 423 738 tum
439 703 620 740 Saliarium
634 708 810 747 nostrum,
827 705 888 752 qui
903 705 944 740 de
960 705 1036 740 Iobi
1050 704 1214 748 historia,
1229 708 1270 739 ut
1284 707 1320 740 et
1334 704 1376 740 de
1393 705 1554 749 caeteris,
1569 706 1741 741 luculente
1757 705 1902 743 erudite-

373 771 416 796 ue
431 761 499 796 scri
523 761 580 798 sit.

348 772 371 807 q
440 772 522 852 ’Exi'
533 817 590 862 τὴν
605 818 861 866 Μεσοποταμίαν
878 818 1022 864 Φαδάν.]
1053 819 1309 866 Mesopotamia
1323 819 1419 860 ΕἿΝ
1443 821 1543 880 rm,
1569 819 1698 855 Padan
1716 820 1828 856 Aram
1843 831 1903 868 ap-

346 875 495 922 pellatur
511 875 639 913 Genes.
655 888 726 912 xxv
741 879 778 912 et
787 889 912 915 xxvm.
946 877 1015 912 Sed
1031 887 1120 923 quae
1136 877 1183 912 sit
1196 876 1304 912 altera
1315 876 1569 923 Mesopotamia
1581 876 1734 921 Susoba,
1748 877 1904 913 nondum

347 933 516 979 comperi,
538 944 602 968 nec
617 934 690 968 ulla
705 934 780 969 eius
796 934 949 969 nominis
965 934 1122 970 occurrit.

437 989 478 1025 N.
489 1002 540 1026 tx.
565 990 620 1025 Ἐν
636 989 864 1038 ἑβδομήκοντα
879 991 1020 1037 ψυχῶν]
1061 990 1156 1027 Oorr.
1173 990 1306 1038 ψυχαῖς.
1345 990 1397 1026 De
1412 1002 1557 1027 numero
1571 990 1742 1027 dissident
1755 991 1904 1028 Hebraei

346 1046 531 1094 Latinique
546 1047 681 1083 codices
696 1059 718 1083 a
729 1060 800 1084 nn
811 1047 1032 1091 Senioribus,
1047 1048 1238 1084 secundum
1254 1059 1341 1095 quos
1353 1049 1429 1085 Act.
1442 1061 1503 1092 vn,
1518 1048 1571 1084 14.
1602 1047 1798 1096 Stephanus
1809 1061 1904 1085 mxxv

347 1104 483 1139 animas
504 1109 701 1140 enumerat:
729 1115 931 1152 quanquam
950 1105 1055 1140 iidem
1076 1105 1128 1140 illi
1143 1117 1214 1140 ιιι
1234 1105 1373 1141 Denter.
1395 1117 1436 1149 x,
1465 1105 1508 1140 22
1535 1117 1607 1141 non
1628 1106 1746 1152 plures
1769 1106 1903 1142 animas

347 1172 454 1207 quam
469 1163 693 1208 septuaginta
707 1165 909 1208 posuerunt.
938 1161 991 1197 De
1006 1161 1072 1197 hac
1087 1162 1289 1209 quaestione
1307 1162 1382 1198 vide
1393 1162 1532 1198 Hieron.
1548 1163 1586 1198 in
1597 1162 1726 1198 Tradit.
1739 1166 1776 1198 et
1783 1163 1904 1210 Augu·

346 1219 428 1254 stin.
446 1217 586 1260 Quaest.
604 1230 688 1255 cnn.
705 1219 742 1254 in
759 1219 885 1255 Geues,
901 1222 938 1254 et
952 1231 1024 1256 xvr.
1042 1219 1083 1254 de
1100 1219 1200 1256 civit.
1216 1219 1281 1254 Dei
1297 1230 1372 1266 cap.
1388 1219 1444 1255 40.

439 1273 496 1309 Ἐν
513 1277 645 1322 χρόνοις
661 1275 859 1320 Μωϋσέως.]
896 1275 1006 1311 Prava
1025 1276 1256 1324 interpunctio
1276 1276 1503 1312 falsissimam
1523 1277 1732 1313 sententiam
1747 1277 1904 1315 hocloco

346 1333 495 1379 peperit:
512 1344 637 1380 nempe
651 1334 772 1380 quinta
787 1335 881 1379 γενεᾷ
895 1333 1079 1380 utrobique
1094 1337 1168 1368 tam
1182 1334 1220 1369 in
1235 1334 1342 1380 stirpe
1357 1333 1457 1377 Levi,
1474 1345 1580 1381 quam
1590 1334 1714 1378 Iudae,
1729 1334 1903 1371 israelitas

346 1401 392 1425 ex
407 1390 567 1437 Aegypto
583 1390 765 1437 migrasse.
803 1390 903 1425 Dixit
917 1390 1010 1426 enim
1025 1391 1130 1437 paulo
1146 1394 1243 1426 ante:
1266 1391 1437 1426 mansisse
1459 1391 1538 1427 illos
1560 1392 1597 1427 in
1613 1391 1772 1439 Aegypto
1795 1392 1903 1438 γενεὰς

346 1447 455 1492 πέντε,
484 1458 570 1494 quas
593 1447 716 1483 deinde
738 1447 943 1494 singillatim
963 1451 1154 1494 percenset.
1201 1447 1309 1495 Atqui
1329 1448 1372 1484 de
1394 1449 1470 1484 sela
1491 1448 1527 1484 id
1548 1448 1702 1485 Levitiea
1723 1453 1900 1496 uteunque

346 1515 467 1540 verum
483 1508 550 1548 est;
574 1505 612 1541 in
627 1504 733 1541 Iudae
749 1506 856 1552 stirpe
870 1505 1009 1541 falsum.
1046 1505 1140 1540 Haeo
1155 1505 1249 1540 enim
1265 1509 1318 1541 est
1333 1506 1512 1553 utriusque
1527 1506 1645 1544 serios.

1073 1596 1177 1632 Iacob

752 1653 838 1690 Levi
1293 1653 1380 1690 Iuda

754 1710 863 1748 Gaatb
1295 1710 1424 1747 Phares

756 1768 900 1804 Amram
1296 1768 1432 1805 Hesron

753 1826 895 1873 Moyses
1293 1825 1383 1861 Ram

1294 1882 1489 1918 Aminadab

1292 1939 1453 1976 Naasson

436 2021 636 2069 Aegyptum
657 2022 836 2068 ingressus
860 2024 914 2057 est
935 2021 1056 2064 Iacob,
1081 2031 1160 2057 cum
1181 2020 1253 2056 iam
1268 2018 1378 2056 Gaath
1401 2022 1562 2067 nepotem
1579 2030 1625 2056 ex
1639 2019 1724 2056 Levi
1738 2019 1812 2056 filio
1829 2031 1905 2057 sus·

347 2079 503 2127 cepisset.
542 2078 774 2122 Quamobrem
796 2080 891 2126 prius
913 2078 999 2114 illud
1018 2078 1147 2114 falsum
1169 2081 1238 2121 est,
1262 2077 1355 2112 πέντε
1379 2076 1488 2123 γενέας
1510 2077 1548 2113 in
1567 2077 1728 2125 Aegypto
1751 2088 1905 2114 commo—

347 2141 441 2172 ratos
463 2136 600 2172 Israelis
623 2140 798 2183 posteros,
819 2147 900 2172 cum
923 2136 1012 2172 duae
1035 2139 1096 2171 aut
1112 2135 1157 2171 ad
1171 2145 1350 2171 summum
1365 2137 1436 2170 tres
1451 2133 1622 2170 duntaxat
1636 2134 1905 2172 intercesserint.

346 2194 537 2238 Posterius,
562 2193 655 2242 quod
677 2194 728 2229 ait
748 2194 870 2240 quinta
893 2196 986 2240 γενεᾷ
1001 2193 1186 2229 liberatum
1202 2203 1279 2228 esse
1294 2192 1480 2239 populum,
1503 2191 1690 2234 commoda
1703 2192 1906 2240 interpreta-

347 2253 441 2288 tione
461 2253 511 2287 sie
528 2250 762 2287 adiuvandum
779 2254 848 2293 est,
873 2254 912 2286 ut
934 2251 1094 2298 quintum
1114 2254 1219 2297 caput
1233 2260 1294 2297 per
1310 2247 1421 2295 γινίοιν
1436 2249 1621 2296 intelligat.
1661 2249 1750 2286 Nam
1765 2251 1905 2298 Moyses

348 2321 370 2344 a
385 2309 509 2345 Iacobo
527 2309 668 2356 quintus
691 2312 755 2345 est.
794 2308 965 2345 Neutrum
979 2308 1017 2344 in
1032 2308 1139 2355 stirpe
1154 2307 1260 2343 Iudae
1275 2305 1461 2354 procedere
1476 2309 1602 2354 potest.
1641 2305 1821 2354 Siquidem
1836 2307 1905 2344 Na-

346 2378 454 2403 asson
469 2377 492 2403 a
507 2367 632 2402 Iacobo
649 2367 819 2413 septimus
835 2369 899 2403 est.
938 2365 1031 2413 Ergo
1051 2366 1101 2401 ita
1119 2365 1234 2401 locum
1250 2362 1434 2411 Epiphanii
1449 2363 1702 2410 concipiemus:
1726 2363 1758 2399 iv
1773 2366 1905 2413 χρόνοις

348 2424 516 2464 Μωῦσίως
532 2424 586 2459 καὶ
603 2422 775 2459 Ναασσών·
800 2422 930 2471 πέμπτῃ
947 2425 1042 2470 γενεᾷ
1057 2420 1141 2458 κατὰ
1156 2420 1212 2457 τὶιν
1229 2421 1303 2457 Λευὶ
1319 2418 1430 2462 ἔξεισιν
1446 2424 1510 2458 ete.
1546 2422 1673 2463 Quinta
1687 2425 1905 2468 yenerats'one

348 2484 517 2517 duntaxat
531 2484 567 2516 in
582 2484 670 2517 ἐπὶ·
686 2481 782 2519 Levi.
815 2480 915 2524 Quod
930 2479 1162 2516 adiiciendum
1176 2479 1254 2515 ideo
1269 2478 1353 2522 tuit,
1369 2478 1451 2526 quia
1466 2478 1588 2514 ambas
1604 2479 1694 2514 inter
1705 2490 1744 2515 se
1755 2478 1905 2516 familias

347 2539 605 2587 permiscuerat.
645 2538 698 2574 Ad
714 2549 863 2585 eumque
878 2538 1022 2575 modum
1038 2536 1241 2584 corrigenda
1255 2539 1290 2573 et
1305 2535 1544 2583 Interpretatio
1560 2539 1691 2572 nostra.

437 2596 513 2633 Huc
534 2596 595 2632 illa
617 2596 760 2631 celebris
780 2599 816 2631 et
838 2607 859 2631 a
881 2594 1104 2642 chronologis
1126 2597 1255 2631 vexata
1278 2593 1436 2641 quaestio
1450 2593 1617 2640 pertinet:
1643 2596 1729 2640 quot
1743 2604 1852 2631 annos
1868 2594 1904 2631 in

348 2654 508 2700 Aegypto
530 2653 705 2689 israelitae
728 2652 1000 2700 permanserint3
1030 2662 1137 2700 quam
1156 2662 1200 2688 ne
1223 2651 1395 2698 attingam
1416 2649 1481 2686 hoe
1504 2650 1599 2694 loco,
1623 2661 1704 2687 cum
1725 2661 1860 2695 eorum,
1884 2661 1906 2687 a

350 2711 478 2757 quibus
494 2715 548 2746 est
562 2714 710 2746 tractata
724 2710 906 2757 diligentia
921 2714 956 2745 et
971 2709 1088 2757 copia,
1103 2712 1178 2745 tum
1194 2709 1353 2745 instituta
1367 2710 1530 2744 notarum
1546 2707 1696 2743 brevitas
1711 2707 1878 2745 hortatur.

441 2763 506 2801 Ἦν
524 2767 559 2802 δὲ
575 2766 647 2803 κατ’
664 2766 766 2802 aava
780 2769 922 2814 καιροῦ.]
944 2766 1126 2803 Veteribus
1139 2769 1219 2802 ante
1227 2764 1416 2802 Eusebium
1427 2764 1588 2800 omnibus
1599 2765 1904 2812 persuasissimum

349 2828 439 2867 erat,
457 2825 588 2871 Moysis
605 2825 789 2872 σύγχρονον
806 2822 972 2860 Inachum
988 2823 1114 2867 fuisseg
1138 2827 1177 2860 ut
1190 2821 1353 2870 Iosepho,
1377 2820 1560 2865 Clementi,
1577 2821 1742 2866 Tatium,
1758 2823 1903 2859 caeteris

349 2882 507 2929 denique.
548 2882 702 2924 Quorum
724 2881 863 2929 quidem
886 2892 1037 2918 errorem
1059 2880 1243 2928 castigavit
1263 2878 1433 2916 Eusebius
1457 2882 1492 2915 et
1509 2877 1678 2916 Inachum
1701 2883 1781 2916 ante
1797 2880 1903 2916 Israe-

350 2940 487 2974 litarum
512 2940 758 2985 migrationem
781 2939 882 2975 anuis
903 2939 1013 2975 ferme
1037 2948 1191 2975 cccxx-vr
1213 2936 1370 2974 extitisse
1386 2936 1512 2973 docuit.
1554 2935 1668 2979 Quare
1684 2937 1904 2974 vehementer

349 2997 471 3039 miror,
487 2995 735 3044 Epiphaniam,
758 2997 817 3044 qui
835 2996 1023 3032 Eusebium
1038 2996 1074 3033 in
1091 2995 1272 3038 omnibus,
1294 3004 1383 3042 quae
1399 2993 1443 3030 ad
1458 2997 1653 3042 temporum
1668 2992 1838 3031 rationem
1854 2998 1904 3031 at-

349 3054 477 3097 tinent,
494 3058 659 3101 perpetuo
675 3054 846 3101 sequitur,
864 3054 929 3098 ibi,
945 3053 1007 3091 ubi
1022 3053 1165 3090 minime
1181 3052 1348 3101 oportuit,
1365 3052 1409 3088 ab
1426 3051 1500 3089 eius
1517 3052 1702 3089 autoritate
1718 3051 1903 3090 descivisse
