1968 3294
693 223 752 259 AD
775 222 936 258 Fame.
959 223 1223 261 OEHLERUM.
1710 219 1737 259 5

179 301 234 336 nia
251 302 432 347 compilare
450 301 595 336 voluisse
613 304 830 348 postmodum
851 303 985 338 viderer
994 304 1035 347 ⁸).
1083 304 1239 338 Ceteram
1257 305 1299 339 ab
1316 303 1498 349 Epiphanii
1512 304 1578 339 Tui
1594 305 1739 340 lectori-

178 359 240 393 bus
272 359 436 401 eandem,
469 371 567 406 qaam
594 361 670 402 Tu,
705 361 835 395 veniam
866 367 972 407 peto,
1005 360 1159 394 nimirum
1182 374 1258 395 meo
1283 362 1319 395 in
1341 361 1457 394 labore
1493 367 1530 394 ut
1564 374 1632 395 non
1666 370 1739 397 tam

177 423 350 461 spectent,
386 416 466 462 quid
499 428 566 451 non
588 418 832 463 praestiterim,
863 429 962 464 qnam
995 417 1075 463 quid
1110 418 1357 463 praestiterim,
1392 418 1590 463 praesertim
1622 431 1736 465 quum,

177 472 268 518 quod
291 474 342 507 Te
365 473 500 507 minime
527 475 610 508 latet
624 501 634 519 ‚
671 475 758 509 hanc
792 487 924 522 qnoque
959 474 1103 520 opellam
1141 475 1349 520 philologam
1383 475 1624 510 elaboraverim
1646 476 1736 511 inter

175 530 339 564 bonorum
361 531 547 565 stadiorum
570 531 811 577 impedimenta
832 531 974 567 maxima
985 557 997 574 ,
1021 538 1056 566 et
1080 543 1164 578 quae
1187 532 1277 566 lund
1299 533 1370 567 scio
1392 545 1434 567 an
1460 533 1609 578 quemvis
1633 534 1737 569 alium

175 587 217 620 ab
240 587 306 621 illis
330 587 532 622 deterreant.

264 645 360 678 Faxit
382 657 463 680 vero
489 647 576 680 Deus
599 647 751 693 Optimus
777 647 949 690 Maximus,
979 653 1016 680 ut
1036 647 1173 680 tandem
1196 646 1376 693 aliquando
1401 648 1495 682 hisee
1517 647 1639 683 studiis
1664 649 1733 683 ho-

173 707 267 735 neste
291 708 325 734 et
350 714 390 736 ex
414 703 569 749 professo
594 704 707 738 vivere
730 705 876 750 possim,
912 712 1015 750 utque
1038 715 1083 738 ne
1105 704 1139 738 in
1163 711 1363 749 perpetuum
1395 704 1483 739 inter
1515 705 1733 743 humanitatis

260 875 296 920 ⁴)
322 876 357 908 ln
381 875 523 920 gratiam
547 887 684 921 eorum,
708 876 763 922 qai
786 875 894 911 minus
917 883 1064 918 norunt,
1098 888 1183 923 quae
1208 887 1271 923 ego
1295 876 1329 910 iu
1366 887 1492 921 genere
1524 876 1732 921 philologiae

168 931 395 977 patrologicae
419 933 588 966 elaboravi
612 933 758 979 scripta,
794 945 815 967 a
838 944 893 967 me
915 933 948 967 in
971 934 1023 967 his
1048 934 1216 980 Symbolis
1244 933 1430 967 identidem
1465 932 1588 973 citata,
1622 934 1729 967 visum

168 996 221 1023 est
244 1001 283 1023 ea
306 989 372 1023 hoc
394 989 471 1023 loco
506 1002 709 1027 enumerare.
758 994 842 1024 sunt
866 998 976 1025 autem
1001 991 1103 1025 haec:
1142 993 1192 1027 1⁰.
1212 993 1248 1026 S.
1271 993 1412 1025 Basilius
1436 993 1574 1033 Maynus
1596 993 1729 1026 Plotini-

165 1057 264 1089 wm,
298 1047 565 1093 supplementum
601 1047 757 1081 editionis
791 1047 916 1082 Plotini
951 1048 1208 1087 Creuzerianae,
1258 1047 1369 1081 Basilii
1403 1049 1449 1081 M.
1487 1048 1725 1083 Garnerianae.

167 1104 314 1144 Bernae,
350 1104 439 1149 apud
467 1105 498 1137 C.
528 1108 564 1138 A.
596 1105 744 1138 lennium
767 1104 880 1138 filium.
928 1105 1286 1140 MDcccxxxvm.
1312 1103 1367 1139 ⁴2⁰.
1397 1124 1440 1131 -
1487 1105 1542 1140 2⁰.
1568 1108 1724 1140 Animad-

163 1163 319 1195 versiones
340 1164 374 1196 in
398 1164 432 1196 S.
455 1164 569 1197 Basilii
592 1165 702 1205 Magni
725 1173 841 1205 opero,
873 1163 1143 1209 supplementum
1167 1162 1326 1196 editionis
1352 1162 1579 1196 Garnerianae
1602 1174 1726 1196 secun-

164 1217 238 1252 dae.
287 1219 476 1253 Fasciculus
502 1221 513 1252 l
525 1245 533 1259 ‚
560 1219 735 1253 continens
758 1220 1063 1254 animadversiones
1086 1221 1120 1254 in
1145 1228 1228 1254 tom.
1250 1221 1274 1253 l.
1322 1219 1498 1254 Accedunt
1522 1219 1726 1253 emblemata

164 1275 360 1310 Plutarchea
396 1288 435 1310 ex
462 1276 570 1310 Basilii
596 1277 694 1311 Hom.
719 1277 753 1310 in
778 1277 895 1311 Psalm.
920 1277 1013 1311 XlV.
1064 1278 1190 1311 Ber'nae
1223 1284 1257 1310 et
1292 1279 1326 1311 S.
1354 1277 1442 1310 Galli
1477 1277 1724 1311 Helvetiorum.

161 1332 324 1378 impensis
358 1333 484 1367 Huberi
520 1341 554 1367 et
578 1336 654 1368 Soc.
686 1335 729 1375 (l.
752 1334 937 1371 Koerberi)
961 1334 1226 1369 MDCCCXLH.
1250 1335 1305 1370 80.
1330 1355 1373 1361 -—
1421 1335 1477 1370 3⁰.
1503 1342 1539 1368 et
1562 1334 1616 1368 4⁰.
1645 1337 1722 1369 Gen-

161 1400 254 1425 surae
280 1392 468 1433 Specimlnis
497 1401 598 1425 novae
630 1393 775 1425 editionis
807 1393 1028 1426 cohortationis
1052 1394 1085 1427 S.
1109 1394 1223 1426 Basilii
1246 1395 1356 1436 Magni
1378 1395 1422 1426 ad
1455 1394 1664 1426 adolescentes
1684 1394 1723 1426 de

160 1449 295 1482 utilitate
318 1458 334 1481 e
356 1450 444 1482 libris
473 1451 636 1490 gentilium
669 1451 825 1491 capienda
861 1449 914 1483 ed.
939 1450 972 1483 P.
1001 1449 1036 1484 C.
1073 1450 1168 1484 Hess.
1205 1450 1415 1484 Helmstadii.
1451 1449 1721 1483 MDCCCXLH.

159 1504 245 1546 (vid.
269 1507 443 1548 zeitschrift
476 1507 530 1548 sur
562 1507 613 1539 die
646 1496 1051 1550 Alterthumswissensehass
1089 1506 1183 1542 1543.
1217 1519 1249 1552 p.
1272 1508 1525 1542 1012—1020.
1550 1513 1601 1541 et:
1638 1509 1722 1541 Neue

159 1563 352 1597 Jahrbocner
377 1564 430 1605 [tir
455 1564 625 1605 Philoloyie
647 1565 714 1597 und
739 1565 937 1606 Pddaqoyilt.
968 1563 1062 1599 1548.
1087 1564 1164 1599 vol.
1186 1565 1319 1598 XLlX.
1346 1565 1438 1598 Fasc.
1467 1565 1520 1598 lV.
1555 1576 1588 1609 p.
1606 1564 1720 1599 371—

160 1616 256 1659 425).
279 1637 323 1646 -
369 1621 423 1654 5⁰.
450 1621 742 1654 Animadversiones
772 1622 805 1654 in
827 1623 1028 1662 posteriorem
1057 1625 1182 1663 partem
1207 1623 1365 1655 Basilioni
1388 1624 1531 1663 opusculi
1553 1623 1593 1655 de
1616 1624 1720 1664 leyen-

159 1677 211 1709 dis
230 1678 392 1718 yentilium
410 1678 507 1710 libris.
528 1676 612 1721 (vid.
634 1679 747 1712 Archiv
765 1679 819 1719 [iar
839 1679 1013 1720 Philoloqie
1031 1680 1098 1712 und
1116 1680 1316 1721 Ptidayoyik.
1338 1679 1411 1712 Vol.
1427 1679 1525 1712 Xlll.
1552 1679 1645 1713 Fasc.
1662 1681 1722 1716 111.

158 1743 193 1777 p.
211 1731 438 1778 455—473).
461 1753 502 1759 —
558 1733 614 1768 6⁰.
640 1736 835 1777 Lesefriachte
857 1737 1105 1776 byzantinischer
1135 1738 1317 1779 Theotoyie:
1347 1738 1372 1770 1.
1396 1738 1547 1770 Nikolaos
1578 1739 1718 1771 Kabasi-

157 1791 215 1823 las.
249 1789 333 1833 (vid.
360 1792 574 1833 Theoloqisehe
596 1793 728 1825 Studien
750 1793 818 1825 und
842 1793 995 1826 Kritilten.
1022 1790 1118 1826 1543.
1152 1804 1184 1837 p.
1202 1792 1432 1838 721—746).
1458 1811 1500 1818 —
1547 1793 1603 1826 ‘'0.
1628 1796 1717 1827 Mar·

155 1857 211 1880 cus
226 1848 401 1889 Eugenicus
422 1850 496 1880 uber
513 1849 563 1882 die
580 1850 764 1882 moralisehe
781 1850 950 1883 Schwtiche
970 1851 1025 1882 des
1045 1851 1218 1883 Menschen.
1264 1852 1330 1884 Aus
1350 1852 1407 1884 der
1424 1852 1595 1884 Munchner
1605 1852 1718 1885 Hand·

154 1905 263 1946 sehnist
285 1901 350 1937 495
375 1914 448 1938 zum
470 1909 569 1939 ersten
593 1907 676 1940 Mate
698 1908 764 1940 und
787 1909 844 1940 mit
866 1907 1106 1949 Anmerkunyen
1137 1908 1396 1950 heransqeqeben.
1430 1907 1515 1952 (vid.
1541 1910 1718 1951 Zeitsctuift

153 1961 207 2003 fiir
241 1961 292 1994 die
322 1962 502 1995 metm-isene
522 1964 693 2006 Theoloyie.
720 1963 816 1998 1835.
852 1964 943 1996 Fasc.
962 1964 1015 1997 lV.
1051 1975 1084 2008 p.
1102 1963 1145 1998 42
1165 1964 1293 2010 -73).
1317 1983 1363 1990 —
1419 1968 1475 1999 6⁰.
1516 1965 1715 2000 Dissertatio

153 2016 365 2062 theologica,
389 2029 452 2063 qua
477 2018 687 2064 disputatur,
711 2019 755 2053 ad
779 2032 941 2066 quosnam
965 2021 1131 2066 pertineat
1157 2021 1334 2066 promissio
1358 2021 1501 2067 Spiritus
1525 2023 1634 2057 sancti
1654 2035 1713 2057 se-

154 2074 298 2108 cundum
330 2075 420 2108 Novi
443 2075 603 2110 Foederis
626 2076 825 2111 doctrinam.
874 2079 964 2112 Inest
995 2078 1183 2124 disquisitio
1222 2079 1424 2124 philologica
1459 2079 1503 2114 de
1527 2081 1714 2116 Paracleto.

146 2122 309 2182 Aufidum
330 2134 449 2167 scholio
471 2136 648 2168 maximum
669 2139 793 2176 partem
814 2138 990 2178 pati-istim.
1026 2135 1183 2170 Basileae.
1219 2137 1326 2182 Typis
1351 2145 1386 2170 et
1408 2137 1567 2183 impensis
1585 2138 1713 2172 biblio-

148 2187 618 2238 pfflsehweighaeuseriani.
637 2191 884 2226 MDCCCXLI.
906 2194 961 2227 8⁰.
989 2212 1030 2219 —
1066 2192 1122 2228 90.
1148 2196 1237 2229 Eliae
1256 2196 1470 2237 Metropolitae
1494 2197 1604 2230 Cretae
1619 2198 1712 2230 Com-

157 2238 171 2243 ’”
291 2249 298 2256 “
319 2249 353 2282 in
378 2249 412 2282 S.
440 2251 583 2290 Greqorin'
603 2251 795 2283 Nazianzeni
817 2252 980 2284 Orationes
1001 2252 1086 2286 xlx.
1111 2255 1136 2286 Ε
1157 2254 1263 2287 codice
1285 2263 1343 2286 ms.
1366 2254 1539 2287 Basileeusi
1561 2257 1715 2296 excerpsit

149 2306 178 2337 et
200 2306 432 2339 annotationem
455 2315 526 2338 cum
547 2308 579 2340 in
596 2308 686 2342 Eliae
705 2309 951 2342 Commentarios
973 2313 1040 2343 tum
1062 2312 1096 2343 in
1120 2312 1155 2344 S.
1176 2313 1317 2353 Gregorii
1341 2312 1506 2345 Orationes
1525 2313 1602 2345 xlx
1621 2313 1711 2345 adie-

148 2362 191 2394 cit
214 2363 250 2395 A.
273 2362 297 2395 1.
344 2363 501 2396 Accedunt
523 2364 638 2396 Basilii
662 2366 856 2407 aliorumque
879 2367 1005 2400 Scholia
1031 2369 1063 2401 in
1099 2369 1134 2402 S.
1159 2370 1301 2410 Gregorii
1336 2370 1523 2410 Orationes,
1555 2378 1571 2401 e
1594 2370 1711 2403 codici-

150 2419 208 2450 bus
241 2419 478 2452 Monacensibus
512 2424 668 2462 excerpta.
725 2423 863 2466 (Patr-ol.
889 2426 942 2457 Gr.
976 2426 1025 2457 ed.
1060 2426 1164 2465 niano
1187 2426 1228 2459 Τ.
1243 2425 1414 2458 xxxvi.
1431 2440 1477 2454 =
1506 2427 1540 2459 S.
1566 2428 1712 2468 Gregorii

147 2476 225 2508 Naz.
263 2477 343 2517 Opp-
379 2478 486 2510 omnia
518 2479 568 2510 ed.
592 2479 696 2520 Μᾶρκε
729 2480 770 2512 Τ.
791 2480 828 2511 ll.
877 2480 1018 2514 Parisiis.
1045 2482 1338 2526 MDCCCLVlll.)
1367 2500 1407 2507 -
1457 2483 1531 2516 10⁰.
1558 2485 1705 2528 Symbo-

147 2530 196 2564 las
222 2531 348 2565 contuli
371 2533 414 2566 ad
437 2533 527 2567 hunc
548 2534 688 2576 librum,
723 2536 849 2569 editum
872 2549 892 2571 a
916 2537 989 2572 viro
1013 2538 1234 2577 amicissimo.
1272 2538 1362 2572 cuius
1386 2539 1580 2573 memoriam
1616 2541 1709 2576 nulla

147 2599 292 2633 unquam
325 2589 451 2624 oblivio
487 2603 526 2624 ex
559 2591 671 2626 animo
695 2605 769 2627 meo
791 2593 936 2628 delebit:
978 2597 1013 2629 S.
1039 2598 1181 2639 Greyorii
1204 2599 1352 2639 Episcopi
1374 2599 1505 2639 Nysseni
1528 2599 1567 2631 de
1590 2600 1706 2632 Anima

146 2649 175 2678 et
198 2647 427 2694 Resurrectione
462 2658 533 2682 cum
567 2659 672 2683 sorore
705 2661 765 2684 sua
789 2653 934 2686 Macrino
956 2655 1119 2696 Dialoyus.
1168 2653 1226 2686 Gr.
1253 2659 1289 2686 et
1326 2654 1397 2688 Lat.
1424 2654 1476 2688 Ad
1501 2655 1598 2689 codd.
1627 2668 1705 2690 mss.

146 2701 248 2736 fidem
272 2715 337 2737 rec.
362 2711 398 2737 et
420 2704 538 2738 illustr.
566 2707 614 2740 lo.
637 2707 760 2751 Georg.
786 2707 1027 2754 Krabiugerus,
1053 2710 1280 2744 Bibliothecae
1305 2711 1385 2756 Reg.
1410 2712 1544 2745 Monac.
1573 2713 1705 2746 Custos.

145 2759 293 2804 Lipsiae.
325 2761 663 2797 MDcccxxxvn.
711 2766 747 2797 In
774 2764 906 2799 libraria
932 2766 968 2799 C.
992 2766 1160 2812 Wuttigii.
1186 2770 1241 2804 25⁰.
1267 2787 1310 2795 —
1361 2769 1434 2803 11⁰.
1462 2771 1628 2804 Variantes
1661 2773 1705 2804 le-

144 2819 258 2851 ctiones
291 2824 325 2851 et
359 2821 589 2853 emendationes
620 2819 653 2853 in
688 2823 814 2855 Eusebii
847 2824 1129 2865 Praeparationem
1161 2827 1307 2869 Evang„
1345 2838 1365 2860 a
1390 2838 1443 2859 me
1474 2827 1705 2872 suppeditatas

143 2874 379 2916 Hehichenio,
403 2875 485 2910 Viro
502 2877 562 2917 CL,
587 2878 724 2911 exhibet
739 2879 953 2923 programma
969 2881 1142 2926 Gymnasii
1164 2883 1322 2917 Zwiccav.
1346 2885 1704 2919 MDCCCXLvn.—

143 2931 263 2976 Neque
296 2944 376 2966 vero
400 2935 460 2967 SS.
485 2935 599 2968 Patres
624 2935 791 2969 Ecclesiae
826 2937 957 2981 neglexi
990 2937 1025 2972 in
1050 2939 1184 2986 reliquis
1207 2941 1341 2988 scriptis
1366 2941 1568 2988 philologis,
1604 2955 1625 2978 a
1647 2956 1701 2978 me

145 2986 264 3031 editis,
289 3000 374 3038 quae
396 2997 507 3024 tamen
531 2991 588 3027 hic
611 3004 766 3027 enarrare
789 2993 927 3038 longum
949 2994 1004 3028 sit.
