2008 3294
163 1510 191 1536 p.
204 1503 262 1530 130.

298 185 408 221 CXVI

296 301 441 334 unquam
458 299 618 323 cessasse.
667 286 742 329 Quo
765 285 851 321 nihil
870 296 951 321 cum
971 287 1016 322 ab
1031 285 1215 333 Epiphanii
1237 295 1359 328 sensu,
1383 288 1458 321 tum
1481 295 1503 320 a
1517 285 1661 320 veritate
1683 286 1762 332 ipsa
1784 285 1851 321 dici

298 346 443 380 alienius
459 348 584 391 potest.
615 343 715 379 Anno
732 342 835 378 Urbis
853 342 946 387 691„
962 343 1128 380 Cicerone
1144 347 1179 378 et
1190 342 1341 378 Antonio
1357 353 1448 379 coss.
1458 369 1467 386 ,
1482 342 1634 390 primum
1649 353 1671 377 a
1685 342 1849 390 Pompeio

297 404 466 437 tributum
487 401 624 436 Iudaeis
646 400 851 447 impositum
874 403 944 444 est,
972 412 995 437 a
1021 412 1090 447 quo
1118 404 1273 446 tempore
1297 399 1343 434 ad
1364 400 1536 447 Antipatri
1561 399 1850 446 procurationem,

297 470 387 506 quae
403 470 495 494 anno
513 458 590 494 707.
608 458 738 519 coepit,
755 458 838 493 anni
851 461 935 493 sunt
948 469 1020 494 non
1035 458 1152 504 plures
1168 469 1254 500 xvn,
1271 456 1400 492 nedum
1414 467 1541 492 novem
1556 460 1591 492 et
1605 456 1742 503 viginti.
1783 456 1851 492 He-

297 517 379 575 rode
402 516 542 562 quidem
565 526 680 550 rerum
689 515 856 561 potiente
876 515 1044 551 tributum
1060 515 1171 550 ullum
1186 514 1312 549 saltem
1327 513 1539 549 ordinarium
1560 517 1724 548 exactum
1743 513 1852 549 fuisse

296 563 410 619 neq'ue
421 583 544 609 verum
560 572 717 615 arbitror,
732 583 796 607 nec
812 572 885 607 eius
901 573 1114 608 mentionem
1125 572 1182 606 vel
1196 571 1298 606 litera
1313 581 1382 606 una
1391 569 1503 606 Lucas
1514 570 1640 616 attigit.
1663 569 1743 605 Nou
1759 570 1853 605 enim

299 629 545 677 ἀπογράφεσθαι
557 630 650 664 idem
661 630 754 664 valet
765 639 807 664 ac
819 640 962 665 censum
973 630 1029 665 vel
1039 629 1209 664 tributum
1221 628 1366 671 solvere,
1381 631 1452 671 aut,
1467 627 1499 662 si
1513 627 1628 662 istud'
1617 638 1734 674 ipsum
1745 627 1852 674 sigui-

296 688 431 732 ficaret,
451 687 571 723 statim
593 686 636 721 de
655 686 829 722 ordinaria
841 687 1073 734 pensitatione
1087 686 1203 732 potius
1219 685 1486 731 intelligendum
1500 684 1673 720 videretur
1689 694 1795 730 quam
1809 683 1854 719 ad

298 744 608 780 extraordinariam
622 743 852 779 referendum.
885 743 955 779 Sed
969 755 1034 779 nec
1048 743 1133 778 illud
1148 743 1257 789 probo
1267 769 1276 786 ,
1296 742 1389 788 quod
1403 741 1532 777 ibidem
1547 741 1752 788 disputatur,
1774 753 1854 788 pro-

295 806 415 848 pterea
429 802 578 848 primam
598 801 696 836 iliam
716 812 738 836 a
753 800 895 843 Quirino
917 802 1116 836 censionem
1137 800 1334 835 institutam
1357 799 1440 842 dici,
1465 798 1557 845 quod
1577 798 1735 834 Romano
1756 809 1854 834 more

297 860 417 905 quinto
430 870 569 906 quoque
581 869 674 894 anno
686 869 811 894 census
822 857 1017 894 haberetur.
1040 857 1132 893 Nam
1146 868 1210 892 nec
1225 856 1312 892 illud
1324 859 1490 903 perpetuo
1506 856 1628 900 tenuit,
1644 859 1685 890 ut
1700 855 1853 902 quinque

297 917 398 952 annis
421 916 634 951 vertentibus
656 926 782 951 census
805 919 976 962 ageretur,
1000 918 1035 950 et
1058 915 1164 950 aliam
1187 924 1348 949 caussam
1369 924 1446 949 esse
1467 913 1694 954 manfiestum
1715 917 1784 955 est,
1809 912 1853 947 ob

298 985 403 1020 quam
417 974 530 1021 prima
544 972 632 1008 haec
646 973 692 1008 sit
706 972 879 1019 appellata
894 972 1076 1019 descriptio
1085 998 1094 1015 ,
1109 971 1270 1007 videficet
1290 970 1384 1018 quod
1405 971 1514 1006 altera
1535 973 1616 1017 post
1626 969 1787 1005 Archelai
1800 980 1854 1004 re·

295 1032 509 1078 legationem
525 1030 637 1066 eidem
654 1029 796 1072 Quirino
813 1029 978 1065 mandata
992 1029 1106 1065 fuerit.
1137 1028 1189 1064 De
1213 1039 1282 1076 qua
1302 1039 1340 1063 re
1354 1027 1433 1063 vide
1450 1038 1539 1074 quae
1554 1026 1722 1062 Dekerius
1737 1029 1855 1062 noster

297 1093 332 1124 et
345 1088 514 1135 Keplerus
536 1087 667 1123 erudite
688 1087 913 1122 commentati
933 1090 1026 1123 sunt.
1058 1085 1181 1133 Neque
1202 1086 1297 1121 enim
1319 1085 1494 1121 censionis
1513 1083 1617 1120 huius
1639 1083 1854 1131 Epiphanius

296 1146 470 1189 meminit,
486 1148 527 1180 ut
541 1155 620 1180 eam
634 1145 736 1180 nobis
753 1144 993 1190 quaestionem
1009 1143 1184 1190 explicare
1199 1153 1342 1178 necesse
1358 1142 1414 1178 sit.

386 1203 500 1249 Atque
522 1205 562 1238 ut
584 1201 674 1237 hanc
697 1201 739 1236 de
761 1201 908 1237 Herodis
931 1201 1031 1236 annis
1055 1200 1326 1248 disputationem
1353 1198 1540 1246 aliquando
1568 1198 1788 1241 concludam,
1812 1197 1854 1241 si,

298 1260 391 1307 quod
413 1259 607 1306 Epiphanio
631 1259 761 1306 placet,
785 1270 861 1294 vm.
879 1257 1032 1301 Id.1au.,
1057 1268 1126 1304 quo
1148 1258 1202 1293 die
1218 1261 1322 1293 natus
1338 1260 1392 1292 est
1407 1255 1580 1299 Christus,
1604 1267 1696 1291 anno
1719 1255 1854 1291 Iuliano

297 1330 392 1354 xmv.
402 1344 411 1361 ,
433 1317 586 1352 Herodes
612 1327 743 1351 annum
759 1316 888 1362 agebat
901 1315 1038 1362 imperii
1053 1326 1196 1358 mm„
1220 1315 1295 1351 eius
1311 1314 1451 1349 initium
1465 1314 1503 1349 in
1518 1313 1692 1349 Iulianum
1707 1324 1757 1349 ιι.
1773 1323 1855 1348 con-

297 1375 409 1418 venit,
431 1374 570 1409 biennio
586 1373 716 1408 tardius
734 1383 840 1419 quam
854 1371 1001 1407 historia
1014 1372 1185 1419 postulat,
1208 1382 1298 1418 quae
1321 1371 1470 1406 alterum
1483 1370 1630 1406 Herodis
1645 1369 1784 1405 initium
1799 1369 1854 1405 Iu-

296 1433 390 1467 liano
407 1443 455 1467 rx.
472 1430 639 1466 accidisse
663 1429 863 1472 confirmat,
887 1439 909 1463 a
933 1440 1001 1475 quo
1023 1439 1105 1464 cum
1126 1428 1293 1475 Iosephus
1310 1440 1419 1463 xxxiv
1436 1428 1606 1463 duntaxat
1621 1438 1732 1463 annos
1747 1427 1855 1464 Hero-

298 1489 378 1523 dem
389 1488 520 1524 vixisse
536 1491 668 1530 narret,
683 1485 898 1533 Epiphanius
914 1486 1001 1522 libro
1013 1499 1038 1523 1.
1052 1498 1091 1522 11.
1107 1489 1241 1532 septem
1256 1489 1291 1521 et
1305 1485 1450 1532 triginta
1461 1484 1615 1528 deducit,
1631 1484 1758 1531 quibus
1772 1484 1855 1520 totis

297 1557 463 1592 regnasse
480 1549 560 1592 post
575 1545 727 1592 primum
743 1543 919 1579 decretum
935 1543 1068 1586 dicitur,
1091 1554 1173 1578 cum
1193 1542 1318 1578 horum
1339 1542 1548 1590 principium
1568 1552 1590 1577 a
1603 1541 1738 1578 Iuliano
1753 1544 1854 1577 sexto

298 1604 407 1651 repeti
423 1603 558 1639 debeat.
592 1601 762 1644 Quocirca
778 1604 928 1636 mortem
942 1600 1088 1637 Herodis
1104 1599 1239 1636 confert
1252 1600 1290 1635 in
1305 1611 1438 1635 anuum
1452 1599 1626 1635 Iulianum
1639 1611 1760 1642 xuvrr„
1776 1609 1857 1634 cum

299 1661 461 1696 dominus
479 1663 641 1707 quartum
655 1659 727 1694 iam
743 1669 874 1694 annum
890 1658 1016 1693 aetatis
1033 1657 1218 1704 attigisset.
1243 1656 1313 1692 Sed
1329 1657 1359 1692 si
1370 1667 1452 1692 vera
1467 1659 1567 1700 sunt,
1584 1666 1674 1703 quae
1688 1654 1856 1703 Iosephus

299 1719 341 1753 de
356 1718 492 1755 Herode
508 1717 726 1764 perscripsit,
742 1726 886 1751 necesse
902 1718 956 1750 est
970 1718 1010 1751 ut
1024 1715 1158 1750 Iuliano
1174 1726 1261 1752 xun.
1280 1714 1481 1757 decesserit;
1502 1713 1595 1749 unde
1611 1717 1645 1749 et
1659 1713 1800 1756 natalis,
1816 1715 1857 1749 ut

299 1776 469 1819 diximus,
486 1774 618 1811 domini
633 1777 782 1821 quatuor
793 1773 849 1808 vel
865 1773 1018 1820 quinque
1034 1772 1136 1808 annis
1153 1771 1418 1807 antevertendus
1435 1771 1508 1808 erit.
1532 1769 1629 1813 Quae
1641 1770 1782 1818 quidem
1792 1781 1856 1806 nos

298 1832 455 1868 nondum
470 1843 515 1867 ex
531 1832 694 1879 opinione
710 1834 832 1866 nostra
847 1830 1054 1874 constituta,
1078 1829 1140 1865 sed
1163 1840 1207 1864 ex
1223 1828 1363 1876 Iosephi
1377 1831 1494 1864 mente
1509 1831 1613 1875 atque
1627 1827 1773 1863 historia
1787 1827 1857 1862 col-

298 1891 387 1925 lecta
402 1889 522 1925 haberi
537 1900 558 1924 a
572 1889 758 1924 lectoribus
775 1887 994 1934 expendique
1009 1887 1183 1923 volumus.
1215 1885 1383 1933 Superest
1397 1889 1438 1921 ut
1452 1885 1496 1921 de
1511 1885 1663 1932 Augusti
1678 1896 1780 1929 anno,
1796 1884 1858 1932 qui

299 1952 352 1983 est
366 1947 456 1982 alius
472 1946 600 1982 natalis
616 1945 782 1981 dominici
797 1944 973 1980 character
989 1944 1033 1979 ab
1048 1942 1244 1991 Epiphanio
1261 1943 1386 1979 allatus
1396 1969 1405 1987 ‚
1421 1943 1663 1990 perstringam.
1739 1945 1742 1948 '

556 2047 707 2091 QUOTO
730 2046 932 2084 AUGUSTI
954 2046 1077 2082 ANNO
1101 2045 1251 2082 NATUS
1275 2045 1347 2082 SIT
1370 2044 1602 2082 CHRISTUS.
1660 2050 1664 2058 “

390 2118 490 2154 Anno
514 2117 736 2165 Imperatoris
760 2116 912 2163 Augusti
934 2127 1020 2153 uu.
1043 2118 1167 2151 natum
1196 2125 1273 2150 esse
1297 2113 1472 2150 Christum
1495 2117 1612 2150 censet
1631 2113 1857 2161 Epiphanius,

301 2187 405 2222 quem
428 2186 561 2211 annum
584 2185 629 2210 ex
653 2185 722 2221 quo
745 2173 861 2209 Iudaei
883 2172 1041 2209 Romano
1062 2171 1208 2219 imperio
1231 2171 1407 2207 subiuncti
1430 2174 1513 2207 sunt
1528 2181 1624 2207 xxix.
1641 2170 1750 2207 fuisse
1766 2171 1858 2207 dicit.

299 2234 381 2268 'l'ria
395 2232 617 2280 potissimum
633 2231 784 2278 Augusti
801 2230 1061 2266 constituuntur
1075 2229 1186 2265 initia.
1215 2228 1370 2264 Primum
1391 2228 1436 2263 ab
1458 2228 1535 2276 ipso
1555 2238 1647 2263 anno
1664 2239 1732 2275 quo
1747 2228 1856 2265 Iulius

300 2291 428 2326 Caesar
443 2289 646 2325 interfectus
663 2292 731 2332 est,
747 2288 808 2335 qui
824 2291 878 2324 est
893 2286 995 2323 Urbis
1008 2286 1097 2330 710„
1113 2286 1267 2322 Iulianus
1284 2285 1316 2321 2.
1347 2285 1504 2320 Alterum
1519 2285 1564 2320 ab
1580 2295 1671 2321 anno
1688 2286 1857 2333 sequenti,

302 2348 401 2382 Urbis
419 2347 497 2382 711.
529 2346 684 2382 Tertium
701 2345 745 2381 ab
762 2346 904 2381 Actiaca
918 2344 1080 2388 victoris,
1105 2343 1178 2379 sive
1195 2354 1216 2378 a
1231 2342 1263 2379 2.
1276 2342 1373 2390 Sept.
1389 2352 1480 2378 anno
1497 2341 1599 2378 Urbis
1614 2342 1707 2387 723„
1730 2346 1770 2379 ut
1790 2342 1856 2379 Dio

301 2409 446 2440 testatur
467 2404 504 2440 in
521 2403 664 2439 exordio
680 2403 740 2439 lib.
753 2414 800 2440 ιι.
832 2402 922 2438 Hinc
945 2401 1102 2437 dlversus
1126 2399 1170 2435 ad
1194 2398 1321 2435 Christi
1342 2399 1493 2435 natalem
1514 2409 1685 2435 annorum
1706 2399 1859 2447 Augusti

302 2472 467 2497 numerus
483 2461 657 2497 statuitur.
690 2459 759 2496 Sed
775 2460 880 2506 vulgo
898 2470 983 2495 xm.
999 2458 1074 2493 eius
1091 2468 1183 2494 auno
1200 2460 1321 2492 uatum
1338 2466 1416 2492 esse
1435 2459 1551 2504 patres
1575 2456 1768 2502 affimant,
1788 2457 1857 2498 Eu-

301 2520 437 2554 sebium
453 2518 582 2564 secuti,
606 2518 665 2565 qui
681 2517 832 2565 idipsum
848 2516 980 2552 Eccles.
994 2515 1081 2552 nist.
1099 2514 1158 2550 lib.
1172 2526 1194 2550 1.
1212 2524 1286 2561 cap.
1299 2525 1365 2558 v1.,
1386 2516 1422 2549 et
1435 2513 1473 2549 in
1489 2511 1684 2558 chronicis,
1708 2514 1856 2562 scripsit.

302 2576 400 2618 Quod
417 2580 535 2611 sutem
559 2575 701 2611 annales
724 2573 949 2610 ecclesiastici
970 2571 1128 2615 tradunt,
1153 2582 1212 2607 eos
1235 2570 1295 2618 qui
1316 2571 1352 2607 in
1376 2580 1506 2606 aunum
1522 2570 1672 2617 Augusti
1686 2582 1773 2608 χιιι.
1795 2581 1856 2607 na-

301 2634 406 2668 talem
434 2631 561 2668 Christi
583 2632 767 2668 conferunt
794 2630 838 2666 ab
860 2631 935 2678 ipso
959 2640 1051 2666 anno
1073 2639 1141 2676 quo
1164 2628 1273 2664 Iulius
1293 2627 1419 2664 esem
1439 2627 1640 2663 interfectus
1661 2631 1715 2663 est
1744 2639 1855 2664 annos

302 2690 469 2733 exordiri,
493 2690 598 2725 simul
621 2688 714 2736 quod
737 2687 956 2723 librariorum
979 2687 1083 2734 culpa
1104 2685 1238 2722 factum
1260 2688 1400 2732 putant,
1423 2687 1462 2721 ut
1484 2694 1564 2720 cum
1587 2684 1758 2721 Eusebius
1779 2685 1856 2732 ipso

301 2759 394 2782 sunno
413 2747 565 2781 lulianus
582 2746 695 2789 necis,
712 2745 771 2793 qui
787 2749 842 2782 est
856 2744 1171 2792 Olymp.01.xxxrv.
1189 2742 1337 2791 primus,
1354 2741 1502 2788 Augusti
1516 2742 1693 2788 posuisset
1707 2741 1855 2786 initium,

304 2805 336 2838 id
354 2805 387 2838 in
410 2808 612 2850 sequentem
636 2803 843 2839 translatum
865 2801 984 2845 fuerit,
1007 2799 1298 2848 quemadmodum
1320 2802 1354 2835 et
1376 2798 1501 2835 natalis
1518 2797 1644 2835 Christi
1665 2800 1701 2835 in
1724 2810 1855 2836 annum

303 2861 443 2896 tertium
460 2861 596 2906 olymp.
611 2871 747 2903 cxciv„
763 2870 842 2895 cum
860 2858 1013 2895 secundo
1030 2870 1073 2894 ex
1090 2861 1207 2894 mente
1222 2855 1361 2893 Eusebii
1377 2858 1559 2903 competat.
1588 2855 1754 2892 Neutrum
1770 2855 1856 2892 mihi

304 2917 443 2964 quidem
460 2917 635 2964 probatur.
668 2916 838 2963 imprimis
855 2916 948 2952 enlm
965 2915 1055 2963 apud
1071 2913 1262 2951 Eusebium
1277 2913 1314 2949 iu
1330 2912 1507 2949 edltitioue
1520 2912 1662 2950 Pontaci
1675 2913 1855 2950 Octaviani

305 2975 439 3011 initium
462 2974 626 3018 alligetur
650 2985 741 3009 suno
766 2985 787 3008 a
807 2973 965 3011 Caesaris
988 2982 1072 3009 nece
1094 2971 1272 3019 proximo,
1298 2969 1512 3017 Olympiadis
1536 2970 1704 3014 secundo,
1728 2971 1854 3007 natalis

305 3044 384 3068 vero
401 3031 527 3068 Christi
543 3042 635 3066 ιιιιιο
653 3031 752 3066 tertio
770 3031 906 3077 olymp.
922 3040 1057 3073 σωκ,
1078 3028 1170 3076 quod
1187 3033 1221 3065 ct
1235 3027 1406 3064 i’ontacus
1423 3027 1498 3074 ipse
1513 3026 1565 3063 vir
1581 3027 1734 3064 eruditus
1751 3037 1853 3074 argu·
