2008 3294
1629 221 1736 259 coIX

274 326 343 365 Sed
367 326 412 364 ad
438 330 592 362 veterum
614 329 751 372 patrum
774 324 973 362 testimonia
994 335 1034 360 ac
1058 325 1192 371 priscae
1216 325 1308 362 illius
1332 325 1496 362 ecclesiae
1518 335 1679 362 normam
1701 328 1736 360 et
1770 330 1869 364 nass.

183 394 406 421 communem
419 383 506 420 adeo
522 394 666 419 sensum
682 383 838 420 animum
852 381 1029 419 adiicienti
1045 382 1131 417 mihi
1151 393 1273 428 parum
1294 382 1476 419 commode
1495 383 1659 430 pleraque
1675 393 1736 418 ex-

182 441 313 488 plicata
327 440 497 478 videntur.
544 439 682 476 Etenim
705 441 736 476 si
757 440 958 487 graviorum
973 438 1176 474 delictorum
1193 440 1323 476 conscii
1338 440 1423 475 citra
1437 440 1614 487 publicam
1630 440 1736 483 illam,

183 508 290 544 quam
310 501 416 535 antea
436 497 687 544 suscepissent,
709 495 957 544 poenitentiam
979 507 1156 542 emergere
1185 501 1220 531 et
1240 497 1282 532 ad
1305 497 1586 533 communionem
1600 507 1737 544 pacem-

182 565 252 601 que
274 555 400 592 reverti
422 554 564 590 alterius
589 565 629 589 ac
646 554 799 602 privatae
815 552 983 590 beneficio
999 554 1191 599 potuerint,
1208 565 1324 590 nonne
1339 555 1462 590 melior
1477 555 1615 590 illorum
1631 564 1738 600 quam

183 615 400 649 caeterorum
421 611 574 648 conditio
590 611 674 655 fuit,
699 611 824 658 quibus
847 610 922 647 sine
944 610 1086 657 publica
1107 610 1320 656 poenitentia
1342 611 1471 647 reditus
1494 612 1530 647 in
1554 611 1737 647 ecclesiam

182 680 255 706 non
276 669 412 716 patuit?
457 669 565 715 Atqui
586 679 690 705 nemo
710 671 785 704 tam
798 678 918 704 vecors
941 667 1021 710 erit,
1044 667 1104 714 qui
1123 666 1310 705 humanius
1327 679 1406 703 cum
1422 669 1491 704 illis
1507 673 1624 704 actum
1642 671 1739 715 putet

185 726 245 772 qui
259 726 296 762 in
311 725 432 763 eadem
447 726 588 773 saepius
609 725 850 769 incurrissent,
873 727 908 760 et
929 724 1068 770 quidem
1091 723 1262 760 horrenda
1285 724 1436 771 flagitia,
1458 737 1562 772 quam
1585 737 1666 761 cum
1687 726 1737 761 eis

182 783 245 830 qui
259 783 369 822 semel
384 793 426 819 ea
441 783 712 826 commisissent3
735 781 828 830 quod
848 793 891 818 ex
908 782 968 820 illa
984 781 1145 828 opinione
1161 782 1391 828 consequitur.
1439 781 1643 818 Cuiusmodi
1657 793 1737 819 vero

181 840 277 877 istud
299 844 368 884 eat,
391 841 486 876 velut
508 840 641 887 gratiae
665 850 706 876 ac
727 838 888 877 beneficii
909 839 986 875 loco
1001 838 1176 885 publicam
1193 839 1289 875 illam
1306 839 1554 886 poenitentiam
1570 841 1681 887 spisse
1696 850 1738 875 ac

182 896 370 934 fficiliter
384 897 578 934 indultam?
619 897 710 933 Nam
725 897 758 934 si
771 897 904 944 privata
918 900 955 932 et
969 896 1107 933 occulta
1129 895 1271 942 defungi
1292 901 1436 943 possent
1457 897 1542 932 etin
1559 898 1680 934 eodem
1697 909 1738 933 ac

183 954 310 992 caeteri
324 955 401 990 loco
418 966 511 998 esse,
535 955 613 1001 quis
634 965 706 991 non
721 958 817 991 tanto
833 953 1070 989 molestiarum
1086 963 1126 988 ac
1142 954 1307 999 temporis
1323 954 1528 1000 compendio
1550 955 1668 990 mallet
1689 955 1740 990 uti

179 1011 474 1059 cupidissimeque
491 1022 544 1054 se,
561 1011 700 1059 publica
714 1011 776 1047 illa
790 1015 1005 1058 contempta,
1026 1010 1069 1045 ad
1085 1011 1355 1046 commodiorem
1372 1011 1516 1047 alteram
1534 1012 1739 1047 breviorem-

183 1079 252 1116 que
263 1068 489 1106 transferret?
513 1069 599 1105 Volo
616 1069 709 1105 enim
724 1067 809 1105 illud
824 1067 908 1104 mihi
924 1067 1147 1115 respondeat:
1165 1066 1232 1110 Qui
1247 1068 1427 1104 atrocioris
1443 1069 1565 1115 culpae
1581 1069 1740 1104 conscius

183 1128 259 1162 tum
273 1125 425 1173 primum
441 1126 485 1163 ad
499 1126 748 1174 poeniteutiam
763 1125 957 1168 accederet,
980 1130 1096 1161 utrum
1118 1125 1251 1171 absque
1270 1125 1410 1172 publica
1425 1137 1485 1172 per
1500 1126 1672 1172 privatam
1688 1138 1739 1161 re-

184 1182 281 1219 stitui
295 1183 458 1230 potuerit,
473 1193 520 1219 an
534 1183 731 1219 necessario
747 1182 947 1229 usurpanda
958 1182 1019 1218 illa
1034 1181 1149 1218 fuerit.
1174 1181 1214 1219 Si
1229 1183 1325 1229 prius
1342 1182 1504 1224 dixerint,
1521 1183 1561 1225 si,
1584 1184 1739 1229 inquam,

183 1240 417 1277 necessariam
429 1240 499 1277 illis
514 1239 690 1287 publicam
705 1239 952 1286 poenitentiam
973 1240 1195 1286 negaverint,
1217 1240 1434 1286 antiquitatis
1449 1241 1556 1276 totius
1571 1241 1741 1276 memoria

182 1299 272 1333 teste
285 1297 496 1335 refellentur.
527 1296 707 1343 Siquidem
721 1300 838 1333 vetera
853 1298 971 1332 omnia
985 1297 1131 1332 coucilia
1145 1308 1336 1344 omnesque
1359 1308 1532 1333 canonum
1548 1297 1741 1333 conditores

183 1354 233 1390 ita
247 1355 424 1401 publicam
438 1354 546 1401 lapsis
561 1354 812 1401 poenitentiam
834 1354 1075 1401 praescribunt
1094 1364 1135 1389 ac
1150 1358 1288 1402 tempus
1303 1354 1545 1401 rationemque
1560 1354 1739 1397 definiunt,

183 1411 234 1447 ita
255 1422 357 1458 porro
378 1411 630 1462 Tertullianus,
654 1410 866 1458 Cyprianus,
888 1411 1076 1455 Facimus,
1100 1412 1235 1458 antiqui
1257 1411 1301 1447 ad
1326 1423 1435 1448 unum
1457 1423 1579 1448 omnes
1600 1411 1741 1447 eosdem

183 1468 263 1505 illos
277 1467 464 1512 hortando,
481 1467 743 1511 comminando,
759 1468 976 1515 obiurgando
987 1469 1044 1505 vel
1059 1469 1186 1504 invitos
1207 1474 1334 1514 urgent
1356 1474 1392 1504 et
1406 1469 1606 1516 impellunt,
1624 1474 1662 1504 ut
1676 1469 1740 1504 mi-

185 1525 281 1563 nime
294 1525 361 1563 hoe
376 1526 446 1563 illis
461 1526 637 1573 integrum
650 1525 760 1562 fuisse
775 1525 984 1572 significent.
1022 1526 1145 1563 Restat
1157 1526 1276 1572 igitur,
1291 1526 1387 1562 nullo
1405 1531 1444 1563 ut
1457 1526 1542 1568 alio,
1559 1537 1599 1562 ac
1614 1537 1658 1562 ne
1673 1526 1741 1573 pri·

185 1587 288 1619 ntae
310 1582 450 1630 quidem
471 1582 705 1630 poenitentiae
728 1582 885 1619 subsidio
907 1583 1015 1630 recipi
1036 1583 1075 1619 in
1097 1583 1378 1619 communionem
1401 1584 1567 1621 ecclesiae
1587 1584 1743 1630 potuisse

122 1659 130 1669 ·
185 1640 388 1677 concedant.
410 1639 509 1683 Quod
525 1651 603 1676 cnm
616 1639 788 1682 dederint,
804 1643 881 1676 tum
897 1639 939 1675 de
952 1640 1022 1677 illis
1038 1640 1120 1687 quid
1137 1641 1290 1677 sentiant
1305 1641 1496 1687 requiram,
1514 1641 1574 1687 qui
1589 1640 1740 1676 secundo

186 1697 223 1733 in
237 1697 400 1744 graviora
413 1700 557 1744 peccata
570 1697 662 1744 lapsi
676 1697 816 1744 publica
836 1697 888 1734 uti
908 1698 1123 1744 poenitentia
1141 1709 1211 1734 uon
1233 1701 1411 1745 poterant,
1434 1698 1557 1744 ecquid
1581 1709 1641 1733 eoa
1662 1709 1740 1734 cen-

186 1758 286 1790 seant
299 1765 361 1802 per
375 1755 547 1802 privatam
561 1754 812 1801 poenitentiam
829 1755 1046 1791 reconciliari
1066 1755 1245 1802 potuisse?
1291 1754 1380 1791 Nam
1403 1755 1435 1790 si
1457 1755 1550 1790 istud
1573 1760 1740 1798 asserant,

186 1822 328 1847 necesse
344 1811 410 1847 erit
424 1822 495 1847 una
508 1811 684 1847 fateantur
698 1811 887 1847 feliciorem
903 1812 1013 1847 multo
1030 1811 1262 1847 conditionem
1281 1823 1402 1848 eorum
1417 1813 1575 1848 extitisse
1592 1814 1651 1859 qui
1666 1824 1741 1849 sae-

186 1869 267 1916 pius
283 1879 389 1916 quam
404 1880 524 1906 eorum
536 1869 597 1916 qui
610 1868 721 1905 semel
735 1869 772 1904 in
783 1869 856 1905 vita
870 1868 1106 1916 deliquissent.
1131 1868 1230 1912 Quod
1243 1870 1371 1916 quibus
1383 1869 1523 1906 tandem
1534 1870 1742 1917 persuadere

186 1929 372 1973 poterunt?

277 1982 436 2021 Cum-hic
458 1983 506 2020 sit
519 1983 735 2030 quaestionis
755 1984 1077 2030 controversiaeque
1099 1987 1230 2027 status,
1253 1994 1426 2030 exponam
1451 1983 1599 2020 breviter
1622 1996 1741 2031 quem-

187 2040 375 2078 admodum
388 2052 444 2077 res
458 2044 557 2077 tanta
572 2041 715 2077 dissolvi
729 2052 808 2077 meo
823 2041 950 2077 iudicio
973 2042 1208 2088 explicarique
1230 2041 1352 2087 possit.
1397 2041 1569 2088 Principio
1586 2046 1741 2088 peccato-

186 2109 265 2135 rum
278 2098 371 2145 apud
385 2098 549 2145 antiquos
563 2098 703 2134 invenio
719 2108 849 2144 genera
864 2098 973 2134 fuisse
990 2098 1074 2141 duo,
1097 2099 1164 2133 alia
1185 2099 1362 2141 mortalia,
1384 2098 1457 2133 sive
1474 2099 1638 2146 capitalia
1653 2099 1742 2134 dice-

186 2155 333 2203 bantur;
347 2166 418 2191 non
433 2151 475 2191 ut
488 2166 554 2191 nos
568 2155 763 2202 intelligere
775 2155 882 2201 vulgo
899 2156 1052 2191 solemus
1069 2166 1295 2202 quaecunque
1308 2155 1363 2191 dei
1378 2167 1442 2192 nos
1459 2156 1573 2202 gratia
1588 2167 1628 2192 ac
1643 2157 1742 2202 spiri-

186 2213 312 2248 talibus
343 2212 496 2248 caritatis
519 2212 733 2248 ornamentis
757 2213 925 2259 spoliant,
953 2213 1013 2248 sed
1034 2212 1138 2248 huius
1159 2214 1297 2260 generis
1322 2218 1415 2248 certa
1438 2210 1626 2255 duntaxat,
1654 2224 1741 2260 quae

187 2280 268 2307 cum
282 2270 443 2317 graviora
463 2270 609 2307 caeteris
632 2274 766 2314 essent,
786 2274 863 2305 tum
878 2270 1070 2306 canonibus
1086 2281 1127 2306 ac
1143 2271 1359 2316 synodorum
1375 2270 1520 2306 decretis
1535 2271 1741 2305 nominatim

187 2337 362 2374 expressa.
404 2326 499 2365 Haec
514 2327 676 2375 inquam,
698 2327 861 2375 capitalia
875 2327 1120 2372 nominabant,
1137 2327 1262 2375 quibus
1279 2338 1410 2375 poenae
1427 2340 1448 2363 a
1464 2328 1656 2363 canonibus
1672 2328 1742 2362 sin-

188 2383 336 2431 gillatim
351 2385 560 2432 propositae.
590 2383 710 2431 Neque
726 2384 819 2421 enim
834 2385 1071 2420 vetustissima
1086 2385 1146 2420 illa
1161 2390 1318 2432 tempora
1332 2396 1530 2431 persequor,
1552 2385 1677 2430 quibus
1702 2395 1742 2419 ea

187 2441 360 2477 duntaxat
379 2442 543 2490 capitalia
564 2442 777 2478 vocabantur
803 2452 893 2488 quae
916 2442 961 2476 ab
986 2442 1080 2477 omni
1102 2453 1163 2488 spe
1186 2442 1442 2477 communionis
1466 2446 1672 2483 arcerentur,
1701 2441 1741 2476 de

188 2499 313 2546 quibus
329 2509 375 2534 ex
389 2498 538 2535 Paciano
555 2499 700 2545 aliisque
716 2509 822 2545 supra
836 2498 1001 2534 diximus.
1047 2499 1127 2534 Alia
1142 2510 1223 2535 vero
1240 2499 1369 2534 leviora
1385 2503 1420 2533 et
1435 2498 1637 2544 quotidiana
1652 2498 1741 2534 dice·

187 2556 326 2600 bantur,
340 2556 414 2592 sive
429 2567 519 2603 quae
533 2567 598 2592 nos
614 2556 764 2591 venialia
778 2566 1038 2602 nuncupamus,
1055 2556 1127 2591 sive
1143 2556 1273 2601 alioqui
1288 2555 1463 2597 mortalia,
1481 2555 1542 2589 sed
1558 2554 1598 2590 de
1615 2555 1739 2602 quibus

183 2613 286 2649 mna
298 2613 504 2649 nominatim
521 2617 657 2649 extaret
671 2613 708 2648 in
724 2613 950 2648 conciliorum
965 2613 1111 2648 decretis
1127 2613 1270 2648 mentio.
1301 2611 1408 2654 Quale
1423 2612 1520 2646 verbi
1534 2613 1647 2658 gratia
1661 2624 1739 2648 esse

184 2671 303 2716 *potest
322 2670 478 2717 asperius
498 2671 535 2706 in
560 2680 758 2716 quenquam
782 2669 1003 2705 maledictum
1013 2695 1022 2712 ,
1049 2673 1111 2704 aut
1131 2669 1344 2711 convicium,
1370 2669 1576 2714 periurium,
1603 2670 1739 2716 aliaque

190 2731 364 2770 sexcenta,
381 2738 470 2774 quae
486 2738 685 2774 quanquam
700 2727 820 2761 letalia
834 2727 914 2770 sint,
930 2726 1047 2761 nullae
1062 2730 1178 2760 tamen
1193 2726 1237 2760 iis
1251 2736 1272 2759 a
1287 2726 1478 2761 canonibus
1495 2732 1593 2762 erant
1607 2738 1739 2774 poenae

191 2784 409 2821 constitutae.
453 2785 615 2820 Declarat
628 2783 694 2819 hoc
712 2783 879 2829 Origenes
894 2784 971 2818 loco
988 2786 1070 2818 ante
1085 2783 1188 2818 citato
1204 2782 1319 2818 verbis
1342 2782 1428 2818 istis.
1473 2782 1513 2818 Si
1527 2796 1601 2826 voe,
1617 2785 1739 2831 inquit,
1774 2803 1803 2829 p.
1815 2795 1873 2823 240.

193 2841 310 2886 aliqua
325 2842 597 2888 culpamur-talis
610 2843 790 2882 invenerit,
815 2853 900 2886 quae
923 2852 988 2874 non
1009 2842 1046 2873 in
1061 2841 1202 2873 crimine
1217 2840 1367 2881 mortali,
1391 2851 1456 2874 nou
1476 2843 1512 2874 in
1529 2841 1739 2887 blasphemia

185 2898 288 2942 fidei,
303 2909 389 2944 quas
401 2910 496 2934 muro
511 2900 738 2934 ecclesiastici
753 2903 786 2932 et
800 2897 980 2943 apostolici
996 2897 1163 2941 doqmatie
1179 2898 1293 2931 cincta
1309 2903 1374 2939 est,
1389 2898 1450 2931 sed
1463 2898 1517 2932 vel
1530 2900 1566 2931 in
1581 2902 1739 2933 sermoni-

194 2953 270 2995 bue,
285 2955 340 2988 vel
351 2956 389 2988 in
402 2967 528 2990 norum
543 2958 626 2990 vitio
642 2956 821 2996 consistat,
838 2953 901 2988 Ιιοο
918 2959 968 2987 est
981 2954 1171 2988 vendidisse
1188 2953 1329 2995 domum,
1351 2966 1436 3000 quae
1451 2957 1487 2988 in
1504 2967 1589 3000 aqro
1605 2961 1668 2997 est,
1685 2958 1740 2990 vel

193 3012 231 3044 in
245 3013 337 3053 vico,
354 3014 411 3045 oua·
425 3024 538 3047 nurus
553 3025 618 3048 non
635 3018 694 3047 est,
735 3011 835 3045 Haec
851 3023 930 3055 erqo
946 3011 1094 3045 venditio
1110 3010 1299 3045 huiusmodi
1314 3012 1415 3056 culpa
1430 3023 1560 3058 semper
1575 3015 1739 3058 reparari

189 3072 314 3113 potest,
337 3079 396 3102 nec
418 3069 600 3114 aliquando
625 3070 687 3103 tibi
700 3069 917 3102 interdicitur
940 3069 980 3102 de
997 3069 1178 3102 commissis
1194 3067 1420 3104 huiuscemodi
1427 3071 1668 3115 poenitentiam
1680 3081 1736 3113 ye-

263 3135 350 3168 eorp.
362 3136 526 3165 Haereseol.
538 3137 590 3164 111.
1443 3136 1470 3174 O
