1968 3294
608 253 822 288 scmP'rAE
846 253 900 288 An
923 252 1021 287 ΑΕΒ.
1047 248 1211 286 immo.
1633 243 1685 283 77

138 334 198 368 dit.
245 333 311 368 sed
335 345 435 379 quum
459 345 491 378 p.
513 336 578 366 888
605 334 705 378 (782)
740 334 823 367 haee
856 332 1083 378 reperiuntur:
1119 331 1191 367 Καὶ
1224 330 1272 367 ἔτι
1304 329 1543 379 ὑπερβήσομαι
1567 329 1616 370 είς
1638 329 1679 365 τὰ

140 389 260 436 ἔτερα,
285 402 326 424 eo
351 389 520 430 addu‘cor,
546 398 582 423 ut
606 391 760 432 credam,
786 397 935 424 nostrum
952 388 1063 422 locum
1087 388 1133 422 ita
1157 387 1459 434 interpungendum
1482 398 1574 420 esse:
1601 381 1687 421 Ἔτι

138 446 178 484 δὲ
201 445 450 494 ὗπερβήσομαι,
479 444 517 483 τό
544 445 644 491 ῥητὸν
668 448 794 488 ἱκανῶς
817 443 1082 492 ἓρμηνευόμενον
1105 444 1260 489 νομίζων,
1284 445 1343 480 καὶ
1367 443 1424 480 ἐπὶ
1444 442 1488 480 τὰ
1511 442 1610 488 ἔτερα

139 502 385 549 ἐπινενοημένα.
433 503 522 545 Quid
547 516 626 537 vero
651 504 810 538 faciamus
833 503 904 537 istis
916 514 929 536 :⁴
945 502 1005 538 τοῦ
1030 501 1137 546 λέγειν
1160 500 1376 547 ἐπιλάβοιμιῗ
1414 501 1684 548 Exspeetsveris:

138 561 197 596 τοῦ
221 560 328 605 λέγειν
353 560 582 607 ἐπιλαβοίμην.
631 560 697 594 Sed
722 573 764 594 ne
786 561 871 595 haec
893 559 1027 605 quidem
1051 569 1126 591 eum
1149 559 1275 603 reliqua
1307 559 1461 592 oratione
1495 557 1687 592 cohaerent.

140 618 215 659 Quo
239 617 391 657 accedit,
425 617 515 662 quod
541 616 831 663 ἐπιλαμβάνεσὲαι
861 628 894 662 p.
916 618 982 651 898
1007 615 1121 660 (787).
1167 618 1231 648 714
1258 615 1360 659 (798)
1392 621 1427 648 et
1450 615 1528 648 alibi
1551 615 1594 648 de
1619 614 1685 648 ho-

138 674 207 708 stili
230 674 352 708 dicitu·-
375 673 607 719 aggressione,
643 675 733 707 cuius
766 675 861 708 notio
893 674 927 707 in
961 673 1063 706 verba
1097 672 1156 707 τοῦ
1180 671 1286 716 λέγειν
1312 671 1530 718 ἐπιλαβοίμην
1554 671 1687 705 minime

140 731 240 766 cadit.
289 731 377 772 Quid
401 730 533 764 multa?
562 732 682 764 Lector
706 732 792 776 pius,
815 731 875 765 sed
900 729 1202 769 Gracchus-barus,
1226 728 1309 762 haec
1335 729 1447 770 verba,
1474 729 1687 774 postmodum

139 788 255 823 vitiata
279 795 314 822 et
336 788 370 821 in
395 793 588 821 contextum
612 795 748 834 recepta
762 815 769 828 ,
800 787 939 833 margini
961 786 1174 832 adscripsisse
1199 785 1349 819 videtur:
1386 786 1446 821 τοῦ
1471 786 1577 830 λέγειν
1601 782 1687 821 ἄπο-

139 842 294 890 λαῦοιμι,
317 845 352 878 id
375 851 446 878 est:
478 847 566 879 lectio
587 847 665 878 mihi
686 849 794 888 prosit.

233 903 268 936 P.
290 903 356 936 668
382 901 496 946 (788).
544 901 963 948 Προῦπανττῖοεται
995 898 1076 946 γὰρ
1100 897 1255 940 αὐτοῖς
1284 898 1331 936 τὸ
1357 896 1421 935 ὑπ’
1446 897 1585 936 αὐτοῦ
1608 900 1687 936 τοῦ

138 958 302 1004 κυρίου
337 958 598 1004 εἰρημένον]
635 957 937 1003 Προεπαντῆσεται
968 957 1043 992 cod.
1076 956 1216 1003 Rhedig.
1247 956 1344 990 male.
1392 956 1614 1001 Προῦπαντᾶν
1638 964 1688 990 est

135 1021 344 1060 praevertere,
368 1017 402 1049 in
424 1019 616 1049 antecessum
639 1026 797 1050 occurrere
819 1029 844 1049 s.
867 1017 1016 1059 refutare,
1038 1014 1131 1048 verbi
1154 1011 1302 1050 ιῖπαντᾶν
1326 1014 1359 1048 vi
1382 1027 1440 1059 eu,
1466 1015 1508 1048 de
1532 1026 1596 1060 qua
1621 1014 1687 1047 dixi

139 1073 290 1119 Symbol.
313 1072 357 1106 ud
381 1074 525 1106 Philoslr.
551 1073 618 1106 Vit.
643 1073 745 1118 Soph.
771 1085 804 1118 p.
827 1075 879 1109 1⁵9.
903 1074 980 1106 107.
1028 1070 1124 1106 Adde
1148 1073 1239 1106 suia.
1266 1083 1296 1105 v.
1325 1069 1483 1116 Πρόκλος
1515 1077 1548 1104 et
1578 1073 1687 1114 Cyn-111.

139 1132 343 1165 Alexandr-in.
367 1141 418 1175 sp.
445 1131 521 1163 Mat.
550 1129 690 1164 Collect.
715 1131 802 1164 Nov.
829 1131 904 1164 Vet.
928 1128 1050 1175 script.
1073 1130 1114 1163 Τ.
1137 1129 1209 1162 Vll.
1236 1140 1270 1174 p.
1292 1131 1367 1162 104.
1391 1139 1425 1162 α.

233 1189 268 1222 Ρ.
294 1188 360 1221 880
384 1187 498 1231 (768).
545 1185 919 1233 κεκρατυμμένα]
947 1187 996 1220 De
1020 1185 1127 1221 verbis
1150 1186 1183 1219 in
1207 1187 1275 1221 ἴον-ω
1294 1186 1512 1231 exeuntibus,
1547 1198 1631 1232 quse
1654 1186 1686 1219 in

139 1244 294 1291 perfecto
319 1243 451 1290 passivo
474 1242 588 1277 literas
613 1247 670 1290 ιᾙ
695 1244 906 1284 adsciscunt,
939 1243 1029 1279 conf.
1053 1244 1094 1278 T.
1118 1244 1142 1276 Ι.
1168 1255 1199 1288 p.
1224 1245 1288 1276 178
1313 1243 1392 1288 (87)
1430 1243 1689 1289 μεμολυμμένας

139 1306 256 1349 χεῖρας
279 1302 352 1337 eod.
377 1304 460 1338 Veu.
476 1314 538 1348 pro
565 1302 651 1347 vulg.
678 1302 934 1348 μεμολυσμένας
960 1314 1003 1348 χ..
1027 1302 1068 1336 Τ.
1084 1302 1142 1334 ΙΙΙ.
1168 1312 1198 1346 p.
1210 1302 1255 1333 40
1278 1300 1380 1345 (829)
1406 1298 1604 1346 danaim<
1626 1300 1689 1345 τὴν

140 1361 301 1405 γλῶτταν.
349 1373 381 1406 p.
396 1363 459 1393 178
483 1360 595 1405 (905).
633 1359 806 1393 Geminam
831 1359 972 1394 formam
998 1358 1173 1393 verborum
1197 1358 1231 1391 iu
1255 1359 1336 1394 αἰἶὶἷ)
1361 1357 1549 1392 exeuntium
1573 1357 1687 1403 attigi-

139 1429 212 1452 mus
233 1424 349 1452 annot.
375 1417 409 1451 in
434 1418 474 1451 T.
501 1419 524 1451 l.
552 1431 584 1463 p.
609 1419 675 1450 434
696 1417 807 1462 (234).
855 1414 1110 1462 Κρατυνὸμενος
1139 1423 1252 1449 tamen
1280 1416 1483 1459 Epiphanius
1505 1427 1604 1462 quam
1628 1427 1688 1451 κε-

139 1474 371 1521 κρατυμμένος
394 1473 506 1509 dicere
529 1474 645 1508 maluit
667 1475 708 1508 T.
728 1476 782 1508 ΙΙΙ.
807 1486 839 1520 p.
859 1477 924 1507 184
949 1474 1063 1519 (909).

234 1532 471 1578 Ρ.884(770).
497 1532 551 1567 Οἱ
574 1530 797 1577 γεννάδαι
888 1531 963 1567 καὶ
987 1531 1054 1571 εἰς
1077 1530 1220 1567 πάντα
1245 1526 1479 1577 εὗτολμοι]
1505 1529 1687 1572 Γεννάδας,

139 1600 327 1633 aenerosus,
352 1601 424 1624 cum
449 1589 556 1622 ironia
579 1588 701 1623 dicitur
717 1599 850 1631 procax.
899 1589 996 1622 Conl'.
1023 1602 1054 1634 p.
1072 1591 1138 1622 708
1161 1590 1275 1635 (794).
1307 1587 1354 1624 Τί
1376 1586 1440 1634 γὰρ
1464 1586 1563 1624 πάλιν
1586 1588 1689 1635 φασὶν

142 1646 173 1682 οἱ
196 1645 372 1692 γεννάδαις
408 1658 440 1691 p.
460 1649 524 1680 724
551 1647 652 1692 (804)
676 1645 754 1691 λέγε
778 1658 856 1691 μοι,
882 1639 912 1681 οἶ
934 1642 1097 1691 γεννάδα,
1120 1645 1154 1682 τί
1176 1645 1285 1691 λέγεις
1321 1648 1362 1681 Τ.
1383 1647 1440 1680 lll.
1465 1658 1498 1692 p.
1517 1649 1563 1680 40
1586 1647 1688 1692 (829)

142 1702 262 1740 ἑκατὸν
296 1703 482 1749 μαρτυρίας
511 1703 623 1748 φέρειν
659 1700 678 1740 0‘
712 1702 875 1748 γεννάδας
908 1702 1139 1748 ἐπηγγείλατο.
1186 1715 1221 1748 p.
1247 1706 1310 1738 192
1334 1704 1437 1749 (914)
1471 1705 1520 1751 τῷ
1546 1702 1690 1751 γεννάδα

140 1757 276 1807 Ἀετίῳ.
336 1773 367 1806 p.
393 1763 458 1794 808
483 1761 596 1806 (981).
636 1763 701 1794 ³12
725 1760 838 1806 (983).
876 1763 941 1794 322
966 1761 1080 1805 (989).
1139 1760 1259 1794 Fadum
1294 1762 1400 1795 ironia
1435 1762 1510 1796 voci
1543 1765 1691 1807 γενναῖος

141 1818 229 1852 inest
252 1829 285 1864 p.
301 1820 366 1851 880
388 1818 489 1864 (779)
510 1811 561 1853 Ὦ
584 1821 726 1862 γενναῖοι
751 1817 910 1863 σοφισταὶ
932 1817 991 1853 καὶ
1013 1817 1080 1853 τῶν
1105 1815 1213 1863 λόγων
1237 1820 1462 1864 διαστροφεῐς.
1497 1826 1532 1852 et
1555 1818 1644 1853 alibi.

233 1876 267 1909 P.
291 1878 357 1909 888
380 1875 492 1920 (771).
541 1874 675 1920 δίκην
707 1875 940 1920 πειρατῶν
973 1872 1150 1920 ἀνδρῶν
1183 1872 1377 1920 σώματα
1401 1874 1510 1922 ῦγιῆ
1533 1874 1687 1922 α’κρω-

140 1930 472 1978 τηριαζόντων]
501 1933 549 1966 De
565 1932 719 1977 Origene,
744 1932 927 1966 sententias
951 1944 991 1966 ex
1014 1932 1104 1966 libris
1125 1932 1226 1966 sacris
1244 1933 1454 1967 membratim
1471 1933 1688 1980 decen-pente,

140 1989 293 2024 similiter
316 1990 462 2037 loquitur
484 1991 658 2024 methodius
681 2002 734 2036 ap.
762 1991 926 2032 Epiphun.
951 1991 991 2025 T.
1018 1991 1058 2023 ll.
1083 2001 1116 2035 p.
1137 1993 1201 2024 322
1226 1990 1327 2036 (578)
1362 1989 1516 2036 καῇἀπερ
1541 1990 1690 2037 Σκύδης

142 2045 266 2094 ἐχθροῦ
289 2059 374 2088 τινος
400 2044 553 2093 ἀφειδῶς
574 2045 659 2091 πρὸς
682 2044 850 2092 ἀναίρεσιν
873 2046 1089 2092 κατατέμνων
1112 2046 1156 2084 τὰ
1180 2047 1278 2093 μέλη.

234 2106 269 2139 Ρ.
292 2107 358 2138 888
383 2105 496 2151 (772).
543 2104 624 2141 καὶ
654 2106 797 2148 δῆλον
831 2101 852 2141 ὅ
874 2116 916 2140 τι
946 2104 1024 2140 καὶ
1055 2105 1191 2141 παντὶ
1222 2106 1279 2153 τῷ
1306 2103 1489 2143 σύνεσιν
1513 2119 1688 2153 κεκτη-

142 2161 261 2208 μένῳ
286 2161 432 2208 σαφὲς
455 2162 540 2207 εἴη]
569 2158 620 2197 “O
643 2173 675 2198 τι
698 2173 760 2208 pro
785 2162 919 2207 vulgato
944 2158 997 2198 ’ὅτι
1019 2163 1178 2208 scriptum
1206 2164 1339 2198 nollem.
1387 2166 1595 2212 Quamquam
1619 2166 1689 2210 δῆ-

140 2221 195 2256 λον
219 2219 308 2263 (scil.
331 2218 421 2263 ἐστί)
445 2216 498 2255 ὅτι
521 2219 608 2266 (scil.
629 2219 743 2264 τοῦτο)
769 2218 877 2266 σαφὲς
901 2220 954 2264 εἴη
979 2220 1138 2254 molestus
1163 2228 1213 2255 est
1236 2221 1460 2267 pleonasmus,
1485 2235 1584 2270 quem
1606 2224 1690 2266 Epi-

138 2277 278 2319 phanius
299 2276 380 2310 alias
404 2277 532 2311 vitavit.
580 2277 655 2311 Vid.
679 2284 793 2312 annot.
816 2277 851 2311 iu
875 2278 917 2314 T.
938 2278 976 2310 ll.
1004 2290 1035 2323 p.
1052 2281 1116 2312 162
1143 2279 1255 2324 (482).

234 2333 270 2367 P.
297 2335 362 2367 888
385 2333 496 2379 (772).
545 2331 720 2370 Οιῗκέτι
750 2332 799 2371 δὲ
821 2331 989 2371 ταῦτὸν
1018 2335 1120 2381 περὶ
1142 2334 1215 2373 τὸν
1239 2335 1335 2373 υίόν
1359 2335 1584 2383 *rivatim-J
1610 2338 1689 2372 Nou

141 2397 214 2430 est,
241 2390 330 2436 quod
355 2386 416 2426 ου’κ
441 2390 514 2427 ἔστι
535 2391 710 2427 scribatur.
758 2388 896 2437 Ου’κέτι,
919 2395 986 2427 {um
1008 2405 1082 2435 non,
1104 2393 1281 2436 interdum,
1307 2400 1342 2428 ut
1365 2395 1432 2429 hoc
1456 2395 1548 2436 loco,
1571 2408 1605 2441 p.
1622 2398 1688 2429 878

144 2447 246 2494 (778)
271 2454 306 2482 et
329 2447 426 2488 alibi,
455 2447 714 2494 συλλογιστικὸν,
737 2460 805 2483 uon
828 2439 980 2496 χρονυιόν
1003 2458 1063 2485 est.
1111 2450 1188 2484 Vid.
1209 2454 1274 2486 Ast.
1303 2451 1528 2487 Animadvers.
1555 2453 1589 2487 in
1602 2455 1689 2488 mat.

142 2505 226 2551 Leg.
251 2516 283 2550 p.
299 2507 376 2538 582.
401 2512 435 2538 et
460 2505 610 2551 Symbol.
634 2505 680 2540 ad
703 2508 851 2541 Philostr.
877 2507 941 2540 Vit.
967 2509 1071 2554 δορὴ.
1095 2522 1126 2554 p.
1145 2511 1199 2542 80.

236 2563 271 2597 Ρ.
293 2564 360 2596 870
382 2563 494 2608 (773).
541 2561 708 2607 φυρτὸν
744 2562 882 2611 ἔλαβε
906 2565 1049 2611 σῶμα]
1084 2565 1219 2612 Φυρτός
1244 2566 1440 2600 vocabulum
1465 2573 1516 2600 est
1543 2568 1690 2602 eiusdem

144 2618 282 2658 farinae.
307 2632 346 2653 ac
369 2617 504 2665 φύρσις,
535 2621 578 2654 de
602 2632 668 2666 quo
693 2620 759 2656 vid.
775 2628 889 2655 annot.
919 2622 952 2656 in
974 2625 1015 2657 T.
1032 2625 1071 2656 ll.
1097 2636 1130 2668 p.
1146 2626 1211 2657 802
1236 2623 1350 2668 (735).
1397 2625 1456 2658 Est
1479 2631 1589 2659 autem
1605 2637 1688 2671 φυρ·

141 2675 200 2713 τὸν
225 2675 348 2722 σῶμα,
372 2687 485 2720 corpus
507 2679 691 2720 confusum,
713 2678 747 2712 in
772 2690 838 2723 quo
861 2679 1010 2724 singulae
1034 2687 1145 2726 partes
1171 2692 1236 2714 non
1263 2680 1442 2715 distinctae
1464 2689 1552 2717 sunt.

234 2734 269 2767 P.
294 2736 360 2767 870
384 2734 496 2780 (773).
543 2734 627 2775 Εἰς
650 2733 766 2771 δὲτὸ
791 2735 898 2781 περὶ
930 2737 1130 2782 καρδίας
1153 2735 1428 2783 πιεζόμενοι
1451 2736 1500 2776 οὗ
1524 2738 1690 2777 δύναν·

143 2801 219 2826 ται
242 2785 357 2836 α’ρνῆ
370 2792 554 2837 σασὸαι]
583 2792 728 2825 Advorte
753 2793 885 2826 verbum
910 2793 1034 2836 πιέζω,
1070 2794 1209 2829 notione
1232 2795 1406 2831 dialectica
1431 2806 1620 2844 usurpatum
1646 2800 1688 2833 de

144 2858 206 2889 eo,
231 2847 286 2893 qui
309 2848 450 2894 aliquem
475 2849 678 2894 disputando
703 2857 808 2894 urget.
850 2851 947 2884 Cous.
965 2853 1127 2894 Epiphan.
1153 2852 1192 2886 Τ.
1214 2853 1268 2887 ΙΙΙ.
1292 2866 1325 2899 p.
1341 2855 1407 2888 378
1423 2856 1548 2900 (1019)
1570 2855 1690 2897 καθώς

143 2915 231 2944 τινες
262 2902 422 2946 πολλάκις
453 2932 460 2939 .
485 2931 492 2939 .
517 2931 525 2940 .
556 2903 711 2942 ἑάλωσαν
743 2905 944 2952 πιεζόμενοι.
994 2908 1139 2942 Verbum
1163 2921 1182 2943 a
1206 2909 1370 2954 palaestra
1402 2913 1601 2947 translatum
1625 2922 1688 2947 est.

144 2961 222 2996 Vid.
246 2964 355 2998 Krcbs.
380 2963 555 2998 Observat.
582 2964 616 2998 in
641 2964 681 2997 N.
697 2965 737 2998 T.
765 2976 783 2998 e
807 2964 923 2998 Flavio
948 2965 1089 3010 losepho
1113 2979 1146 3011 p.
1169 2968 1246 3001 299.
1268 2979 1316 3014 sq.
1363 2969 1481 3006 Parem
1506 2971 1688 3017 metapho-

145 3030 215 3053 ram
240 3019 331 3054 verbi
354 3017 534 3068 κατάγχειν
557 3021 654 3068 attigi
678 3021 721 3056 ad
745 3023 850 3056 Elium
874 3023 954 3056 Cret.
979 3023 1043 3058 col.
1065 3025 1131 3057 810
1155 3024 1223 3075 (7).
