2008 3294
170 1960 198 1985 p.
210 1951 270 1978 2⁴17.

311 180 465 217 GCXLII

567 329 627 364 AD
652 328 887 365 HAERESIM
906 328 1048 373 LXIX„
1072 328 1190 372 QUAE
1213 328 1299 365 EST
1321 328 1604 366 ARIANORUM.

400 398 442 433 N.
459 411 482 433 1.
510 395 614 432 Ὅσαι
630 397 692 444 γὰρ
710 395 877 441 ἐκκλησίαι
892 399 948 442 τῆς
964 397 1165 442 καθολικῆς.]
1198 397 1420 444 Singularem
1434 401 1515 434 tunc
1531 398 1698 445 temporis
1716 397 1864 433 Alexan-

310 456 403 490 driae
419 466 553 490 morem
569 454 660 489 hunc
677 454 802 498 fuisse,
824 456 880 490 vel
895 455 1017 490 saltem
1034 456 1155 502 paucis
1178 455 1215 489 in
1231 455 1387 490 ecclesiis
1402 460 1626 502 usurpatum,
1649 466 1694 490 ex
1717 466 1759 490 eo
1783 465 1863 490 cou-

309 513 423 554 iicias,
446 511 537 557 quod
560 515 633 546 tam
655 523 820 558 expresse
835 512 1033 548 istiusmodi
1049 511 1328 555 consuetudinis,
1347 515 1516 559 tanquam
1531 512 1788 548 Alexandrinae
1810 523 1864 547 ec-

309 569 436 603 clesiae
451 569 636 616 peculiaris
646 595 654 611 ,
670 569 844 604 meminit:
866 570 919 604 uti
933 570 1095 604 nimirum
1113 570 1229 615 plures
1245 569 1282 603 in
1298 568 1420 604 eadem
1435 570 1520 605 urbe
1534 570 1628 605 tituli
1641 569 1773 612 forent,
1789 570 1864 615 qui-.

309 626 375 660 bus
398 626 548 672 singulis
572 637 656 660 suus
681 626 868 662 attributus
889 630 982 662 esset
1003 627 1195 673 presbyter,
1220 626 1280 672 qui
1303 626 1553 662 ecclesiasticas
1577 626 1771 662 functiones
1793 626 1864 661 illic

310 682 431 717 obiret.
478 682 546 717 Sed
569 683 654 717 alibi
674 686 791 718 tamen
813 683 1017 730 iampridem
1032 684 1230 718 institutum
1246 683 1339 718 idem
1360 683 1490 718 fuerat:
1514 684 1611 719 velut
1632 683 1782 726 Romae,
1805 683 1866 718 ubi

307 750 370 786 per
384 739 505 775 titulos
521 739 698 775 distributi
711 740 906 786 presbyteri
921 751 1004 775 snos
1021 741 1150 786 quique
1166 740 1313 786 populos
1330 740 1508 786 regebant.
1553 740 1608 776 Ad
1627 752 1687 776 eos
1711 741 1865 787 episcopi

309 796 492 831 dominicis
504 796 626 831 diebus
637 796 860 840 fermentum,
876 797 950 832 sive
962 797 1181 832 benedictum
1198 807 1336 844 panem,
1351 797 1388 832 in
1401 797 1654 833 communionis
1666 797 1865 844 symbolum

307 853 444 888 mittere
460 858 724 889 consueverant.
753 854 977 890 Innocentius
995 853 1038 889 ad
1053 854 1258 889 Decentium
1274 864 1349 900 cap.
1362 866 1396 890 v.
1425 854 1478 889 De
1484 856 1654 900 fermento
1667 867 1764 897 vero,
1780 856 1868 900 quod

309 912 364 944 die
380 912 546 946 dominico
556 923 624 957 per
638 912 752 946 titulos
767 914 942 954 mittimus,
964 912 1130 958 superflue
1151 923 1209 946 noe
1230 912 1402 946 consulere
1423 911 1574 954 voluisti,
1597 923 1671 946 cum
1687 923 1798 947 omnes
1813 923 1866 946 ec·

309 969 433 1003 etesiae
450 974 586 1003 nostrae
600 971 694 1003 intra
712 971 882 1003 civitatem
897 971 966 1002 siut
987 971 1207 1010 constitutae,-
1230 980 1372 1014 quatum
1387 968 1597 1014 presbyteri,
1620 971 1701 1015 quia
1725 970 1780 1004 die
1802 970 1866 1004 isto

305 1032 449 1071 propter
459 1025 590 1071 plebem
606 1026 674 1059 sibi
689 1028 898 1060 commissam
922 1026 1091 1060 nobiscum
1114 1028 1291 1060 convenire
1313 1037 1377 1060 non
1394 1031 1551 1071 possunt,
1573 1027 1649 1060 ideo
1662 1028 1866 1072 fermentum

308 1095 330 1116 a
354 1082 451 1116 nobis
474 1084 659 1128 confectum
677 1094 744 1129 per
760 1082 934 1128 acolythos
958 1085 1151 1128 accipiunt,
1174 1089 1211 1116 ut
1230 1094 1265 1117 se
1289 1096 1312 1117 a
1334 1088 1452 1117 nostra
1474 1085 1698 1118 communione
1723 1085 1868 1118 maxime

306 1139 372 1174 illa
383 1139 439 1174 die
451 1151 515 1174 non
526 1141 679 1174 iudicent
688 1145 879 1185 separatos.
903 1138 1001 1182 Quod
1019 1150 1041 1174 a
1055 1138 1249 1174 Melchiade
1265 1140 1493 1174 constitutum
1508 1139 1619 1174 fuisse
1634 1139 1866 1181 LiberPouti-

283 1215 287 1221 ·
305 1194 416 1231 ficalis
431 1196 580 1231 Damasi>
590 1196 704 1231 tradit.
720 1195 860 1232 Laodic.
878 1195 983 1237 Conc,
1000 1196 1084 1231 Can.
1097 1208 1168 1231 x1v.
1186 1196 1403 1242 eulogiarum
1428 1196 1574 1231 istarum
1597 1196 1773 1232 meminit:
1795 1196 1866 1244 περὶ

305 1255 366 1287 τοῦ
382 1251 426 1300 μὴ
444 1250 485 1286 τὰ
501 1252 579 1299 ἅγια
594 1252 636 1293 εἰς
653 1253 754 1299 λόγον
777 1252 938 1300 εὖλογιῶν
955 1253 1040 1288 κατὰ
1056 1252 1114 1298 τὴν
1136 1251 1249 1299 ἑορτὴν
1273 1255 1332 1287 τοῦ
1356 1251 1478 1300 Πάσχα
1501 1252 1543 1294 εἰς
1556 1252 1675 1303 μἑτέροις
1698 1252 1866 1302 παροικίας

306 1308 552 1356 διαπέμπεσθαι.
591 1309 660 1345 Sed
686 1310 727 1344 de
750 1309 815 1346 hoc
836 1310 904 1345 ritu
921 1310 1079 1357 pluribus
1101 1310 1139 1345 in
1161 1310 1292 1345 Eccles.
1317 1311 1406 1346 Anu.
1430 1310 1602 1346 Batonius
1626 1321 1658 1347 a.
1673 1309 1749 1348 313.
1787 1309 1867 1349 Non

305 1365 427 1402 dubito
443 1367 634 1402 maioribus
651 1366 824 1402 duntaxat
837 1367 874 1401 in
890 1366 1035 1402 urbibus
1051 1367 1168 1414 plures
1184 1367 1277 1402 intra
1297 1367 1476 1414 pomoeria
1497 1367 1616 1403 titulos
1638 1367 1764 1411 fuisse;
1785 1378 1866 1407 cum

309 1424 402 1458 intra
417 1423 538 1458 eadem
554 1428 652 1470 septa
668 1424 838 1458 contineri
853 1434 992 1470 unaque
1005 1423 1189 1460 convenire
1206 1435 1279 1459 non
1297 1428 1459 1471 possent,
1475 1424 1631 1471 adeoque
1645 1425 1866 1471 presbyteros

305 1481 454 1526 singulis
471 1481 628 1515 ecclesiis
645 1481 844 1527 impositos,
865 1480 902 1516 in
925 1481 1120 1516 minoribus
1144 1484 1262 1516 autem
1286 1491 1327 1517 ac
1342 1481 1460 1517 minus
1473 1481 1713 1528 frequentibus
1730 1481 1866 1529 oppidis

306 1547 412 1572 unam
428 1537 600 1572 duntaxat
621 1538 804 1573 ecclesiam
829 1537 1004 1582 extitisse,
1027 1538 1065 1573 in
1088 1549 1194 1584 quam
1216 1538 1372 1574 universi
1394 1537 1618 1575 confluerent.
1665 1537 1867 1575 Cuiusmodi

305 1593 411 1641 Cypri
427 1595 530 1630 urbes
547 1599 655 1630 erant.
681 1594 778 1630 Unde
795 1594 888 1641 quod
900 1595 1132 1630 Alexandriae
1143 1598 1322 1642 receptum
1337 1599 1426 1639 erat,
1442 1595 1538 1631 velut
1550 1596 1777 1643 popularibus
1792 1596 1866 1631 suis

304 1652 527 1698 peregrinum
544 1655 578 1686 et
592 1652 813 1695 inusitatum,
829 1651 1009 1687 adnotavit
1023 1651 1250 1699 Epiphanius.
1283 1652 1370 1688 Hinc
1386 1653 1485 1699 origo
1501 1653 1738 1700 paroeciarum
1748 1679 1759 1696 ‚
1773 1652 1866 1700 quod

305 1709 513 1744 vocabulum
530 1719 552 1743 a
566 1709 751 1744 rusticanis
768 1709 925 1744 ecclesiis
943 1709 987 1744 ad
1004 1709 1141 1745 urbicas
1157 1709 1376 1745 translatum.
1423 1709 1583 1757 Παροικία
1598 1710 1736 1757 proprie
1751 1708 1866 1757 χώραν

306 1777 444 1801 omnem
459 1766 707 1813 regionemque
723 1765 918 1813 significat,
943 1776 1034 1812 quae
1057 1766 1101 1802 ab
1118 1766 1204 1802 urbe
1220 1766 1352 1802 distans
1368 1766 1536 1802 ecclesiae
1551 1770 1663 1802 certae
1678 1766 1866 1804 contribui·

305 1828 372 1866 tur,
389 1822 680 1869 quemadmodum
697 1823 780 1858 olim
795 1822 927 1858 Romae
944 1823 1092 1870 singulis
1105 1823 1241 1859 viciniis
1255 1823 1372 1870 πάγοι,
1389 1823 1463 1859 sive
1479 1824 1585 1860 colles
1597 1824 1776 1861 constituti
1790 1824 1865 1860 iue-

306 1883 385 1914 runt
401 1890 421 1914 a
437 1879 558 1915 Servio
575 1879 688 1915 Tullio
705 1890 804 1927 rege,
826 1883 995 1926 tanquam
1019 1881 1246 1928 κρησφύγετα,
1269 1881 1344 1916 sive
1363 1884 1524 1928 receptus
1541 1891 1582 1917 ac
1596 1880 1772 1929 perfugia,
1796 1891 1864 1928 quo

305 1946 342 1970 se
359 1937 402 1971 ab
419 1936 596 1982 ingruenti
612 1935 711 1972 hoste
727 1940 932 1973 tutarentur.
968 1936 1008 1972 ln
1023 1938 1067 1973 iis
1083 1937 1230 1973 collibus
1246 1948 1326 1973 arae
1341 1938 1547 1976 collocatae:
1569 1937 1660 1974 Θεῶν
1676 1935 1865 1975 ἐπισκόπων

306 2004 338 2028 τε
351 1991 405 2027 καὶ
418 1990 571 2038 φυλάκων
585 1995 643 2027 τοῦ
657 1991 782 2039 πάγου,
799 1993 856 2034 οὖς
869 1991 958 2035 ἔταξε
972 1993 1094 2035 θυσίαις
1107 1995 1229 2035 nemag
1245 1994 1402 2043 γεραίρειν
1419 1998 1482 2031 etc.
1499 1995 1550 2031 ait
1562 1995 1737 2031 Belicam.
1749 1994 1808 2031 lib.
1815 2005 1863 2031 w.

306 2050 379 2086 Imo
396 2060 476 2084 vero
493 2053 528 2085 et
543 2050 627 2097 pagi
642 2050 773 2097 singuli
789 2054 966 2086 curatores
982 2061 1066 2087 suos
1081 2049 1294 2095 habuerunt,
1310 2062 1399 2099 qnos
1411 2049 1608 2092 ἐπισκόπους
1621 2054 1657 2086 et
1667 2050 1865 2099 περιπόλους

306 2107 396 2143 idem
414 2109 533 2142 auctor
549 2107 711 2154 appellat.
745 2105 879 2150 Quibus
895 2106 1171 2144 Christianorum
1186 2107 1222 2143 in
1238 2108 1333 2154 agris
1348 2108 1530 2155 paroeciae
1546 2119 1651 2155 quam
1666 2106 1864 2145 simillimae

307 2164 457 2199 fuerunt.
481 2162 569 2198 Nam
585 2167 620 2199 et
634 2164 705 2199 illic
717 2161 906 2210 ἐπίσκοποι,
923 2164 997 2200 sive
1009 2164 1125 2212 potius
1137 2163 1402 2211 χωρεπίσκοποι,
1419 2165 1502 2201 olim
1517 2164 1757 2212 praefuerunt,
1775 2175 1864 2213 quos

307 2224 535 2268 episcoporum
559 2222 708 2256 vicarios
728 2220 871 2257 Latinae
893 2220 1066 2268 quaedam
1087 2231 1261 2257 canonum
1284 2221 1584 2269 interpretationes
1606 2226 1751 2266 vocant3
1773 2222 1863 2259 aliae

306 2279 536 2324 reqionarios,
553 2287 615 2312 seu
632 2280 788 2322 vicanos,
809 2278 914 2325 longe
931 2288 1036 2325 quam
1052 2278 1133 2314 illae
1147 2278 1285 2315 rectius.
1316 2277 1397 2314 Fuit
1412 2289 1531 2315 eorum
1548 2278 1701 2326 dignitas
1718 2283 1753 2316 et
1767 2283 1863 2327 pote·

306 2340 379 2370 stas
395 2334 605 2382 presbyteris
621 2333 853 2381 simplicibus,
877 2339 916 2371 ut
930 2334 1075 2379 videtur,
1099 2335 1246 2383 amplior
1267 2339 1302 2371 et
1322 2336 1511 2383 episcopali
1532 2347 1670 2384 suppar.
1716 2336 1806 2373 Nam
1829 2340 1864 2374 et

306 2393 486 2429 inferiores
502 2390 640 2427 ordines
656 2391 701 2426 ab
717 2391 760 2427 iis
776 2392 922 2428 collatos
938 2403 1016 2428 esse
1031 2396 1179 2430 constat.
1212 2391 1287 2435 Qua
1308 2392 1350 2428 de
1372 2403 1408 2429 re
1429 2393 1597 2430 obscurus
1620 2397 1675 2429 est
1689 2394 1863 2440 Ancyrani

306 2449 444 2485 concilii
459 2447 543 2484 Can.
557 2459 633 2484 xm.
665 2447 937 2495 Χωριπισκόπους
960 2449 1006 2496 μὴ
1027 2447 1141 2491 litium
1163 2449 1397 2497 πρασβυτίρους
1419 2449 1440 2495 ἢ
1461 2449 1631 2491 διακόνους
1654 2452 1861 2498 χιιροτονίῖν,

306 2504 392 2540 ἀλλὰ
405 2504 486 2553 μηδὲ
501 2503 736 2552 πρεσβυτέρους
750 2504 894 2551 πόλιως,
911 2505 1013 2554 χωρὶς
1027 2509 1085 2541 τοῦ
1098 2504 1310 2555 ἐπιτραπῆναι
1323 2505 1386 2542 ὕπο
1399 2508 1458 2542 τοῦ
1470 2504 1650 2542 ἱπισκόπου
1664 2506 1745 2555 μετὰ
1756 2520 1861 2556 γραμ-

307 2562 418 2609 μάτων
432 2561 463 2597 ἰν
477 2560 569 2610 ίτίρᾳ
582 2561 745 2609 παροικίᾳ.
770 2562 872 2599 Vetat
888 2563 1107 2610 presbyteros
1124 2574 1164 2600 ac
1176 2563 1340 2600 diaconos
1355 2574 1378 2600 a
1392 2562 1644 2611 chorepiscopis
1657 2565 1860 2601 consecrari.

306 2619 375 2655 Sed
392 2619 640 2656 obscurissima
656 2622 737 2655 sunt
753 2629 842 2666 quae
858 2619 1056 2656 subiunxit:
1080 2617 1168 2656 ἀλλὰ
1187 2619 1270 2668 μηδὶ
1286 2619 1537 2669 πριοβυτίρους,
1560 2632 1707 2667 quorum
1731 2621 1860 2669 duplex

307 2681 420 2723 potest
443 2687 518 2713 esse
543 2686 677 2712 sensus.
724 2677 794 2712 Aut
816 2676 908 2713 enim
932 2677 1076 2714 eandem
1099 2677 1241 2714 urbanis
1264 2677 1474 2726 presbyteris
1496 2681 1703 2725 potestatem
1728 2678 1860 2723 adimit,

306 2733 397 2779 quod
415 2733 564 2769 otiosum
581 2737 616 2768 et
631 2733 787 2780 ineptum
802 2732 948 2771 videtur.
977 2733 1060 2777 Quis
1077 2735 1169 2772 enlm
1186 2734 1406 2783 presbyteros
1422 2745 1444 2771 a
1458 2734 1667 2783 presbyteris
1684 2735 1859 2773 ordinatos

308 2800 458 2836 unquam
478 2790 602 2833 audiit,
624 2793 685 2826 aut
708 2790 782 2827 eius
799 2790 848 2826 rei
863 2794 1069 2837 potestatem
1085 2792 1154 2828 illis
1170 2791 1214 2828 ab
1230 2791 1392 2840 episcopo
1407 2801 1468 2839 per
1483 2790 1599 2827 literas
1615 2802 1692 2828 esse
1707 2792 1858 2830 tactam?

306 2845 398 2893 quod
415 2857 524 2882 canon
543 2847 702 2894 excipere
719 2847 862 2884 videtur.
894 2846 956 2884 Vel
980 2853 1070 2884 certe
1091 2848 1356 2896 chorepiscopos
1377 2846 1537 2896 prohibet
1557 2849 1692 2885 urbicos
1715 2849 1857 2897 prosby-

306 2908 398 2939 ιιι-οι
415 2903 572 2939 ordinare
589 2905 663 2939 sine
680 2904 832 2952 episcopi
849 2905 1077 2942 consensione
1093 2915 1132 2942 ac
1148 2905 1275 2951 literius
1295 2904 1398 2953 idque
1419 2905 1454 2942 ln
1473 2905 1587 2942 aliena
1608 2907 1782 2953 paroecia:
1806 2911 1857 2955 qt·

307 2970 373 3007 que
390 2959 438 2995 ita
453 2958 616 2996 Balsamo
626 2987 635 3003 ,
651 2960 743 3007 qnod
761 2972 803 2997 ne
820 2961 934 3009 ipsum
952 2961 1090 3010 quidem
1106 2962 1279 3010 probatur.
1326 2960 1414 2999 Nam
1429 2961 1461 2998 si
1474 2962 1693 3009 presbyteros
1710 2968 1771 3000 aut
1786 2963 1857 3000 dia-

306 3028 413 3053 conos
426 3017 561 3063 penitus
575 3017 732 3053 ordinare
746 3018 888 3053 vetitum
903 3024 970 3061 est,
988 3018 1070 3066 quid
1082 3019 1204 3055 attinet
1216 3019 1256 3055 de
1269 3018 1409 3055 urbanis
1426 3018 1635 3066 presbyteris
1651 3021 1856 3058 nominatim
