2008 3294
369 225 472 262 GGVI

367 341 467 364 unum
480 335 513 363 et
521 334 674 363 sanctum
689 329 867 363 lavacrum
877 329 932 363 vel
936 331 1098 375 profanis
1108 331 1292 375 sacrificiis
1305 329 1513 372 daemonum,
1530 331 1584 365 vel
1596 332 1728 365 incesta
1743 330 1915 365 lavatione

363 387 566 432 polluerint,
583 385 721 420 statuit:
760 384 804 419 Ut
818 385 872 420 laia
886 388 984 420 iuxta
998 388 1157 431 synodum
1174 386 1367 420 Nic-aenam
1389 389 1638 432 satisfactionis
1653 388 1784 433 quidem
1801 389 1916 422 aditus

368 455 431 476 non
457 448 603 487 neqetw,
629 454 669 476 ne
690 443 884 488 infelicibus
905 443 1083 488 lacrymis,
1110 444 1165 477 vel
1185 444 1303 477 solatii
1319 446 1431 478 ‘ianua
1459 445 1693 489 desperatione
1721 445 1914 485 claudatur,

368 502 485 533 acturi
498 511 578 533 vero
588 501 832 545 poenitentiam
846 511 948 546 usque
962 502 999 534 in
1014 502 1100 535 diem.
1116 503 1246 542 mortis,
1266 512 1329 534 non
1344 503 1416 534 sine
1430 513 1489 539 spe
1505 507 1614 536 tamen
1631 503 1838 536 remission‘s
1853 507 1916 536 etc.

366 555 407 590 In
424 566 492 601 quo
508 556 635 590 mirum
658 559 727 598 est,
749 567 829 591 cum
849 555 1021 592 Nicaenus
1041 556 1159 592 Canon
1176 568 1223 592 xi.
1242 556 1441 592 eorumdem
1455 567 1532 592 reos
1549 558 1718 594 scelerum
1734 513 1915 593 duodecim

367 613 468 647 annis
484 612 657 647 duntaxat
670 612 870 648 satisfacere
884 613 1019 656 iubeat,
1043 618 1145 660 atque
1161 614 1209 648 ita
1225 614 1456 657 reconciliari,
1473 614 1673 650 Valentinos
1695 615 1773 650 illos
1789 620 1915 662 patres,

367 670 428 716 qui
442 680 480 704 se
492 669 680 704 Nicaenam
696 662 869 716 synodum
885 671 983 717 sequi
998 671 1213 717 profitentur,
1229 675 1324 706 tanto
1340 671 1521 718 rigidiores
1537 682 1577 707 ac
1593 673 1782 708 severiores
1795 672 1914 707 fuisse.

366 726 420 762 Ad
442 726 527 762 haec
548 728 586 762 in
609 727 742 773 synodo
771 739 861 775 quae
884 727 965 763 Side
986 728 1022 763 in
1044 727 1247 774 Pamphylia
1270 733 1389 769 contra
1409 729 1639 764 Massalianos
1655 727 1774 765 habita
1789 729 1916 775 legitur

367 784 459 831 apud
474 783 637 819 Photium
658 795 694 831 p.
711 796 811 820 xvm.
827 785 1002 820 decretum
1019 790 1086 828 est,
1109 790 1147 820 ut
1168 785 1324 831 quisquis
1341 790 1422 832 post
1436 785 1635 821 damnatam
1651 785 1740 821 hanc
1754 785 1916 821 haeresin

367 852 430 876 seu
445 841 560 876 verbis
575 852 638 876 seu
652 841 754 877 factis
770 843 978 889 contagione
993 843 1086 877 illius
1102 842 1267 877 infectum
1289 853 1326 876 se
1350 853 1426 877 esse
1449 843 1651 889 prodiderit,
1675 853 1855 890 nunqnam
1878 843 1916 878 in

366 903 544 945 posterum
559 898 771 942 admittatur,
787 900 947 946 quamvis
963 900 1087 934 millies
1103 910 1141 934 se
1156 899 1407 946 poenitentium
1419 899 1547 946 gradus
1561 900 1681 948 omnes
1695 901 1916 947 expleturum

365 956 562 1002 promittat:
591 955 704 1003 μηκέτι
719 956 836 991 λοιπὸν
853 956 968 1003 χώραν
984 955 1078 1004 ἔχειν,
1097 955 1174 1002 μηδ’
1191 957 1228 990 ἂν
1246 954 1390 1003 μυριάκις
1406 955 1644 1004 ἐπαγγέληται,
1661 955 1720 1002 τὴν
1735 955 1822 998 τάξιν
1838 955 1915 991 ἁνα-

365 1012 513 1059 πληροῦν
525 1013 592 1046 τῶν
609 1013 866 1058 μετανοούντων.
891 1013 949 1049 Sic
965 1013 1057 1061 apud
1073 1013 1260 1049 Eusebium
1276 1014 1298 1048 l.
1306 1025 1352 1050 vr.
1371 1014 1458 1049 Hist.
1476 1014 1567 1049 Eccl.
1583 1025 1613 1049 c.
1627 1011 1695 1061 μβ’,
1711 1014 1768 1049 vel
1783 1025 1915 1057 xxxva,

366 1069 536 1116 Serapion
557 1080 666 1105 senex
682 1071 735 1106 vir
757 1071 937 1118 egregius,
961 1071 1053 1118 quod
1075 1071 1111 1105 in
1133 1071 1370 1117 persecutione
1386 1072 1504 1117 lapsus
1529 1075 1637 1115 esset,
1659 1071 1800 1107 tametsi
1821 1081 1915 1107 com·

365 1127 567 1163 munionem
582 1138 748 1175 persaepe
762 1128 992 1175 postulasset,
1006 1138 1185 1174 nunqua-m
1201 1132 1255 1163 est
1269 1127 1454 1163 admissus.
1501 1123 1608 1168 Οὗτος
1623 1126 1782 1169 πολλάκις
1800 1126 1913 1174 ἐδεῖτο,

366 1183 420 1218 καὶ
435 1183 538 1225 οὐδεὶς
554 1187 728 1232 προσεῖχεν
744 1184 853 1231 αὐτῷ,
871 1184 925 1228 gai
940 1182 1004 1232 γὰρ
1020 1183 1171 1219 &reflexam
1190 1190 1228 1220 ut
1243 1185 1286 1220 ad
1300 1185 1448 1220 Fabium
1464 1186 1584 1221 scribit
1599 1185 1786 1232 Dionysius
1803 1186 1914 1229 Alex,

365 1241 426 1288 qui
447 1241 648 1284 Novatiani‚
672 1241 828 1288 adeoque
851 1241 1016 1288 Cypriani
1037 1246 1150 1277 aetate
1172 1240 1298 1277 floruit.
1344 1242 1450 1278 Addit
1474 1243 1700 1278 nihilominus
1726 1242 1914 1289 Dionysius

363 1298 611 1335 moribundum
625 1299 695 1334 iam
713 1298 938 1345 Serapionem
954 1310 976 1334 a
990 1309 1027 1334 se
1041 1299 1079 1334 in
1094 1299 1373 1335 communionem
1388 1304 1576 1347 receptum.
1613 1300 1707 1336 Haec
1723 1305 1758 1336 et
1772 1300 1842 1336 alia
1856 1310 1914 1335 su-

363 1356 479 1403 perius
495 1367 540 1391 ex
557 1356 791 1402 antiquiorum
807 1357 990 1392 autoritate
1005 1356 1114 1391 libata
1127 1358 1271 1403 planum
1292 1356 1387 1392 istud
1406 1356 1556 1400 faciunt,
1577 1368 1831 1404 nonnunquam
1853 1356 1913 1393 ab·

364 1414 574 1449 solutionem
589 1413 847 1460 postulantibus
864 1424 908 1448 ex
925 1424 992 1448 usu
1004 1414 1129 1448 veteris
1145 1414 1312 1450 ecclesiae
1325 1413 1531 1461 denegatam
1545 1414 1672 1458 fuisse,
1687 1415 1759 1450 imo
1772 1424 1854 1450 vero
1869 1425 1914 1449 ne

322 1504 330 1513 ,
363 1471 400 1506 in
415 1471 492 1517 ipso
509 1470 650 1517 quidem
664 1471 785 1506 mortis
801 1471 954 1517 periculo
969 1470 1142 1518 plerisque
1158 1482 1369 1507 concessam.
1414 1472 1479 1507 Hic
1501 1472 1602 1507 iustis
1626 1471 1668 1507 de
1691 1471 1826 1508 caussis
1841 1481 1914 1507 am·

364 1528 505 1575 bigitur,
522 1532 638 1563 utrum
654 1528 844 1563 austeriore
859 1528 919 1563 illo
935 1528 1139 1563 Tertulliani
1154 1529 1308 1572 saeculo,
1333 1539 1402 1575 quo
1423 1529 1574 1575 peccatis
1591 1528 1800 1576 quibusdam
1815 1538 1913 1576 spem

365 1596 504 1621 omnem
520 1585 791 1621 reconciliandae
807 1586 941 1631 gratiae
955 1590 1171 1632 praereptam
1188 1585 1385 1630 docuimus,
1409 1597 1453 1621 ne
1475 1586 1512 1621 in
1535 1587 1627 1621 vitae
1652 1585 1792 1633 quidem
1815 1585 1913 1621 exitu

363 1647 623 1690 repraesentata
637 1643 836 1678 communio
852 1643 914 1686 sit,
930 1641 1033 1689 idque
1045 1643 1151 1689 vulgo
1167 1653 1207 1678 ac
1223 1643 1355 1690 passim
1372 1643 1594 1679 observatum
1608 1643 1724 1679 fuerit.
1747 1643 1839 1679 Sunt
1853 1643 1913 1690 qui

364 1704 445 1736 ante
458 1699 623 1747 Cypriani
638 1704 795 1747 tempora
809 1710 942 1735 morem
958 1698 1050 1735 hunc
1064 1700 1100 1735 in
1117 1700 1262 1735 ecclesia
1272 1700 1426 1747 viguisse
1441 1704 1600 1744 censent3
1616 1711 1685 1748 quo
1702 1700 1858 1747 quidem,
1874 1704 1914 1735 ut

362 1758 517 1803 ingenue
539 1757 712 1805 profitear,
735 1757 941 1793 Tertulliani
962 1767 1003 1792 ac
1025 1757 1236 1804 reliquorum
1258 1757 1318 1804 qui
1340 1757 1542 1804 disciplinae
1565 1758 1666 1793 istius
1681 1757 1914 1793 meminerunt

362 1816 589 1863 propensiora
603 1815 803 1850 testimonia
816 1818 908 1849 sunt.
956 1814 1025 1850 Sed
1041 1818 1075 1850 et
1090 1814 1300 1862 Cyprianus,
1321 1815 1458 1861 quoties
1480 1815 1631 1851 instante
1647 1815 1743 1850 obitu
1757 1825 1913 1851 commu·

363 1874 503 1908 nionem
519 1873 628 1919 lapsis
643 1872 813 1919 impartiri
827 1871 1010 1919 praecipit,
1029 1872 1132 1907 tacite
1147 1871 1322 1918 significat
1336 1882 1456 1907 recens
1470 1871 1556 1908 illud
1573 1883 1649 1908 esse
1665 1872 1857 1916 decretum,
1878 1875 1914 1907 et

363 1929 439 1977 χθὲς
456 1929 510 1964 καὶ
526 1928 638 1976 πρώην
655 1930 699 1965 ab
715 1929 863 1964 ecclesia
877 1928 1104 1964 constitutum
1114 1955 1123 1972 ,
1145 1939 1215 1975 quo
1230 1933 1331 1964 vetus
1351 1933 1386 1964 et
1400 1929 1574 1965 contraria
1588 1930 1635 1965 sit
1648 1929 1819 1977 abrogata
1833 1938 1912 1965 san·

362 1988 442 2023 ctio.
473 1987 627 2022 Primum
644 1987 736 2021 enim
754 1985 836 2032 quid
852 1986 1022 2021 attinebat
1035 1986 1142 2032 lapsis
1157 1986 1218 2028 iis,
1239 1986 1299 2031 qui
1313 1986 1510 2021 libellorum
1524 1985 1696 2033 praesidio
1711 1986 1911 2030 niterentur,

363 2045 398 2079 in
414 2044 537 2079 mortis
551 2042 792 2079 tantummodo
809 2042 1005 2078 discrimine
1021 2043 1302 2078 communionem
1322 2043 1525 2086 concedere,
1547 2052 1677 2090 negare
1697 2043 1860 2087 caeteris,
1883 2042 1912 2078 si

363 2101 493 2137 nemini
509 2101 574 2136 sub
589 2105 737 2136 mortem
751 2099 913 2146 neganda
927 2110 996 2147 pax
1013 2103 1128 2134 esset?
1171 2099 1300 2135 Deinde
1317 2110 1395 2135 cum
1411 2099 1589 2135 Romanus
1605 2100 1716 2139 clerus
1732 2100 1774 2136 de
1790 2100 1911 2136 eodem

363 2158 504 2206 negotio
520 2158 642 2193 scribit
656 2157 699 2192 ad
711 2156 939 2203 Cyprianum,
955 2156 1062 2203 Epist.
1075 2167 1184 2200 xxxa,
1200 2167 1245 2192 ex
1260 2157 1337 2203 ipsa
1351 2156 1514 2204 loquendi
1530 2157 1664 2193 ratione
1679 2168 1750 2193 non
1766 2157 1911 2194 obscure

362 2216 454 2251 idem
469 2215 692 2251 demonstrat.
719 2214 837 2256 Cm'ue,
854 2213 982 2260 inquit,
999 2217 1251 2260 temperamenti
1265 2215 1522 2249 moderationem
1539 2226 1597 2250 noe
1613 2214 1669 2250 lu‘c
1686 2221 1796 2251 tenere
1811 2227 1911 2262 quae-

362 2279 473 2308 rentes
479 2299 490 2316 ,
515 2274 589 2316 diu,
614 2278 647 2307 et
667 2273 798 2318 quidem
821 2272 916 2306 muln·
936 2277 969 2306 et
988 2272 1117 2318 quidem
1142 2283 1214 2306 cum
1236 2272 1433 2317 quibusdam
1449 2274 1617 2318 episcopis
1632 2274 1756 2308 vicinis
1771 2273 1866 2309 nobis
1881 2277 1913 2308 et

364 2330 728 2378 appropinquantibus,
745 2335 778 2364 et
790 2339 870 2375 quoe
885 2340 925 2363 ea·
940 2329 1021 2364 aliie
1029 2330 1221 2376 provinciis
1237 2329 1333 2375 lonye
1343 2330 1467 2376 positis
1476 2331 1724 2375 persecutionis
1739 2332 1836 2365 istius
1853 2343 1910 2366 ar·

364 2389 427 2423 dor
447 2390 609 2429 eiecerat,
634 2393 713 2422 arcte
734 2388 994 2421 conam-:tionem
1016 2388 1165 2432 episcopi
1188 2385 1275 2421 nihil
1293 2387 1519 2421 inoeovandum
1539 2391 1697 2432 putamus
1720 2386 1778 2434 (de
1801 2387 1906 2435 lapsis

362 2444 523 2480 videlicet
537 2443 774 2491 recipiendis),
795 2444 856 2479 ned
875 2444 1044 2490 lapsorum
1068 2454 1186 2478 curam
1208 2444 1422 2479 mediocriter
1438 2445 1691 2490 temperandam
1713 2455 1783 2479 esee
1799 2446 1908 2480 credi*-

363 2515 452 2546 mue,
471 2509 506 2538 ut
519 2504 653 2538 mter-im
671 2502 748 2537 dum
764 2503 939 2548 epiecopus
954 2502 1037 2537 dan*
1051 2514 1074 2536 a
1091 2501 1152 2535 cleo
1169 2500 1262 2535 nobie
1276 2503 1468 2543 trutinetur,
1483 2502 1519 2536 in
1534 2512 1690 2548 suspenso
1707 2512 1836 2544 eorum,
1852 2506 1910 2548 qui

363 2571 477 2595 morae
493 2565 636 2606 ponunt
657 2559 832 2594 dilationis
853 2561 1031 2602 sustinere,
1054 2569 1178 2593 caussa
1195 2564 1357 2601 teneatur,
1381 2569 1492 2594 eorum
1513 2563 1638 2600 autem,
1661 2569 1797 2604 quorum
1817 2562 1909 2594 vitae

363 2629 445 2652 uuae
452 2618 555 2664 finem
570 2628 694 2663 ιιι-99η,
709 2618 815 2651 extem
831 2617 1023 2651 dilationem
1040 2627 1104 2651 non
1115 2618 1346 2663 poteetserre,
1369 2620 1450 2651 acta
1467 2617 1677 2662 poen-‘tentia
1700 2620 1732 2650 et
1747 2618 1907 2662 professa

355 2677 553 2720 frequenter
567 2685 698 2709 cuorum
716 2675 1129 2720 detestati'onefactorum,
1151 2675 1183 2707 η’
1197 2673 1376 2719 lacrymis,
1397 2674 1430 2708 εἰ
1447 2672 1640 2719 geminem,
1661 2673 1836 2719 &fletibus
1851 2675 1908 2709 do-

363 2732 462 2765 lentia
477 2743 521 2766 ac
536 2742 614 2766 vere
624 2733 826 2778 poenitentia
841 2732 948 2765 animi*
961 2732 1056 2776 usqne
1066 2731 1299 2777 prodiderint,
1322 2741 1395 2766 cum
1415 2740 1492 2777 epea
1506 2730 1641 2765 civetati
1655 2732 1832 2765 secundum
1850 2730 1907 2766 Ιιο-

363 2790 480 2822 vm'nem
498 2789 590 2823 nulla
606 2788 805 2830 substiterit,
822 2791 873 2823 ita
890 2790 1017 2823 dentum
1034 2794 1133 2823 caute
1148 2793 1181 2823 et
1193 2788 1336 2823 sollicite
1350 2787 1528 2823 subveniri.
1559 2786 1664 2823 Vides
1682 2798 1786 2835 quam
1803 2788 1907 2825 anxie

363 2855 536 2892 quamque
552 2845 684 2881 solicite
705 2856 746 2881 ac
765 2849 846 2893 post
868 2846 1009 2892 longam
1028 2849 1256 2892 exactamque
1278 2843 1564 2881 consultationem
1587 2855 1627 2880 eo
1650 2844 1789 2881 demum
1812 2845 1907 2881 incli-

363 2902 479 2938 narlnt
495 2907 532 2937 ut
548 2902 833 2949 periclitantibus,
848 2913 889 2939 ac
901 2902 1088 2950 desperatis
1104 2902 1234 2950 potius,
1250 2900 1528 2938 communionem
1544 2901 1749 2940 conferrent.
1774 2902 1824 2938 De
1837 2913 1906 2950 quo

362 2959 481 3006 utique
498 2959 754 2995 deliberandum
771 2971 840 2996 non
856 2963 947 3003 erat,
971 2960 1001 2995 si
1017 2964 1093 2995 tum
1108 2959 1301 3007 legitimum
1318 2962 1353 2996 et
1368 2958 1533 2995 usitatum
1549 2963 1657 3004 esset,
1674 2959 1848 2996 neminem
1869 2960 1905 2995 in

361 3017 456 3052 exitu
473 3017 562 3052 vitae
578 3027 598 3052 a
613 3017 856 3053 communione
872 3015 1053 3064 prohiberi.
1076 3016 1206 3053 Eadem
1223 3027 1266 3052 ex
1283 3015 1439 3063 Dionysii
1454 3015 1678 3053 Alexandrini
1695 3017 1808 3053 verbis
1825 3027 1905 3053 con-

361 3074 489 3110 iectura
505 3078 618 3120 potest
633 3073 725 3116 elici,
743 3074 801 3120 qui
818 3074 907 3121 apud
925 3073 1049 3110 Enseb.
1066 3074 1123 3111 lib.
1133 3084 1179 3111 vx.
1197 3084 1270 3121 cap.
1285 3071 1352 3120 ph',
1368 3073 1422 3109 vel
1435 3085 1565 3117 xxxva,
1581 3074 1617 3109 in
1633 3073 1693 3110 illa
1705 3074 1904 3122 Serapionis
