2008 3294
346 176 553 213 CLXXXVI

345 285 398 316 est
411 279 611 326 συνελήφθη,
635 280 728 326 quod
743 281 847 327 culpa
859 280 1078 316 librariorum
1095 280 1229 327 effugit.
1276 279 1416 315 Utinam
1431 283 1569 316 caetera
1582 284 1656 316 tam
1671 280 1772 316 facile
1786 281 1892 316 extri-

345 349 421 373 care
434 340 590 385 possem!
608 347 696 384 quae
711 340 795 372 sunt
807 337 1081 383 impeditissima.
1112 337 1286 384 Imprimis
1303 337 1396 372 enim
1411 348 1474 384 par
1487 338 1573 373 iilud
1588 349 1678 373 coss.
1695 336 1892 372 Σουλπικίου

346 394 554 441 Καμμαρίνου
566 397 601 428 et
614 393 746 437 Βηττέω
758 393 973 441 Πομπηϊανοῦ
986 393 1118 429 ὑπάτων
1129 394 1235 430 nullis
1247 394 1284 429 in
1298 393 1413 429 Fastis
1428 395 1560 442 reperio
1580 394 1681 441 (quos
1697 394 1805 430 fuisse
1821 394 1893 430 sur-

344 451 451 486 fectos
467 454 602 498 oportet
615 462 677 497 per
690 451 752 486 illa
765 451 948 498 tempora).
996 451 1084 487 Cum
1099 452 1207 498 igitur
1223 454 1361 486 autores
1377 450 1443 495 illi,
1466 463 1554 498 quos
1571 452 1655 487 citat
1668 451 1892 498 Epiphanius,

344 512 463 543 natum
475 508 625 543 dixerint
636 507 811 543 Christum
825 519 917 544 anno
929 509 1078 555 Augusti
1090 521 1158 551 x1..,
1175 511 1380 554 conceptum
1391 519 1472 544 vero
1483 508 1583 544 Iunio
1595 509 1652 544 vel
1663 509 1749 544 Iulio
1762 519 1893 551 mense,

345 576 386 600 ac
400 578 451 601 vn
465 565 636 601 duntaxat
648 576 787 602 menses
801 566 840 601 in
859 569 956 601 utero
978 570 1169 612 gestatum,
1192 565 1223 600 si
1245 565 1372 600 natalis
1394 565 1542 601 eundem
1563 577 1643 601 cum
1658 565 1838 613 Aegyptiis
1860 568 1896 600 et

344 622 534 669 Epiphanio
551 623 642 658 diem
662 623 863 666 statuerint,
884 624 1090 659 convenient
1110 622 1146 658 hi
1169 634 1256 658 coss.
1278 622 1316 657 in
1338 633 1469 658 annum
1489 623 1641 670 Augusti
1655 635 1778 659 xxxix.
1826 622 1895 658 Sed

344 681 490 727 Augusti
504 681 628 727 Imper.
643 691 814 716 annorum
828 681 964 716 diversa
979 684 1062 716 sunt
1075 680 1191 722 initia,
1207 679 1250 714 de
1266 679 1393 726 quibus
1417 680 1557 726 copiose
1573 680 1702 715 dictum
1718 683 1782 715 est.
1804 679 1895 715 Nam

345 741 406 772 aut
420 737 463 772 ab
478 737 554 784 ipsa
567 737 645 772 Iulii
661 737 817 773 Caesaris
838 749 941 781 nece,
962 738 1097 773 Iuliano
1112 749 1151 772 11.
1172 739 1409 780 numerantur,
1432 740 1493 772 aut
1513 747 1535 772 a
1557 741 1740 784 sequente,
1762 737 1825 772 1u1.
1841 749 1894 772 m.

345 793 441 830 Unde
456 806 512 830 xr..
528 794 677 841 Augusti
692 795 846 830 Iulianus
863 798 917 830 est
931 795 986 830 vel
1002 807 1073 830 xnr.
1089 794 1145 829 vel
1161 805 1266 835 ηας
1287 794 1325 828 in
1349 804 1497 840 quorum
1519 794 1722 830 alterutrum
1743 794 1895 830 natalem

346 851 471 887 Christi
486 852 670 898 scriptores
684 852 736 888 illi
751 852 983 895 coniecerant3
1006 854 1212 898 conceptum
1236 853 1355 886 autem
1371 851 1575 886 asserebant
1588 851 1652 887 Iul.
1668 854 1725 886 xx..
1741 851 1798 886 vel
1812 863 1896 893 ιιι,

345 919 491 955 quorum
513 909 637 956 aliquis
657 908 823 944 suffectos
842 909 921 944 illos
943 920 1034 944 coss.
1055 907 1189 944 habuit.
1219 907 1350 943 Verum
1372 908 1540 954 quonia'rn
1554 907 1705 954 Augusti
1723 919 1834 943 annos
1850 907 1895 943 ab

343 965 534 1013 Epiphanio
551 963 632 1012 μετὰ
646 965 808 1013 πρόληψιν
824 967 1001 1001 numerari
1016 965 1196 1001 docuimus
1213 975 1235 1000 a
1248 964 1325 1000 Kal.
1336 964 1420 1007 Ian„
1443 969 1482 999 ut
1503 976 1616 1000 annus
1639 965 1732 1000 illius
1749 977 1834 1001 xnn.
1850 965 1897 1000 sit

344 1023 497 1058 Iulianus
518 1023 592 1066 ilie,
615 1023 714 1058 cuius
737 1023 781 1058 ab
804 1023 963 1070 Augusto
986 1034 1107 1058 mense
1123 1034 1209 1058 xnrr.
1230 1022 1383 1068 Augusti
1403 1022 1534 1065 inierit,
1558 1022 1650 1057 unde
1674 1033 1719 1057 ex
1742 1021 1897 1057 eiusdem

346 1091 451 1116 sensu
465 1092 549 1116 xm.
565 1080 713 1126 Augusti
737 1091 824 1115 coss.
848 1081 915 1116 sibi
935 1080 1097 1115 vendicat
1111 1080 1202 1126 Aug.
1217 1091 1294 1116 xm.
1318 1083 1353 1115 et
1376 1079 1571 1122 Silvanum,
1593 1077 1658 1114 hac
1680 1079 1814 1114 ratione
1836 1089 1895 1115 ιι..

346 1137 495 1184 Augusti
517 1137 608 1172 cadit
626 1137 662 1171 in
687 1137 906 1172 consulatum
928 1136 966 1173 C.
985 1137 1126 1172 Calvisii
1146 1141 1181 1172 et
1195 1137 1234 1172 L.
1246 1137 1419 1180 Passieni,
1443 1148 1565 1172 xxxrx.
1581 1147 1662 1171 vero
1678 1136 1768 1182 Aug.
1785 1148 1847 1171 xn.
1863 1140 1898 1170 et

345 1193 383 1230 L.
399 1194 531 1229 Sullam
552 1205 640 1230 coss.
657 1193 776 1237 habet,
800 1194 925 1240 quibus
948 1193 1086 1229 suffecti
1107 1197 1190 1229 suut
1205 1194 1381 1241 Sulpicius
1398 1193 1600 1229 Camerinus
1618 1197 1653 1228 et
1666 1193 1897 1240 Pompeianus

344 1253 402 1287 ille
418 1251 543 1293 Buteo;
567 1251 608 1286 de
626 1251 751 1297 quibus
768 1252 860 1286 circa
874 1250 938 1286 hos
954 1261 1064 1286 annos
1080 1251 1177 1286 nulla
1191 1251 1228 1286 in
1243 1250 1358 1286 Fastis
1373 1251 1516 1286 mentio.
1564 1250 1633 1285 Sed
1649 1260 1742 1285 anno
1758 1250 1898 1285 demum

344 1309 477 1345 Iuliano
500 1321 567 1344 mv.
595 1307 634 1350 Q.
656 1307 830 1354 Sulpicius
852 1307 1055 1343 Camerinus
1082 1311 1118 1343 et
1145 1308 1326 1355 Poppaeus
1348 1307 1500 1343 Sabinus
1533 1318 1621 1343 coss.
1644 1307 1898 1342 adscribuntur.

346 1367 396 1402 De
413 1365 542 1412 Βηττέῳ
558 1365 763 1411 Πομπηϊανῷ
779 1364 866 1400 nihil
879 1366 1024 1412 reperio.
1070 1365 1170 1407 Quod
1190 1376 1318 1401 nomeu
1338 1365 1504 1400 mendose
1525 1365 1563 1400 in
1585 1364 1690 1400 dandi
1710 1375 1795 1400 casu
1815 1364 1898 1400 scri-

345 1427 443 1471 ptum
471 1426 531 1458 est.
578 1422 710 1468 Corrig.
734 1423 852 1468 itaque
876 1421 1007 1465 Βηττέω
1033 1421 1263 1468 Πομπηΐανοῦ,
1295 1422 1386 1468 quod
1414 1422 1579 1457 orationis
1604 1423 1711 1457 series
1734 1421 1898 1468 postulat.

345 1480 483 1527 Alioqui
496 1491 566 1515 nou
582 1490 660 1514 sum
682 1480 837 1522 nescius,
859 1479 945 1526 quin
959 1478 1084 1515 Latino
1101 1490 1198 1514 more
1215 1490 1303 1515 coss.
1319 1479 1463 1515 nomina
1477 1491 1539 1526 per
1554 1477 1900 1514 dativum-interdum

345 1548 508 1586 expressa
518 1537 687 1583 legantur.
711 1536 758 1572 Ut
771 1537 808 1571 in
820 1537 896 1573 Vet.
909 1537 1066 1583 Inscript.
1078 1536 1247 1572 Alexand.
1261 1535 1456 1572 Chronicon
1468 1547 1550 1584 pag.
1559 1536 1637 1573 497.
1649 1546 1740 1571 anno
1749 1534 1900 1582 Augusti

345 1607 401 1631 ιι..
418 1598 536 1630 natum
552 1605 627 1629 esse
644 1593 818 1629 Christum
833 1597 1023 1637 memorat,
1042 1593 1264 1629 monarchiae
1281 1606 1405 1630 xxvm.
1451 1593 1521 1629 Sed
1538 1593 1742 1629 mendosum
1759 1603 1834 1628 esse
1849 1592 1899 1627 lo-

345 1664 424 1688 cum
439 1663 578 1688 necesse
594 1655 658 1687 est.
690 1650 780 1693 Quia
794 1661 877 1698 pag.
889 1650 966 1686 453.
984 1662 1094 1686 annos
1111 1651 1270 1698 Augusto
1293 1651 1415 1687 tribuit
1430 1662 1504 1695 nvi,
1525 1661 1664 1686 menses
1680 1662 1734 1693 vr,
1757 1661 1803 1685 ex
1824 1649 1899 1696 qui-

345 1711 410 1746 bus
426 1722 484 1746 xrv
500 1713 578 1756 post
593 1708 718 1744 Christi
740 1709 895 1744 natalem
909 1708 1008 1745 vixit.
1055 1707 1153 1743 Unde
1169 1720 1255 1744 xur.
1272 1718 1376 1755 agere
1398 1708 1517 1743 debuit
1537 1719 1606 1755 quo
1627 1711 1783 1754 tempore
1798 1710 1900 1742 natus

346 1772 398 1803 est
413 1767 578 1803 Christus.
602 1765 784 1802 Caeterum
801 1765 987 1802 Cornarius
1002 1776 1064 1813 pro
1082 1765 1214 1810 Βηττέω
1226 1765 1442 1812 Πομπηϊανοῦ
1457 1765 1516 1802 Gn.
1524 1764 1729 1812 Pompeiano
1741 1763 1898 1799 reddidit.

346 1825 417 1860 Nos
434 1824 623 1860 Buteonem
640 1827 817 1870 utcunque
832 1823 1038 1866 maluimus,
1055 1822 1148 1870 quod
1162 1822 1350 1858 Fabiorum
1366 1833 1563 1869 cognomen
1577 1822 1654 1858 fuit.

436 1880 623 1927 Εὑρήκαμεν
639 1879 702 1928 γὰρ
719 1878 783 1914 ἀπὶ)
800 1880 919 1914 τούτου
935 1883 993 1914 τοῦ
1010 1879 1260 1927 Προπόσωνος]
1305 1879 1561 1915 Foedissimum
1583 1878 1639 1914 hic
1655 1878 1820 1915 mendum
1835 1880 1900 1922 est,

346 1939 387 1974 de
404 1950 472 1985 quo
488 1938 648 1985 capillum
664 1949 734 1973 non
750 1938 967 1984 promittam,
983 1947 1096 1984 neque
1113 1937 1279 1984 occipiam
1298 1936 1510 1972 hariolarier.
1535 1935 1741 1982 Quanquam
1758 1946 1802 1971 ex
1818 1945 1900 1971 con·

346 1995 567 2043 sequentibus
584 1994 667 2041 quid
683 1994 904 2030 scribendum
918 1994 1022 2029 fuerit
1037 1994 1115 2029 elici
1130 1998 1255 2041 potest.
1286 1994 1424 2029 Etenim
1440 1994 1484 2028 ab
1500 2004 1541 2030 eo
1559 1993 1629 2036 die,
1647 2003 1751 2039 quem
1766 1992 1824 2028 isti
1839 2002 1900 2027 na-

346 2053 406 2089 tali
421 2051 668 2100 praefixerant,
692 2051 735 2087 ad
758 2062 789 2086 a.
806 2051 838 2086 d.
854 2062 930 2087 vm.
954 2050 1116 2086 Eid.1an.
1139 2061 1277 2086 menses
1294 2051 1343 2086 ait
1358 2052 1526 2086 interesse
1541 2062 1592 2086 vir
1607 2051 1762 2092 lunares,
1783 2050 1900 2085 minus

347 2111 467 2146 diebus
482 2122 529 2146 ιν.
562 2110 666 2156 Atqui
682 2121 717 2144 vi
733 2109 871 2144 lunares
887 2119 1026 2143 meuses
1038 2107 1112 2143 dies
1128 2108 1299 2154 colligunt
1318 2107 1392 2150 177,
1416 2107 1543 2153 quibus
1560 2106 1666 2142 additi
1683 2106 1726 2141 26
1743 2106 1902 2142 efficiunt

346 2168 419 2203 dies
435 2166 512 2210 203,
529 2167 587 2214 qui
604 2166 645 2201 de
660 2165 724 2201 371
744 2165 888 2201 detracti
902 2164 1102 2211 relinquunt
1118 2164 1191 2200 dies
1211 2163 1285 2201 168.
1310 2164 1431 2211 Itaque
1452 2163 1524 2200 169.
1538 2164 1591 2199 die
1608 2174 1629 2198 a
1644 2163 1720 2200 Kal.
1733 2163 1820 2207 Ian„
1835 2163 1901 2199 hoc

346 2229 399 2260 est
414 2237 484 2260 xrv.
499 2224 574 2260 Kal.
592 2223 714 2266 Iulias,
736 2226 942 2270 conceptum
962 2233 1040 2258 esse
1056 2220 1250 2265 Christum,
1274 2225 1308 2256 et
1329 2220 1406 2256 203.
1430 2225 1553 2268 postea
1575 2220 1647 2264 die,
1668 2221 1741 2256 sive
1765 2233 1810 2257 vr.
1827 2221 1901 2257 Ian.

345 2287 467 2318 natum
481 2284 719 2317 asseverarunt
734 2280 783 2316 illi
800 2280 841 2315 de
858 2280 983 2327 quibus
997 2278 1210 2326 Epiphanius
1224 2278 1386 2325 loquitur.
1410 2278 1574 2325 Adeoque
1590 2279 1640 2314 sic
1657 2278 1901 2326 concipiendus

347 2339 401 2376 hic
418 2340 514 2375 locus
537 2338 618 2374 tuit:
641 2336 706 2372 ἀπὸ
723 2339 788 2372 τῶν
806 2337 870 2384 πρὸ
888 2336 967 2372 δέκα
983 2336 1043 2371 δύο
1060 2335 1240 2371 Καλανδῶν
1258 2334 1416 2371 Ἰουλίων.
1440 2335 1504 2371 Vel
1521 2335 1603 2382 quia
1619 2334 1690 2370 dies
1707 2339 1760 2370 est
1775 2334 1901 2383 Epiphi

347 2408 441 2433 xxiv.
459 2394 522 2431 ἀπὸ
539 2398 594 2440 τῆς
610 2398 668 2430 τοῦ
685 2393 797 2441 Ἐπιφὶ
817 2392 879 2429 κδ’.
927 2394 973 2430 At
993 2393 1181 2429 Comarius
1203 2392 1268 2440 πρὸ
1292 2392 1438 2434 Πίσωνος
1460 2392 1588 2439 legisse
1609 2392 1754 2428 videtur.
1802 2391 1902 2435 Quod

345 2466 416 2490 non
433 2458 486 2489 est
499 2452 775 2500 improbandum.
808 2451 853 2487 Ut
868 2452 917 2487 ita
931 2451 1089 2487 semesis
1110 2449 1408 2498 interpretandum
1431 2450 1492 2485 sitz
1516 2449 1560 2484 ab
1585 2460 1675 2485 anno
1699 2450 1900 2485 consulatus

346 2512 436 2558 Aug.
454 2522 530 2547 xm.
546 2514 580 2546 et
595 2510 739 2553 Plautii,
757 2514 860 2557 atque
875 2520 898 2545 a
914 2521 983 2545 xxv.
999 2507 1145 2544 Kahlul.
1162 2508 1236 2543 eius
1249 2507 1332 2543 anni
1349 2506 1392 2542 ad
1408 2518 1456 2543 xi.
1474 2505 1562 2552 Tybi
1573 2532 1582 2549 ‚
1599 2517 1666 2553 quo
1684 2506 1851 2542 Lentulus
1868 2511 1902 2542 et

348 2569 426 2605 Piso
443 2579 531 2604 coss.
546 2568 704 2610 fuerunt,
721 2578 770 2603 vn
786 2567 926 2603 lunares
941 2576 1079 2602 menses
1095 2565 1344 2601 intercessisse.

437 2624 525 2666 Τινὲς
542 2624 580 2660 δέ
593 2636 688 2671 φασιν
705 2622 750 2665 ὡς
767 2623 846 2659 δέκα
863 2625 991 2671 μῆνας.]
1023 2622 1063 2659 Si
1078 2622 1230 2658 natalem
1246 2621 1377 2658 domini
1394 2633 1442 2658 xx.
1457 2620 1563 2667 Tybi,
1579 2620 1652 2655 sive
1669 2620 1740 2655 Ian.
1755 2633 1802 2656 νι.
1819 2631 1901 2656 con-

347 2683 519 2718 stituerint
533 2682 706 2729 opinionis
723 2681 816 2717 iilius
828 2680 998 2723 vindices,
1013 2684 1218 2727 conceptum
1234 2680 1308 2715 eius
1324 2678 1409 2726 ipsis
1425 2677 1568 2714 Kalend.
1582 2677 1707 2724 Aprilis
1723 2678 1903 2724 posuerint

347 2743 490 2786 oportet.
522 2739 551 2774 A
567 2750 634 2786 quo
652 2739 707 2775 die
723 2738 766 2774 ad
784 2750 830 2775 νι.
845 2737 918 2775 Ian.
938 2748 1076 2773 menses
1100 2739 1328 2773 numerantur
1343 2748 1398 2780 rx,
1419 2735 1493 2772 dies
1510 2746 1566 2778 xv,
1588 2734 1647 2781 qui
1670 2738 1751 2769 sunt
1771 2734 1844 2770 dies
1864 2735 1901 2770 in

347 2801 456 2831 totum
470 2796 546 2832 281.
573 2795 670 2839 Quod
687 2796 718 2831 si
733 2807 777 2831 ex
794 2795 972 2831 communi
988 2794 1160 2830 sententia
1174 2794 1210 2829 in
1226 2804 1307 2830 xxv.
1319 2792 1401 2829 Dee.
1417 2792 1568 2828 natalem
1585 2791 1804 2835 contulerint,
1821 2803 1902 2828 con·

348 2858 466 2900 ceptus
484 2852 610 2888 Christi
626 2853 718 2888 cadit
733 2853 768 2889 in
785 2852 901 2888 Martii
918 2863 974 2888 xx.
993 2851 1206 2899 Epiphanius
1222 2861 1304 2887 vero
1320 2861 1382 2898 pro
1398 2853 1572 2896 comperto
1589 2848 1710 2884 habuit
1726 2847 1902 2885 Christum

348 2915 468 2946 natum
485 2921 560 2944 esse
578 2922 623 2946 νι.
639 2910 720 2953 ian„
737 2920 825 2957 quse
842 2909 909 2945 ruit
923 2909 1175 2956 Aegyptiorum
1192 2907 1321 2955 opinio.
1363 2906 1581 2953 Quamquam
1598 2910 1713 2942 utrum
1729 2916 1771 2941 ea
1787 2905 1840 2942 die
1857 2906 1903 2941 sit

348 2971 450 3003 natus
472 2965 648 3002 dubitasse
671 2966 847 3008 videntum
871 2970 910 3002 ut
925 2965 1113 3001 Cassianus
1131 2977 1164 3002 x.
1183 2963 1269 3001 Coll.
1285 2974 1359 3011 cap.
1373 2975 1411 3000 ιι.
1427 2963 1614 3009 significat.
1648 2963 1807 2999 Clemens
1823 2962 1901 2999 Ale-

349 3023 539 3061 xandrinus
555 3035 579 3060 ι.
592 3023 719 3059 strom.
738 3023 849 3059 varias
865 3034 907 3059 es
923 3023 965 3059 de
981 3033 1017 3058 re
1033 3022 1224 3059 sententias
1241 3019 1354 3058 refert.
1380 3018 1424 3056 Ut
1440 3030 1576 3063 eorum,
1594 3020 1653 3067 qui
1670 3032 1750 3056 xxv.
1764 3018 1899 3056 Pachon
