2008 3294
264 175 311 210 IV

265 277 504 324 theologorum
519 286 678 311 normam
692 275 852 310 vocabuli
867 285 970 309 usum
984 274 1085 310 istius
1102 275 1213 321 exigi,
1238 285 1260 309 a
1281 275 1405 321 quibus
1427 275 1510 322 quid
1524 276 1659 321 proprie
1676 275 1722 310 sit
1735 275 1814 310 hae-

265 335 367 377 resis,
391 338 426 369 et
447 337 615 380 quantum
636 331 778 378 reliquis
798 332 842 366 ab
858 331 959 366 sectis
976 331 1112 367 differat
1127 332 1287 366 subtilius
1304 335 1408 378 atque
1424 332 1636 367 enucleatius
1652 332 1816 367 declarari

266 393 364 428 solet.
409 391 499 426 Nam
518 401 631 436 neque
652 389 784 435 priores
806 388 886 423 illae
908 392 1038 432 sectae,
1061 389 1321 432 Barbarismus,
1350 388 1584 435 Scythismus,
1611 389 1816 432 Iudaismus,

267 453 435 495 quatenus
463 447 588 482 Christi
615 449 729 481 ortum
755 446 956 488 antecessit,
983 446 1073 480 inter
1099 445 1257 480 haereses
1283 446 1406 481 merito
1433 449 1670 487 recensentur;
1704 457 1817 492 neque

265 507 356 540 ullae
371 505 528 551 propriae
544 507 660 538 sectae
675 502 908 538 Barbarorum
923 507 991 538 aut-
999 502 1206 549 Scytharum
1221 503 1370 538 fuerunt.
1407 504 1539 550 Atque,
1563 506 1602 537 ut
1617 502 1817 548 diligentius

266 563 303 598 in
317 561 537 604 Hellenismi‚
560 560 725 596 Iudaismi
746 570 787 596 ac
808 559 1039 596 Samaritismi
1060 560 1191 606 species
1207 560 1414 606 inquiratur,
1436 561 1622 607 pleraeque
1637 559 1783 595 forsitan
1799 569 1818 594 e

266 630 409 655 numero
426 622 614 660 sectarum,
642 617 715 653 sive
730 617 934 660 haereseon,
961 617 1166 652 eximendae
1182 620 1298 652 erunt:
1329 617 1371 651 de
1391 628 1460 664 qua
1474 628 1511 652 re
1526 617 1675 663 sparsim
1691 627 1730 653 ao
1745 616 1818 652 suis

266 676 350 712 locis
378 675 604 722 opportunius
628 672 762 727 agetur.
808 675 848 710 In
870 674 1081 710 Hellenismo
1109 673 1263 721 quidem,
1297 684 1377 709 cum
1404 677 1552 720 quatuor
1577 672 1818 708 tantummodo

268 737 378 769 sectas
394 731 606 779 Epiphanius
621 735 794 775 numeret,
817 731 971 769 infinitae
984 731 1231 777 adiungialiae
1247 734 1450 778 potuerunt:
1476 741 1623 777 quarum
1637 731 1819 777 plerasque

267 792 304 825 in
320 790 413 825 calce
435 789 538 824 huius
561 789 692 836 operis,
714 789 752 824 in
772 788 868 824 Fidei
891 787 1087 824 Catholicae
1111 788 1322 835 Compendio
1345 791 1548 835 prosecutus
1565 791 1627 823 est.
1667 788 1821 822 Alterum

267 847 332 882 hoc
343 847 380 882 in
391 847 532 893 negotio
545 845 832 882 considerandum
845 849 914 889 est,
930 846 1088 892 quamvis
1102 857 1222 880 omnes
1233 846 1311 880 illae
1324 848 1437 880 sectae
1449 845 1537 880 inter
1548 845 1716 880 Haereses
1729 843 1821 880 haud

268 905 438 940 immerito
455 906 674 946 censeantur,
697 913 920 950 nequaquam
934 906 1052 937 tamen
1063 902 1256 950 Epiphanio
1273 902 1534 948 octogenarium
1549 902 1648 936 illum
1663 905 1821 937 constare

268 973 462 997 numerum.
499 961 635 996 Etenim
650 961 686 995 in
700 960 885 1007 partitione
899 959 977 1006 ipsa
992 963 1112 994 contra
1128 959 1301 995 dividendi
1314 963 1499 1006 praecepta
1518 970 1591 994 non
1606 958 1823 994 mediocriter

268 1022 450 1066 peccatum
471 1021 540 1060 est,
567 1028 648 1053 cum
667 1017 835 1064 principio
857 1017 1010 1063 quinque
1033 1019 1113 1051 ante
1134 1015 1310 1052 Christum
1332 1019 1505 1052 sectarum
1530 1016 1674 1062 fastigia
1698 1026 1822 1062 propo-

268 1078 412 1111 nuntur:
435 1073 693 1117 Barbarismus‚
713 1072 950 1119 Scythismus,
971 1073 1223 1116 Hellenismus,
1245 1073 1458 1116 Iudaismus,
1481 1073 1760 1115 Samaritismus3
1783 1082 1824 1107 ac

270 1131 391 1168 deinde
406 1132 596 1180 posteriora
612 1131 679 1166 tria
694 1141 823 1177 genera
838 1130 875 1164 in
890 1130 977 1165 alias
993 1130 1124 1178 species
1140 1131 1349 1166 tribuuntur.
1386 1130 1431 1165 Et
1450 1129 1674 1165 nihilominus
1695 1138 1825 1176 genera

270 1178 350 1226 oum
364 1189 527 1225 subiectis
545 1188 613 1224 sibi
627 1187 784 1235 partibus
801 1186 948 1222 eundem
963 1187 999 1222 in
1014 1199 1199 1223 numerum
1214 1198 1456 1234 summamque
1472 1188 1710 1230 conferuntur,
1732 1184 1823 1232 quod

270 1247 374 1283 estin
390 1246 558 1281 divisione
573 1245 850 1280 vitiosissimum.
887 1243 1007 1291 Neque
1024 1245 1116 1280 enim
1131 1255 1241 1291 genus
1258 1245 1339 1291 πρὸς
1355 1244 1396 1279 τὰ
1412 1243 1477 1288 εἴδη
1495 1243 1739 1290 ἀντιδιαιρεῖται.
1779 1241 1825 1277 Ut

270 1305 300 1339 si
315 1305 433 1340 anima
454 1303 594 1348 vitaque
615 1301 811 1350 praeditum
832 1312 956 1348 corpus
971 1301 1123 1348 primum
1137 1301 1173 1337 in
1189 1301 1318 1338 animal
1334 1312 1375 1336 ac
1389 1301 1547 1348 plantam
1560 1301 1725 1348 partiare:
1749 1302 1824 1335 tum

270 1362 398 1397 animal
413 1361 448 1396 in
465 1362 640 1402 terrestre,
657 1359 824 1405 aquatile,
840 1359 994 1394 volatile:
1018 1359 1174 1406 plantam
1189 1359 1225 1394 in
1241 1359 1384 1394 herbam
1399 1358 1573 1401 fruticem,
1597 1361 1632 1393 et
1647 1357 1823 1399 arborem3

271 1430 311 1454 ac
327 1417 447 1453 deinde
464 1416 615 1452 collectis
632 1416 811 1459 omnibus,
837 1419 914 1451 octo
938 1416 1088 1463 corporis
1111 1416 1254 1451 animati
1268 1420 1383 1463 partes
1399 1427 1475 1451 esse
1492 1416 1700 1458 constituas,
1723 1414 1824 1450 nimi-

270 1487 348 1511 rum
365 1474 511 1517 animal,
534 1474 708 1520 plantam,
732 1476 892 1508 terrestre
908 1473 1054 1516 animal,
1070 1473 1237 1519 aquatile,
1258 1473 1417 1515 volatile;
1440 1472 1599 1516 herbam,
1615 1471 1775 1508 fruticem
1791 1474 1826 1506 et

272 1533 440 1568 arborem.
472 1530 524 1565 Ita
540 1530 632 1566 enim
647 1531 737 1566 inter
752 1530 931 1566 divisionis
947 1534 1063 1577 partes
1076 1540 1205 1576 genera
1215 1530 1306 1576 ipsa,
1324 1540 1411 1576 quae
1424 1529 1630 1572 dividuntur,
1645 1538 1827 1576 perperam

270 1589 412 1626 referas.
453 1587 552 1631 Quod
566 1587 604 1623 in
619 1587 680 1623 illa
694 1587 883 1624 haereseon
900 1587 1140 1623 distributione
1157 1587 1332 1622 commisit
1346 1585 1568 1634 Epiphanius.
1608 1583 1742 1634 Quippe
1756 1589 1826 1622 tres

270 1647 350 1682 illae
360 1674 369 1690 ‚
387 1657 472 1693 quas
490 1645 579 1689 dixi,
594 1645 842 1688 Hellenismus,
859 1644 1072 1688 Iudaismus,
1089 1644 1365 1688 Samaritismus,
1390 1654 1470 1679 cum
1485 1643 1557 1679 suis
1573 1643 1729 1690 partibus
1745 1654 1826 1679 con-

228 1726 236 1734 ·
270 1705 407 1740 iunctae
423 1713 598 1739 summam
614 1701 812 1740 conficiunt.
853 1701 951 1738 Unde
966 1701 1145 1738 subductis
1161 1705 1252 1737 recte
1269 1701 1429 1737 omnibus
1439 1728 1447 1744 ‚
1470 1713 1545 1738 xvii
1561 1701 1733 1736 duntaxat
1748 1703 1827 1736 ante

271 1761 464 1803 Christum,
488 1761 647 1795 universe
663 1771 743 1795 vero
760 1772 882 1796 Lxxvn
897 1759 1074 1802 haereses,
1098 1770 1170 1794 uon
1191 1771 1286 1794 nxxx
1306 1761 1542 1795 numerantur.
1581 1756 1766 1794 Praeterea
1779 1769 1827 1793 xx

269 1820 423 1867 priorum
446 1817 634 1853 haereseon
657 1817 765 1852 alium
787 1817 824 1852 in
844 1816 1001 1864 Epistola
1021 1815 1065 1851 ad
1086 1815 1251 1852 Acacium
1273 1819 1307 1851 et
1326 1815 1472 1851 Paulum
1495 1815 1714 1863 presbyteros
1736 1818 1771 1851 et
1789 1814 1827 1851 in

270 1874 579 1922 Anacephalaeosi,
604 1884 709 1921 quam
724 1874 761 1909 in
775 1874 851 1920 ipso
868 1874 1014 1910 decursu
1031 1874 1160 1922 operis,
1184 1873 1339 1911 ordinem
1355 1872 1516 1909 instituit.
1533 1872 1535 1874 ’
1557 1871 1747 1920 Utrumque
1762 1883 1827 1909 nos

271 1933 306 1969 in
323 1932 482 1980 sequenti
495 1931 614 1967 tabula
628 1931 884 1978 proposuimus.

271 2036 344 2073 XX
358 2036 511 2083 priorum
527 2034 717 2070 haereseon
734 2034 817 2070 ordo
837 2034 873 2070 in
890 2034 980 2070 Ana·
1083 2035 1154 2072 XX
1177 2035 1332 2082 priorum
1347 2033 1537 2088 haereseon
1561 2033 1644 2069 ordo
1660 2043 1706 2069 ex
1722 2043 1826 2080 opere

518 2079 747 2127 cephalaeoei.
1378 2080 1525 2116 Panaru.

578 2150 607 2184 1.
624 2148 866 2184 Barbarismus
1366 2149 1395 2184 1.
1412 2146 1656 2183 Barbarismus

576 2195 609 2231 2.
628 2193 847 2240 Scythismus
1364 2194 1396 2230 2.
1408 2193 1459 2229 sc
1499 2192 1634 2229 hismus
1697 2211 1700 2214 ⁴

574 2240 608 2277 3.
624 2240 858 2276 Hellenismue
1363 2240 1396 2277 3.
1414 2239 1464 2275 He
1480 2240 1646 2276 lenismus

577 2287 611 2323 4.
629 2285 823 2322 Iudaismus
1363 2286 1396 2322 4.
1411 2284 1608 2321 Iudaismus

576 2332 609 2369 5.
628 2330 891 2368 Samaritismus
1364 2331 1397 2368 5.
1416 2330 1525 2367 Stoici

308 2445 510 2483 nonenim
531 2386 545 2552 Ξ
577 2378 610 2460 ξῖ
626 2423 652 2459 Ρ
666 2379 836 2478 „gfff”
1083 2401 1286 2438 mummi
1318 2340 1332 2510 ἲ
1365 2377 1396 2459 ἐἷ
1410 2376 1621 2476 ξζῖἱᾞξθῑ

578 2469 611 2552 g.
627 2469 785 2551 Isit‘idiilrei
1364 2468 1397 2552 3.
1413 2467 1607 2549 {effigiabo

559 2560 609 2598 10.
661 2558 795 2596 otthoni
1345 2559 1398 2596 10.
1415 2558 1537 2596 Esseni

559 2606 778 2688 {aazia
1347 2604 1582 2687 ιὲὲιετεεὲ.

561 2699 610 2735 13.
629 2696 784 2733 Dosithei
1346 2696 1396 2733 18.
1414 2695 1569 2732 Dosithei

561 2745 611 2780 14.
628 2744 771 2780 Scriba·
1346 2742 1397 2780 14.
1416 2741 1608 2779 Sadducaei

562 2789 611 2824 15.
626 2787 802 2824 Pharisaei
1347 2786 1397 2824 15.
1415 2785 1556 2823 Scribae

562 2836 610 2870 10.
628 2835 819 2870 Sadducaei
1347 2833 1396 2869 16.
1414 2831 1586 2869 Pharisaei

350 2880 511 2918 Iudaismi
562 2880 612 2917 17.
631 2881 951 2928 Hemerobaptietae
1131 2880 1292 2917 Iudaismi
1346 2879 1396 2916 17.
1413 2878 1732 2926 Hemerobaptistae

564 2924 612 2963 18.
633 2926 752 2961 Oetaei
1346 2923 1395 2960 18.
1414 2923 1575 2959 Nazaraei

564 2972 613 3007 19.
633 2970 799 3007 Nazaraei
1346 2970 1396 3007 19.
1413 2970 1537 3005 Oeeeni

560 3017 614 3053 20.
629 3017 814 3054 Herodiani
1343 3015 1397 3052 20.
1412 3015 1597 3052 Herodiani
