1968 3294
263 220 344 263 108
698 227 936 262 SYMssoLAE
962 228 1010 262 m
1034 228 1240 263 EPIPHAN.
1263 229 1364 264 rm.

259 309 324 342 rite
347 309 534 343 formantur
567 306 736 351 κύρτωσις
767 314 802 341 et
835 307 1018 354 κύρτωμα,
1052 320 1193 354 quorum
1225 309 1387 355 posterius
1419 315 1526 344 exstat
1559 311 1600 344 T.
1617 312 1656 344 ΙΙ.
1682 323 1714 357 p.
1738 315 1802 345 728

261 369 364 409 (806)
389 378 430 399 eo
453 366 553 408 loco,
578 376 676 409 quem
701 365 743 398 cl.
768 365 879 400 editor
900 373 981 411 apte
1004 366 1221 411 comparavit.

350 425 386 457 P.
410 426 475 456 482
498 422 634 467 (1078).
679 421 851 463 παντὸς
876 423 1025 469 φόβου
1060 423 1139 458 καὶ
1162 423 1362 471 θορύβου
1394 425 1475 460 καὶ
1506 422 1805 466 ναυτιάσεως

261 479 281 516 ὖ
293 480 487 524 πολωφῶ
499 479 615 524 ντες]
638 476 843 524 Ὑπολωφᾶν
864 492 951 520 τινος
974 487 1027 514 est
1048 483 1204 522 respirare
1227 484 1267 514 ab
1282 484 1392 524 aliqua
1413 493 1459 524 re,
1482 482 1567 515 sicut
1585 483 1700 526 λωφᾶν
1717 493 1804 522 τινος

259 551 291 582 p.
315 540 382 570 484
405 537 527 580 (1079)
560 535 615 571 ἵνα
637 535 671 571 ἐν
694 535 748 572 σοὶ
769 534 941 581 γενόμενοι
962 536 1180 582 λωφήσωμεν
1200 538 1267 573 τῶν
1289 538 1552 583 προδιελὸὄντων
1575 538 1746 583 στυγερῶν
1771 562 1780 571 .
1795 564 1804 571 .

256 591 475 638 πραγμάτων.
524 595 559 626 ln
591 605 627 626 re
660 593 806 638 positum
841 596 957 639 λωφᾱν
989 594 1078 628 valet
1107 597 1316 629 intermittere.
1362 598 1535 630 Methodius
1566 608 1618 641 ap.
1645 598 1802 638 Epiphan.

258 652 300 684 T.
325 653 367 685 11.
401 663 434 695 p.
458 653 524 683 258
548 651 649 694 (562)
673 652 732 686 τοῦ
767 649 920 695 κύματος
952 647 1024 695 ἤδη
1060 652 1251 697 λωφῶντος.
1297 652 1373 686 vid.
1406 656 1469 687 Ast.
1501 656 1624 686 Annot.
1655 652 1688 685 in
1721 649 1806 687 Plcit.

260 707 401 742 Phaedr.
427 720 462 752 p.
477 710 555 741 453.

355 766 391 798 P.
413 768 480 798 482
505 765 642 810 (1078).
699 763 780 805 τὰς
813 763 897 801 ἀπὸ
933 766 1020 810 τῆς
1058 766 1257 809 στερεᾶς
1294 763 1439 811 αὔρας
1473 766 1803 812 ἐμπνεόμενοι]

260 823 308 855 De
331 822 455 856 mendo
477 822 512 855 iu
534 822 678 856 lectione
702 822 782 856 olim
805 823 937 867 vulgata
961 819 1070 868 ἅβρας
1102 822 1170 856 vid.
1196 830 1312 857 annot.
1341 825 1376 857 in
1407 826 1450 858 T.
1468 825 1510 858 11.
1549 836 1582 868 p.
1601 826 1667 857 588
1690 826 1805 869 (727).

260 880 353 912 Voce
376 874 468 924 αὔρα
489 879 523 913 iu
547 879 682 925 suppari
703 879 848 924 imagine
872 879 974 913 utitur
997 882 1171 914 Methodius
1193 893 1246 925 ap.
1268 883 1382 923 Epiph.
1405 883 1446 915 T.
1464 883 1506 914 11.
1529 894 1563 926 p.
1577 884 1642 915 348
1662 883 1774 926 (590).

352 938 388 970 Ρ.
412 939 481 970 484
506 937 642 982 (1079).
676 937 773 974 νυνὶ
790 936 846 974 δὲ
869 935 986 981 καλὴ
1011 937 1091 972 καὶ
1114 937 1507 983 λευκανθισμένη]
1533 939 1582 972 Ex
1601 939 1696 972 Cant.
1710 939 1805 972 Cant.

262 997 295 1038 1,
313 996 344 1027 5.
368 993 398 1027 si
419 994 522 1028 lectio
544 994 687 1039 genuina
711 1001 770 1028 est.
818 996 923 1039 Supra
946 995 1249 1040 λελευκανῗὲισμένη
1273 997 1490 1039 Epiphanius,
1513 994 1557 1029 de
1579 1007 1658 1038 suo,
1691 1002 1730 1029 ut
1753 996 1805 1030 vi·

259 1050 380 1092 detur,
404 1058 498 1085 certe
518 1051 646 1085 melius.

350 1109 386 1144 P.
411 1111 480 1142 490
505 1109 641 1154 (1083).
677 1105 816 1144 “Οσον
852 1132 887 1143 ..
907 1134 915 1143 .
948 1103 1057 1153 ἧκεν
1091 1108 1158 1149 εἰς
1190 1108 1268 1145 τὸν
1303 1109 1479 1156 κύριον]
1516 1110 1647 1144 Videsis
1670 1122 1744 1144 mea
1763 1110 1807 1145 ad

259 1168 365 1201 Etiam
389 1168 469 1201 cni.
494 1167 558 1200 001.
580 1169 645 1200 825
671 1167 738 1211 (1).
978 1202 981 1207 ,

351 1225 386 1257 P.
408 1226 475 1257 496
501 1224 637 1268 (1086).
684 1221 833 1270 ἀρχὰς
864 1224 952 1259 τῶν
982 1221 1158 1259 πάντων
1191 1222 1273 1264 τοὶς
1296 1221 1606 1269 ὁμοιομερίας
1629 1224 1807 1270 ἔφησεν

260 1278 398 1326 εἶναι]
424 1282 536 1315 Metus
559 1287 611 1314 est
633 1281 823 1315 iotacismus
846 1279 1100 1325 ὅμοιομερίαςε
1126 1293 1252 1326 repone
1276 1278 1550 1326 ὁμοιομερείας.
1590 1282 1666 1317 Vid.
1683 1285 1807 1325 Menaq.

259 1337 304 1370 ad
325 1340 415 1381 Dioy.
440 1340 545 1372 Laert.
570 1339 609 1371 ΙΙ.
634 1341 666 1371 8.
691 1345 726 1371 et
747 1341 874 1372 Preller.
900 1338 1026 1371 Hister.
1049 1337 1170 1372 Philos.
1194 1339 1442 1372 Graeco-Rom.
1468 1351 1500 1384 p.
1517 1342 1573 1372 33.
1610 1339 1736 1373 Adfinis
1755 1346 1809 1373 est

260 1398 475 1438 Anaxagorae
497 1394 679 1436 sententia,
705 1407 790 1440 quae
810 1395 941 1435 statuit,
968 1395 1079 1429 omnia
1101 1396 1254 1429 omnibus
1276 1396 1426 1429 immixta
1449 1408 1529 1429 esse.
1569 1398 1642 1438 Qua
1666 1397 1708 1430 de
1727 1409 1808 1430 sen-

259 1452 364 1486 tentia
388 1452 490 1486 docte
512 1452 652 1497 exponit
672 1451 837 1485 scholium
858 1452 892 1485 in
914 1455 1042 1495 Greyor.
1055 1454 1133 1486 Naz.
1148 1453 1211 1486 col.
1225 1455 1303 1486 911.
1328 1454 1363 1486 Β.
1380 1453 1415 1486 C.
1441 1453 1492 1486 cui
1515 1453 1674 1487 adhibeas
1692 1460 1806 1488 annot.

259 1509 293 1543 in
318 1512 446 1552 (ἕτερον.
463 1512 553 1551 Nyss.
579 1511 630 1543 De
655 1509 771 1543 Anima
805 1517 840 1543 et
872 1509 1006 1543 Resurr.
1030 1521 1063 1554 p.
1086 1512 1162 1543 292.
1185 1521 1234 1555 sq.
1270 1516 1304 1543 et
1329 1509 1558 1544 Animadvers.
1587 1509 1622 1543 in
1654 1512 1688 1545 S.
1709 1513 1808 1546 Basa.

259 1569 284 1601 1.
309 1579 340 1612 p.
360 1570 392 1600 6.

351 1625 386 1658 Ρ.
419 1626 486 1658 496
521 1624 658 1669 (1087).
718 1624 835 1670 μηδὲ
870 1623 956 1669 μὴν
991 1623 1179 1660 ἐσθίειν
1213 1624 1377 1659 τιτῶν
1411 1621 1655 1670 ἐμψύχων,
1692 1624 1810 1670 μήτε

259 1679 484 1727 κυάμους]
515 1683 564 1715 De
589 1682 674 1716 fabis
698 1694 767 1716 non
791 1681 929 1715 edendis
952 1683 1151 1724 Epiphanius
1173 1682 1214 1715 T.
1239 1682 1264 1715 1.
1289 1693 1321 1726 p.
1339 1683 1393 1715 20.
1431 1683 1474 1714 50
1498 1684 1577 1725 (14)
1602 1688 1637 1714 et
1658 1681 1693 1714 in
1716 1685 1808 1716 Aua-

260 1740 356 1784 oeph.
385 1741 427 1774 T.
446 1741 503 1773 111.
529 1751 561 1784 p.
580 1742 644 1772 546
669 1741 771 1785 (132)
795 1746 895 1774 tacet.
944 1740 1020 1773 Hoc
1043 1739 1252 1785 Pythagorae
1274 1745 1489 1784 praeceptum
1513 1738 1644 1772 erudite
1664 1738 1811 1772 illustrat

259 1799 404 1831 Karsten.
428 1797 615 1831 comment.
637 1797 672 1831 iu
689 1796 885 1842 Empedocl.
912 1808 943 1841 p.
957 1800 1035 1831 284.
1057 1808 1106 1842 sq.
1142 1799 1180 1829 In
1201 1795 1431 1841 scriptoribus,
1458 1795 1514 1842 qui
1536 1795 1572 1829 id
1596 1801 1810 1841 praeceptum

259 1853 302 1887 ab
319 1854 454 1899 Orpheo
473 1861 617 1888 sumtum
640 1854 862 1896 tradiderunt,
886 1857 1032 1888 Karsten.
1045 1853 1159 1888 laudat
1171 1856 1385 1896 GagonNaz.
1412 1855 1466 1887 Or.
1477 1853 1610 1886 xxm.
1636 1865 1669 1898 p.
1682 1854 1759 1888 535.
1774 1853 1819 1887 C..

260 1910 327 1943 sed
351 1911 444 1945 locus
468 1918 578 1945 exstat
609 1912 644 1946 in
668 1913 724 1945 Or.
747 1911 989 1945 XXX111..ed.
1017 1910 1090 1944 Bill.
1115 1926 1161 1940 =
1185 1912 1239 1944 Or.
1265 1911 1412 1944 xxvn.
1437 1922 1471 1955 p.
1492 1912 1570 1944 494.
1589 1911 1628 1943 D.
1655 1909 1708 1943 ed.
1736 1910 1811 1944 Cle-

260 1975 403 2002 mencet.
428 1971 517 2003 Elias
541 1970 621 2003 Cret.
650 1969 777 2003 Comm.
809 1968 872 2002 col.
894 1971 970 2002 897.
990 1968 1026 2003 C.
1041 1980 1091 2013 sq.
1123 1967 1158 2001 id
1193 1973 1408 2012 praeceptum
1441 1968 1661 2011 διαιτητικῶς
1685 1966 1811 2016 dictum
1849 2008 1851 2010 Ι

262 2036 336 2058 cum
359 2027 540 2068 Epiphanio
562 2032 597 2059 et
620 2026 692 2060 aliie
715 2026 848 2072 accipit.
896 2025 972 2059 Vid.
998 2027 1142 2059 Karsten.
1167 2036 1198 2069 p.
1215 2020 1291 2058 2883.

351 2083 386 2116 P.
411 2085 477 2116 496
500 2083 635 2128 (1087).
674 2079 845 2128 Ἔλεγε
880 2081 927 2119 δὲ
958 2081 1013 2118 τοὶ
1046 2079 1132 2118 οἷπό
1160 2078 1362 2126 σελήνης
1385 2079 1505 2118 κάτω
1527 2081 1713 2126 παθητὰ
1739 2079 1810 2117 εἶ-

261 2151 334 2174 ναι
366 2139 529 2182 πάντα,
564 2139 615 2176 τὰ
649 2139 696 2177 δὲ
730 2137 941 2185 ὑπεράνω
976 2139 1055 2183 τῆς
1089 2137 1299 2183 σελήνης
1322 2136 1478 2183 ἅπαῦἦ
1506 2136 1658 2183 εἶναι.]
1686 2139 1811 2173 Eadem

260 2198 428 2232 sententia
454 2196 561 2231 verbis
584 2197 724 2232 inversis
748 2198 794 2231 ita
818 2196 1012 2243 exprimitur
1033 2198 1074 2231 T.
1092 2198 1116 2230 1.
1142 2208 1174 2241 p.
1193 2198 1246 2230 20.
1272 2194 1414 2241 Διῶριζε
1437 2194 1476 2232 δὲ
1498 2192 1572 2240 ἅμα
1594 2194 1637 2231 τοὶ
1661 2192 1727 2232 ἀπὸ
1755 2207 1811 2232 σε·

261 2253 367 2299 λήνης
400 2253 459 2290 καὶ
491 2253 534 2291 τά
565 2250 636 2290 ἅνω
669 2252 824 2293 ἀθάνατα
856 2254 981 2300 λέγων,
1015 2251 1058 2290 τὰ
1091 2252 1130 2290 δὲ
1163 2251 1323 2290 ὑποκάτω
1356 2251 1475 2298 θνητά.
1523 2252 1612 2287 etin
1640 2253 1811 2299 Anaceph.

261 2314 301 2346 T.
321 2314 376 2347 111.
401 2324 433 2358 p.
455 2315 519 2346 ⁶46
546 2313 647 2357 (182)
671 2312 830 2356 Διώριζον
853 2310 892 2349 δὲ
915 2308 988 2356 ἅμα
1011 2307 1077 2348 ἀπὸ
1111 2310 1258 2357 σελήνης
1290 2310 1349 2346 καὶ
1371 2305 1442 2346 ἄνω
1465 2306 1621 2346 ἀθάνατα
1645 2311 1808 2356 λέγοντες,

260 2368 302 2405 τὰ
326 2368 367 2407 δὲ
390 2368 551 2406 ὖποκάτω
575 2368 692 2415 θνητά.
740 2370 807 2403 Sed
832 2369 1008 2415 utrobique
1032 2368 1228 2414 legendnm:
1266 2366 1308 2403 τά
1333 2364 1399 2404 nimi
1426 2364 1572 2412 σελήνης
1595 2363 1688 2411 ἅνω,
1714 2380 1811 2402 com-

263 2427 386 2473 paratio
411 2428 516 2461 nostri
551 2427 615 2461 loci
641 2427 768 2461 verbis:
805 2425 848 2463 τὰ
871 2422 937 2463 ἀπὸ
962 2423 1108 2472 σελήνης
1133 2423 1238 2461 κάτω.
1287 2426 1336 2459 De
1359 2424 1544 2465 sententia,
1583 2433 1658 2470 post
1684 2425 1811 2471 Pytha-

261 2496 376 2529 goram
399 2497 420 2519 a
444 2484 554 2519 multis
579 2484 766 2525 celebrata,
793 2484 883 2518 conf.
908 2486 999 2527 Πίος.
1026 2485 1130 2519 Laerae.
1154 2484 1241 2516 vm.
1267 2485 1319 2516 26.
1346 2481 1401 2516 ubi
1428 2483 1565 2524 monnau
1590 2483 1811 2517 eruditionem

262 2542 428 2576 desidero.
475 2542 545 2576 Sed
567 2541 680 2575 videns
704 2543 776 2576 VV.
800 2542 893 2582 UD..
924 2552 943 2575 a
966 2552 1020 2575 me
1044 2540 1196 2577 laudatos
1222 2539 1394 2574 Animadv.
1419 2538 1453 2573 in
1477 2541 1510 2573 S.
1534 2541 1630 2575 Basa.
1651 2541 1675 2575 1.
1701 2552 1731 2585 p.
1755 2543 1810 2575 58.

263 2611 351 2645 supr.
401 2599 548 2633 Eundem
571 2599 791 2639 sententiam,
829 2598 954 2644 quippe
978 2597 1226 2644 pronuntiatum
1249 2597 1291 2632 ab
1315 2603 1452 2631 auctore
1486 2596 1561 2630 libri
1598 2598 1646 2630 De
1670 2597 1810 2640 Mundo,

263 2656 434 2691 Aristoteli
458 2655 703 2702 adscripnemnt
728 2658 915 2691 Pltaorehus
940 2657 989 2690 De
1009 2655 1123 2690 placit.
1145 2654 1265 2689 Philos-
1291 2655 1331 2689 11.
1356 2657 1387 2688 4.
1409 2657 1439 2688 2.
1473 2656 1556 2688 Stob.
1581 2654 1695 2700 Eclog.
1712 2654 1812 2701 Phys.

263 2725 296 2758 p.
318 2716 395 2746 ne.
420 2713 472 2747 ed.
500 2714 630 2747 necron
666 2721 700 2747 et
724 2713 799 2754 aiii,
841 2712 929 2747 uude
961 2713 1054 2747 nuxit
1079 2712 1221 2758 vulgari·
1246 2710 1360 2757 opinio
1385 2711 1426 2746 de
1451 2710 1662 2758 providentia
1686 2710 1810 2753 divina,

262 2770 304 2804 ab
322 2769 500 2804 Aristotele
523 2782 563 2804 ex
588 2771 665 2805 loco
688 2770 855 2805 sublunari
880 2770 1079 2816 proseripta.
1119 2769 1196 2803 Vid.
1219 2768 1308 2803 infra
1330 2774 1444 2803 annot.
1469 2768 1511 2802 ad
1538 2780 1568 2814 p.
1585 2771 1649 2802 502
1673 2768 1810 2815 (1089).

356 2828 389 2861 P.
412 2830 479 2861 408
503 2828 638 2874 (1087).
686 2825 834 2869 οὕτως
865 2826 913 2864 τὸ
946 2825 1147 2872 ἀτρεκὲς
1169 2824 1279 2871 ήμίν
1303 2822 1498 2871 ἄδηλον,
1539 2824 1739 2870 δόκησις
1762 2825 1811 2864 δὲ

264 2883 340 2921 ἐπὶ
362 2885 471 2921 πᾶσι
493 2886 739 2925 τέτυκται.
773 2884 978 2931 μάλιστα
1001 2885 1086 2920 τῶν
1109 2881 1349 2929 ἀφανέων]
1387 2884 1422 2916 In
1447 2882 1558 2917 medio
1584 2883 1711 2927 positu:
1747 2881 1810 2920 δό-

265 2953 365 2987 κησις
399 2941 438 2978 δὶ
464 2941 519 2979 ἐπὶ
549 2943 633 2979 πᾶσι
655 2942 832 2983 τέτυκται,
868 2954 1023 2988 expressa
1047 2948 1122 2975 sunt
1147 2952 1165 2974 e
1190 2942 1390 2983 xenophonte
1413 2939 1539 2974 verbis:
1576 2938 1678 2980 δοκὸς
1701 2938 1733 2977 δ’
1755 2940 1811 2977 ἐπὶ

263 2999 347 3037 πᾶσι
369 2998 546 3040 τέτυκται.
573 2999 604 3034 in
630 2999 746 3045 quibu·
769 2998 871 3040 δοκὸς
897 2998 985 3033 idem
1012 2998 1100 3032 velet
1123 3010 1162 3033 oc
1185 2996 1330 3040 δόκησις
1354 2995 1404 3030 vei
1429 2994 1525 3041 δόξα,
1551 3003 1585 3030 ut
1606 2996 1706 3031 docet
1731 3000 1809 3032 Sex-

263 3062 314 3092 m
336 3059 458 3101 Επιρίν.
484 3057 568 3092 Adv.
595 3057 715 3092 Matth.
738 3069 771 3103 p.
796 3059 873 3091 880.
898 3055 951 3090 ed.
976 3055 1104 3091 Fabi-io.
1138 3054 1192 3090 ubi
1217 3061 1327 3090 tumen
1361 3053 1463 3095 δόκος
1491 3064 1666 3100 perperam
1690 3055 1809 3089 scribi-
