2008 3294
1539 187 1733 226 CLXXVII

182 293 416 335 Quamobrem
432 292 463 328 si
477 303 540 340 pro
556 292 631 340 ἕκτῃ
649 293 702 327 καὶ
718 292 835 339 εἰκάδι,
858 290 952 339 {vrit-fl
969 291 1023 326 καὶ
1039 290 1140 326 εἰκάδι
1156 292 1351 339 scripseris,
1373 292 1560 327 bellissime
1576 291 1668 327 hunc
1683 293 1733 327 lo-

184 358 265 388 cum
279 350 482 387 restitueris.
511 349 729 394 Invenimus,
744 350 874 397 inquit,
894 347 926 384 ἕν
941 350 981 396 τῇ
997 348 1189 395 προκειμένῃ
1207 348 1372 396 Φαμενὼθ
1390 347 1484 396 ἐνάτῃ
1501 349 1554 384 καὶ
1570 347 1670 383 εἰκάδι
1687 347 1734 395 (ἐν

183 409 223 454 τῇ
239 406 449 455 προκειμένῃ,
465 417 572 454 quam
588 407 632 442 ad
649 406 919 454 oppugnandum
934 405 1002 442 sibi
1018 409 1248 452 proposuerat
1263 407 1428 453 cuiusque
1445 407 1482 442 in
1500 407 1734 453 superioribus

181 464 400 511 meminerat)
420 464 531 500 solem
554 475 599 499 rv.
623 465 694 500 iam
715 464 807 500 diem
828 465 866 499 in
887 467 1068 510 segmento
1085 462 1210 497 Arietis
1233 465 1456 509 processisse.
1503 463 1632 499 Firmat
1646 462 1733 498 hanc

180 521 416 557 coniecturam
430 524 602 564 nostram,
625 521 718 568 quod
731 521 932 557 Anatolium
954 522 1087 555 eertum
1109 523 1163 554 est
1185 519 1227 554 de
1243 521 1486 566 aequinoctiali
1500 525 1656 568 tempore
1672 520 1735 555 Ca-

181 587 291 614 nones
305 578 384 614 illos
399 578 601 614 instituisse.
631 579 719 614 Hinc
734 577 945 625 Nicephorus
960 577 1020 614 lib.
1033 589 1082 613 vr.
1097 587 1173 624 cap.
1187 588 1324 620 xxxva,
1341 578 1394 612 καὶ
1411 578 1481 624 περὶ
1498 580 1553 622 τῆς
1571 576 1734 625 ἰσημερίας

182 637 242 669 τοῦ
263 633 378 682 πάσχα
399 632 647 682 ἀκριβεστάτους
669 634 765 682 ὅρους
789 633 943 675 §nascier
975 633 1031 668 De
1054 636 1264 680 aequinoctio
1273 635 1443 680 paschali
1460 638 1735 670 accuratissimos

182 703 330 727 canones
339 694 463 728 sana-ir.
487 692 655 728 Videlicet
670 703 749 728 cum
763 691 816 735 id,
832 691 925 739 quod
938 691 975 728 in
993 690 1207 726 Caesariensi
1224 691 1357 736 synodo
1374 702 1396 726 a
1411 691 1601 738 Theophilo
1616 691 1736 728 habita

181 749 399 796 propositum
409 749 538 792 fuerat,
554 750 661 796 vulgo
678 760 799 784 omnes
816 749 1047 796 opinarentur,
1064 748 1322 794 aequinoctium
1335 761 1415 784 xxv.
1424 750 1540 784 Martii
1556 749 1734 792 committi,

181 804 247 840 hoo
271 806 388 853 ipsum
416 807 592 852 corrigens
616 806 798 842 Anatolius
826 805 1084 853 aequinoctium
1111 815 1155 839 ex
1176 805 1397 841 Ptolomaicis
1426 808 1735 853 astronomicisque

179 860 337 900 fontibus
351 863 389 898 in
400 863 612 899 xx11.Martii
626 864 814 900 transtulit.
839 862 943 899 Vides
958 862 1026 897 levi
1037 862 1182 897 voculae
1197 862 1301 897 unius
1318 864 1588 900 commutatione
1605 868 1735 908 quanta

181 919 446 966 impeditissimo
462 919 542 955 huic
559 920 636 956 loco
652 921 714 956 lux
731 921 852 956 oborta
868 920 924 955 sit.
970 918 1015 954 Ut
1033 919 1156 955 merito
1180 920 1351 966 posterius
1373 918 1438 954 hoc
1461 922 1678 955 verissimum
1701 924 1736 955 et

180 975 226 1011 ad
241 976 394 1012 Anatolii
409 981 562 1013 mentem
578 978 796 1024 aptissimum
812 987 888 1012 esse
902 975 1062 1013 iudicem.
1093 975 1190 1011 Duae
1206 977 1334 1023 quippe
1349 975 1525 1023 paschatis
1543 977 1735 1024 διαστροφαὶ

179 1032 325 1069 totidem
341 1045 387 1070 ex
403 1035 714 1082 aequinoctialibus
729 1034 886 1070 terminis
902 1034 940 1069 in
957 1042 1061 1070 usum
1084 1033 1358 1068 ecclesiasticum
1381 1034 1599 1080 irrepserant.
1646 1034 1735 1070 Nam

180 1089 241 1125 alii
255 1101 336 1126 eum
351 1092 566 1139 προηγήσεως
581 1093 735 1138 τροπικῆς
749 1091 864 1137 ignari
880 1087 1055 1126 cardinem
1070 1099 1215 1126 vernum
1230 1091 1297 1133 ibi,
1320 1091 1381 1126 ubi
1405 1102 1426 1126 a
1442 1091 1611 1138 Sosigeue
1627 1093 1735 1126 semel

179 1148 314 1194 positus
336 1147 466 1192 fuerat,
488 1149 691 1191 retinerent,
711 1146 842 1195 pascha
863 1151 944 1183 ante
965 1159 1045 1183 xxv.
1067 1147 1184 1183 Martii
1206 1147 1449 1184 celebrandum
1472 1149 1616 1184 minime
1637 1154 1734 1195 puta-

179 1204 282 1248 bant,
304 1205 431 1251 quibus
454 1205 591 1241 obviam
612 1206 702 1241 itum
724 1208 779 1240 est
794 1204 1027 1240 Caesariensis
1049 1204 1187 1240 concilii
1209 1204 1357 1239 decreto.
1388 1205 1472 1247 Alii,
1496 1210 1535 1240 ut
1550 1206 1668 1240 Iudaei
1683 1218 1734 1241 re-

180 1262 350 1297 centiores
373 1265 409 1297 et
429 1263 489 1309 qui
508 1261 653 1298 Iudaeos
669 1262 910 1309 sequebantur,
926 1272 1006 1297 eum
1018 1260 1111 1296 haud
1123 1261 1226 1296 dubie
1238 1262 1514 1307 aequinoctium,
1531 1263 1585 1297 vel
1602 1264 1734 1310 ingres-

179 1329 259 1354 sum
274 1319 358 1354 solis
374 1319 412 1355 in
433 1319 576 1356 arietem
592 1320 726 1367 aliquot
746 1323 827 1355 ante
849 1319 970 1354 diebus
992 1318 1146 1354 accidere
1169 1322 1348 1366 putarent,
1370 1318 1502 1365 pascha
1522 1331 1624 1355 suum
1647 1322 1732 1356 anti-

179 1375 352 1422 cipabant.
395 1375 568 1424 Uti-osque
590 1377 628 1412 in
647 1375 744 1412 hisee
766 1377 957 1412 canonibus
980 1375 1105 1411 refellit
1122 1376 1316 1411 Anatolius.
1362 1375 1497 1411 Priores
1519 1378 1658 1423 quidem
1681 1389 1733 1419 ea,

179 1443 286 1479 quam
302 1433 470 1478 diximus,
492 1433 701 1480 aequinoctii
717 1432 850 1480 epocha.
865 1433 1038 1476 stabilita,
1059 1434 1267 1480 posteriores
1278 1426 1380 1476 ‘vero,
1403 1443 1483 1469 cum
1500 1434 1652 1481 disputat
1666 1437 1734 1482 pri-
1792 1468 1795 1473 ,
1810 1449 1824 1474 2
1849 1452 1865 1475 -,‚

180 1500 277 1527 mum
297 1500 455 1526 mensem
473 1491 593 1538 primo¹
607 1490 766 1537 signiferi
787 1490 1062 1526 dodecatemorio
1087 1489 1240 1532 definiri3
1264 1501 1369 1536 supra
1393 1501 1496 1536 quem
1520 1496 1732 1538 postremum

178 1548 226 1583 sit
246 1550 466 1594 segmentum
487 1548 688 1595 mensisque
707 1551 923 1595 postremus,
944 1547 982 1582 in
1004 1557 1073 1593 quo
1097 1545 1295 1593 paschalem
1314 1559 1383 1583 xxv.
1406 1558 1542 1583 sumere
1565 1550 1732 1585 canonica

178 1605 314 1640 sanctio
335 1603 513 1652 prohibet3
537 1605 634 1651 quia,
658 1607 698 1640 ut
717 1603 884 1641 hactenus
905 1604 1091 1651 probatum
1114 1608 1182 1646 est,
1205 1605 1344 1639 citimus
1365 1606 1534 1640 terminus
1556 1607 1591 1640 iu
1614 1608 1730 1654 aequi-

180 1661 333 1696 noctium
347 1662 501 1698 incurrit.
533 1661 578 1696 Et
597 1665 637 1696 ut
656 1662 827 1708 posterior
849 1662 964 1696 cautio
984 1661 1027 1696 ad
1043 1661 1188 1696 Iudaeos
1203 1665 1239 1695 et
1254 1659 1466 1696 Christianos
1483 1660 1730 1709 Ἰουδαΐζοντας,

181 1718 300 1764 quales
317 1718 544 1754 occidentales
561 1721 596 1754 et
610 1718 724 1754 Latini
738 1718 894 1761 fuerunt,
909 1718 1046 1765 proprie
1061 1719 1226 1764 pertinet,
1243 1719 1294 1752 ita
1308 1719 1401 1764 prior
1416 1719 1579 1754 adversus
1594 1721 1654 1755 illa
1669 1733 1730 1767 pu-

179 1779 266 1821 gnat
280 1785 369 1822 quae
384 1777 422 1811 in
436 1776 532 1812 Actis
548 1775 782 1812 Caesariensis
798 1774 930 1821 Synodi
945 1775 1119 1821 leguntur,
1142 1786 1290 1820 quorum
1309 1775 1542 1822 fragmentum
1559 1778 1651 1824 apud
1667 1778 1730 1813 Be-

181 1832 260 1868 dam
280 1833 446 1880 reperitur
466 1836 547 1880 post
568 1833 724 1868 libellum
747 1832 788 1868 de
812 1832 1051 1879 Aequinoctio.
1090 1832 1130 1867 ln
1153 1832 1278 1879 quibus
1301 1833 1451 1879 primurn
1475 1835 1730 1880 aequinoctium

180 1890 297 1925 Martii
312 1901 393 1926 xxv.
411 1890 642 1933 constituitur,
665 1892 740 1925 tum
754 1900 836 1924 vero
853 1890 1017 1936 quoniam
1033 1888 1190 1924 christus
1206 1889 1327 1924 eodem
1342 1890 1402 1924 illo
1418 1892 1648 1926 resurrexisse
1665 1893 1729 1934 die,

179 1950 216 1981 et
230 1947 277 1982 ab
291 1957 339 1984 ¹1-
355 1946 431 1983 Kal.
447 1956 572 1994 passus
589 1946 801 1989 credebatur,
826 1945 902 1981 ideo
914 1946 1077 1985 ,triduum
1100 1946 1143 1980 ad
1159 1945 1339 1992 paschales
1355 1948 1522 1982 terminos
1539 1955 1729 1995 arrogatur,

180 2014 222 2039 ea
246 2003 324 2051 lege
350 2004 578 2051 praescripta,
603 2007 644 2038 ut
666 2003 711 2038 ab
735 2014 782 2038 ιι.
798 2003 876 2039 Kal.
894 2003 974 2050 Apr.
999 2003 1043 2037 ad
1066 2015 1113 2038 n.
1128 2003 1204 2039 Kal.
1221 2004 1332 2039 Maias
1355 2003 1528 2050 paschalis
1549 2006 1728 2042 celebritas

181 2059 268 2096 obiri
279 2060 409 2108 possit,
425 2072 467 2095 ne
483 2066 611 2096 tantun
621 2062 797 2106 passion-'s
811 2066 1058 2095 sacramentum
1076 2066 1172 2094 extra
1189 2061 1324 2094 limitem
1339 2063 1552 2099 excludatur.
1601 2063 1669 2098 Sed
1690 2069 1729 2099 ut

179 2117 222 2155 d·
236 2116 468 2164 synodalem
483 2117 552 2153 iuis
567 2116 661 2152 Actis
675 2116 789 2152 dicam
805 2117 899 2163 quod
914 2117 1043 2159 sentio,
1065 2117 1132 2152 fuit
1153 2117 1246 2152 istud
1269 2118 1407 2164 quidem
1423 2120 1633 2165 provinciale
1649 2133 1727 2156 con-

179 2174 298 2211 cilium
308 2174 456 2211 Victoris
470 2183 582 2222 papae
595 2174 693 2209 iussu
710 2184 732 2209 a
746 2173 936 2222 Theophilo
953 2173 1171 2209 Caesariensi
1186 2179 1359 2217 coactum,
1383 2186 1452 2222 quo
1474 2181 1628 2223 tempore
1648 2189 1726 2213 con-

179 2231 350 2268 troversia
361 2231 424 2270 illa
437 2231 481 2267 de
494 2230 659 2279 paschate
673 2229 908 2267 Christianum
929 2231 1047 2266 orbem
1063 2230 1283 2266 vehementer
1304 2233 1517 2278 exagitabat.
1565 2234 1634 2269 Sed
1657 2247 1726 2270 non

181 2289 299 2324 omnia
309 2298 399 2335 quae
408 2288 547 2325 ‘insutis
565 2288 634 2323 illis
652 2287 988 2335 comprehenduntur
1003 2299 1064 2334 pro
1081 2288 1161 2324 fidei
1172 2289 1318 2324 decretis
1329 2288 1486 2324 habenda
1497 2295 1593 2333 sunt,
1608 2303 1727 2327 verum

178 2346 332 2382 rationes
347 2345 508 2392 privatim
522 2355 544 2380 a
559 2345 715 2392 patribus
731 2345 856 2380 allatae
872 2348 954 2380 sunt
968 2346 1168 2394 ploramus,
1193 2346 1318 2391 quibus
1342 2348 1550 2382 sententiam
1573 2359 1672 2383 suam
1687 2350 1726 2383 il-

179 2403 384 2446 lustrarent,
403 2412 492 2450 qnae
512 2413 584 2438 nou
604 2402 702 2449 ipsae
724 2401 814 2436 inter
834 2401 916 2436 fidei
932 2401 1097 2448 dogmata
1112 2407 1305 2438 censentur.
1347 2403 1436 2438 Tum
1454 2404 1544 2450 quod
1559 2404 1726 2441 Eusebius

179 2459 239 2496 lib.
251 2472 284 2496 v.
301 2470 374 2506 cap.
387 2471 474 2496 xxn.
489 2462 607 2495 narrat
621 2469 682 2505 per
697 2458 789 2493 idem
804 2462 942 2505 tempus
958 2469 1037 2493 cum
1053 2459 1135 2494 alibi
1150 2460 1297 2505 passim,
1319 2463 1394 2494 tum
1409 2460 1540 2495 Romae
1557 2472 1578 2496 a
1590 2462 1725 2498 Victore

181 2515 223 2552 de
238 2516 358 2552 eadem
375 2516 576 2563 quaestione
592 2514 773 2562 synodalia
789 2515 925 2550 decreta
940 2515 1031 2550 edita
1045 2515 1172 2558 fuisse,
1189 2526 1278 2561 quae
1294 2516 1330 2550 in
1346 2517 1490 2551 eandem
1507 2518 1547 2553 de
1562 2518 1724 2564 paschate

180 2573 382 2611 celebrando
406 2573 643 2620 conspirarent
666 2572 888 2614 sententiam,
911 2583 982 2606 non
1001 2572 1050 2606 sic
1073 2572 1336 2618 intelligendum
1352 2576 1405 2607 est
1420 2578 1458 2607 ut
1474 2585 1562 2620 quae
1577 2576 1613 2610 in
1629 2577 1723 2612 Actis

179 2629 249 2665 inis
270 2630 503 2677 allegarentur
525 2630 641 2666 omnia
661 2639 683 2663 a
704 2628 867 2674 pontifice
889 2627 1046 2664 Romano
1069 2629 1215 2675 probata
1237 2629 1306 2663 sint
1329 2633 1363 2663 et
1382 2641 1445 2675 pro
1466 2630 1642 2668 catholicis
1663 2634 1722 2669 do·

182 2686 356 2732 gundbe-
370 2691 527 2734 recepta,
548 2687 609 2722 sed
630 2697 672 2721 ea
691 2685 877 2727 duntaxat,
901 2695 990 2731 quae
1011 2696 1056 2720 ex
1076 2685 1174 2720 falsis
1194 2685 1263 2719 illis
1283 2685 1461 2732 principiis
1477 2692 1650 2736 utcunque
1665 2691 1720 2726 de.

183 2742 397 2787 ductarum
409 2743 590 2791 solidaque
604 2746 737 2789 reperta
754 2745 845 2777 sunt.
871 2741 1071 2777 Cuiusmodi
1086 2742 1282 2777 sanctiones
1297 2742 1376 2777 illae
1387 2743 1541 2788 fuerunt,
1557 2750 1596 2780 ut
1609 2758 1720 2794 neque

136 2834 141 2842 ,
182 2799 219 2834 in
241 2810 312 2835 m.
326 2798 411 2841 Inna
429 2799 560 2847 paseha
581 2799 695 2842 fieret,
717 2809 782 2834 nec
805 2798 873 2832 alio
897 2808 1000 2844 quam
1016 2798 1186 2833 dominico
1204 2798 1272 2840 die;
1294 2799 1384 2845 quod
1407 2805 1481 2836 erat
1495 2805 1717 2849 propositum.

182 2855 346 2902 Reliqua,
359 2867 448 2903 quae
462 2857 647 2893 incidentia
661 2856 728 2890 dici
742 2858 904 2902 possunt,
920 2866 1000 2889 cum
1015 2855 1139 2900 partim
1153 2855 1332 2902 perspicue
1345 2856 1435 2892 falsa
1443 2883 1453 2901 ,
1473 2860 1600 2904 partim
1615 2861 1719 2897 dubia

184 2915 219 2947 et
233 2912 474 2950 ecclesiasticis
489 2913 679 2949 canonibus
696 2912 866 2947 contraria
881 2911 964 2954 sint,
980 2912 1108 2947 nullius
1123 2912 1316 2948 autoritatis
1331 2924 1375 2948 ne
1389 2913 1629 2953 Caesarienses
1645 2920 1717 2964 qui-

184 2968 262 3003 dem
277 2969 344 3016 ipsi
358 2972 471 3016 patres
487 2980 562 3006 esse
577 2971 776 3012 voluerunt,
797 2979 909 3014 neque
920 2968 1035 3004 Victor
1050 2979 1203 3015 unquam
1218 2970 1427 3016 approbavit.
1458 2972 1509 3007 De
1526 2984 1594 3020 qua
1608 2986 1644 3010 re
1659 2987 1716 3010 su-

183 3036 261 3071 pra,
278 3036 357 3060 cum
368 3025 409 3060 de
421 3025 610 3063 dominicae
621 3030 776 3073 tempore
786 3025 960 3071 passionis
972 3030 1086 3061 actum
1102 3029 1171 3069 est,
1187 3025 1348 3063 adversus
1360 3031 1586 3075 quorumdam
1599 3043 1716 3078 super-

253 3093 337 3127 Corp.
349 3094 513 3123 Haereeeol.
524 3095 576 3121 111.
1412 3098 1450 3133 M
