<?xml version="1.0" encoding="UTF-8"?>
<!DOCTYPE html PUBLIC "-//W3C//DTD XHTML 1.0 Transitional//EN"
    "http://www.w3.org/TR/xhtml1/DTD/xhtml1-transitional.dtd">
<html xmlns="http://www.w3.org/1999/xhtml" xml:lang="en" lang="en">
 <head>
  <title>
</title>
<meta http-equiv="Content-Type" content="text/html;charset=utf-8" />
  <meta name='ocr-system' content='tesseract 3.04.00' />
  <meta name='ocr-capabilities' content='ocr_page ocr_carea ocr_par ocr_line ocrx_word'/>
</head>
<body>
  <div class='ocr_page' id='page_1' title='image "./corporishaereseo03epip_0313.png"; bbox 0 0 2008 3294; ppageno 0'>
   <div class='ocr_carea' id='block_1_1' title="bbox 0 2219 21 2458">
    <p class='ocr_par' dir='ltr' id='par_1_1' title="bbox 0 2219 21 2458">
     <span class='ocr_line' id='line_1_1' title="bbox 0 2219 21 2458; textangle 90"><span class='ocrx_word' id='word_1_1' title='bbox 11 2451 17 2458; x_wconf 83' lang='grc'><strong><em>,</em></strong></span> <span class='ocrx_word' id='word_1_2' title='bbox 0 2319 21 2435; x_wconf 48' lang='lat' dir='ltr'><strong>&lt;ares—&gt;⁶2</strong></span> <span class='ocrx_word' id='word_1_3' title='bbox 0 2219 14 2301; x_wconf 45' lang='lat' dir='ltr'><strong>“tf-³⁵2</strong></span> 
     </span>
    </p>
   </div>
   <div class='ocr_carea' id='block_1_2' title="bbox 0 2482 27 2901">
    <p class='ocr_par' dir='ltr' id='par_1_2' title="bbox 0 2482 31 2901">
     <span class='ocr_line' id='line_1_2' title="bbox 0 2482 27 2901; textangle 90"><span class='ocrx_word' id='word_1_4' title='bbox 0 2570 27 2901; x_wconf 46' lang='lat' dir='ltr'><strong>-vae‘h‘zffi-—Zb-Q»</strong></span> <span class='ocrx_word' id='word_1_5' title='bbox 2 2542 16 2554; x_wconf 64' lang='lat'><strong>‘-</strong></span> <span class='ocrx_word' id='word_1_6' title='bbox 14 2482 17 2487; x_wconf 82' lang='lat'><em>-</em></span> 
     </span>
    </p>
   </div>
   <div class='ocr_carea' id='block_1_3' title="bbox 1531 192 1723 229">
    <p class='ocr_par' dir='ltr' id='par_1_3' title="bbox 1531 192 1723 229">
     <span class='ocr_line' id='line_1_3' title="bbox 1531 192 1723 229; baseline 0 0"><span class='ocrx_word' id='word_1_7' title='bbox 1531 192 1723 229; x_wconf 79' lang='lat' dir='ltr'>CLXXXV</span> 
     </span>
    </p>
   </div>
   <div class='ocr_carea' id='block_1_4' title="bbox 175 297 1725 631">
    <p class='ocr_par' dir='ltr' id='par_1_4' title="bbox 175 297 1725 575">
     <span class='ocr_line' id='line_1_4' title="bbox 177 297 1725 346; baseline -0.002 -12"><span class='ocrx_word' id='word_1_8' title='bbox 177 299 383 335; x_wconf 71' lang='lat' dir='ltr'>miraculum</span> <span class='ocrx_word' id='word_1_9' title='bbox 405 299 547 345; x_wconf 82' lang='lat' dir='ltr'><strong>ingens,</strong></span> <span class='ocrx_word' id='word_1_10' title='bbox 568 309 650 333; x_wconf 89' lang='lat' dir='ltr'><strong>cum</strong></span> <span class='ocrx_word' id='word_1_11' title='bbox 671 299 824 346; x_wconf 84' lang='lat' dir='ltr'><strong>quinque</strong></span> <span class='ocrx_word' id='word_1_12' title='bbox 844 297 952 335; x_wconf 83' lang='lat' dir='ltr'><strong>millia</strong></span> <span class='ocrx_word' id='word_1_13' title='bbox 964 297 1154 332; x_wconf 80' lang='lat' dir='ltr'><strong>hominnm</strong></span> <span class='ocrx_word' id='word_1_14' title='bbox 1174 297 1323 344; x_wconf 84' lang='lat' dir='ltr'><strong>panibus</strong></span> <span class='ocrx_word' id='word_1_15' title='bbox 1343 297 1497 344; x_wconf 83' lang='lat' dir='ltr'><strong>quinque</strong></span> <span class='ocrx_word' id='word_1_16' title='bbox 1516 300 1553 341; x_wconf 82' lang='lat' dir='ltr'><strong>et</strong></span> <span class='ocrx_word' id='word_1_17' title='bbox 1571 297 1725 343; x_wconf 82' lang='lat' dir='ltr'><strong>piscibus</strong></span> 
     </span>
     <span class='ocr_line' id='line_1_5' title="bbox 177 353 1725 400; baseline -0.001 -9"><span class='ocrx_word' id='word_1_18' title='bbox 177 356 312 393; x_wconf 86' lang='lat' dir='ltr'><strong>duobus</strong></span> <span class='ocrx_word' id='word_1_19' title='bbox 328 355 510 399; x_wconf 82' lang='lat' dir='ltr'><strong>saturavit,</strong></span> <span class='ocrx_word' id='word_1_20' title='bbox 530 353 650 390; x_wconf 82' lang='lat' dir='ltr'><strong>loann.</strong></span> <span class='ocrx_word' id='word_1_21' title='bbox 663 369 722 399; x_wconf 76' lang='lat' dir='ltr'><strong>v1.,</strong></span> <span class='ocrx_word' id='word_1_22' title='bbox 745 354 868 391; x_wconf 82' lang='lat' dir='ltr'><strong>Matth.</strong></span> <span class='ocrx_word' id='word_1_23' title='bbox 878 366 962 397; x_wconf 70' lang='grc' dir='ltr'>ιιι,</span> <span class='ocrx_word' id='word_1_24' title='bbox 977 355 1085 389; x_wconf 84' lang='lat' dir='ltr'><strong>Marc.</strong></span> <span class='ocrx_word' id='word_1_25' title='bbox 1097 366 1156 397; x_wconf 67' lang='grc' dir='ltr'><strong>τι,</strong></span> <span class='ocrx_word' id='word_1_26' title='bbox 1171 354 1256 391; x_wconf 88' lang='lat' dir='ltr'><strong>Luc.</strong></span> <span class='ocrx_word' id='word_1_27' title='bbox 1270 367 1318 390; x_wconf 89' lang='grc' dir='ltr'><strong>ιι.</strong></span> <span class='ocrx_word' id='word_1_28' title='bbox 1332 368 1341 398; x_wconf 86' lang='grc'><strong>;</strong></span> <span class='ocrx_word' id='word_1_29' title='bbox 1359 353 1498 400; x_wconf 81' lang='lat' dir='ltr'><strong>quando</strong></span> <span class='ocrx_word' id='word_1_30' title='bbox 1513 354 1659 396; x_wconf 83' lang='lat' dir='ltr'><strong>veritus,</strong></span> <span class='ocrx_word' id='word_1_31' title='bbox 1681 365 1725 399; x_wconf 73' lang='lat' dir='ltr'><strong>ne</strong></span> 
     </span>
     <span class='ocr_line' id='line_1_6' title="bbox 176 407 1724 460; baseline -0.001 -12"><span class='ocrx_word' id='word_1_32' title='bbox 176 422 237 448; x_wconf 80' lang='lat' dir='ltr'><strong>rex</strong></span> <span class='ocrx_word' id='word_1_33' title='bbox 259 424 280 448; x_wconf 87' lang='lat' dir='ltr'><strong>a</strong></span> <span class='ocrx_word' id='word_1_34' title='bbox 302 413 402 460; x_wconf 89' lang='lat' dir='ltr'><strong>plebe</strong></span> <span class='ocrx_word' id='word_1_35' title='bbox 422 412 535 455; x_wconf 80' lang='lat' dir='ltr'><strong>fieret,</strong></span> <span class='ocrx_word' id='word_1_36' title='bbox 557 413 699 448; x_wconf 84' lang='lat' dir='ltr'><strong>secessit</strong></span> <span class='ocrx_word' id='word_1_37' title='bbox 716 413 753 448; x_wconf 89' lang='lat' dir='ltr'><strong>in</strong></span> <span class='ocrx_word' id='word_1_38' title='bbox 774 407 927 448; x_wconf 83' lang='lat' dir='ltr'><strong>montem</strong></span> <span class='ocrx_word' id='word_1_39' title='bbox 950 414 984 446; x_wconf 86' lang='lat' dir='ltr'><strong>et</strong></span> <span class='ocrx_word' id='word_1_40' title='bbox 1005 411 1085 446; x_wconf 89' lang='lat' dir='ltr'><strong>inde</strong></span> <span class='ocrx_word' id='word_1_41' title='bbox 1108 412 1145 446; x_wconf 92' lang='lat' dir='ltr'><strong>in</strong></span> <span class='ocrx_word' id='word_1_42' title='bbox 1162 411 1405 458; x_wconf 84' lang='lat' dir='ltr'><strong>Capharnaum</strong></span> <span class='ocrx_word' id='word_1_43' title='bbox 1427 411 1635 453; x_wconf 70' lang='lat' dir='ltr'><strong>transmisit,</strong></span> <span class='ocrx_word' id='word_1_44' title='bbox 1656 421 1724 457; x_wconf 81' lang='lat' dir='ltr'><strong>quo</strong></span> 
     </span>
     <span class='ocr_line' id='line_1_7' title="bbox 177 467 1724 517; baseline 0.001 -12"><span class='ocrx_word' id='word_1_45' title='bbox 177 470 282 505; x_wconf 85' lang='lat' dir='ltr'><strong>etiam</strong></span> <span class='ocrx_word' id='word_1_46' title='bbox 296 474 453 517; x_wconf 89' lang='lat' dir='ltr'><strong>tempore</strong></span> <span class='ocrx_word' id='word_1_47' title='bbox 467 480 572 516; x_wconf 87' lang='lat' dir='ltr'><strong>super</strong></span> <span class='ocrx_word' id='word_1_48' title='bbox 584 480 692 516; x_wconf 85' lang='lat' dir='ltr'><strong>aquas</strong></span> <span class='ocrx_word' id='word_1_49' title='bbox 707 469 907 505; x_wconf 81' lang='lat' dir='ltr'><strong>ambulavit.</strong></span> <span class='ocrx_word' id='word_1_50' title='bbox 937 468 1011 506; x_wconf 82' lang='lat' dir='ltr'><strong>Sub</strong></span> <span class='ocrx_word' id='word_1_51' title='bbox 1031 467 1124 503; x_wconf 91' lang='lat' dir='ltr'><strong>idem</strong></span> <span class='ocrx_word' id='word_1_52' title='bbox 1146 472 1284 515; x_wconf 89' lang='lat' dir='ltr'><strong>tempus</strong></span> <span class='ocrx_word' id='word_1_53' title='bbox 1300 468 1419 503; x_wconf 77' lang='lat' dir='ltr'><strong>habita</strong></span> <span class='ocrx_word' id='word_1_54' title='bbox 1434 473 1488 504; x_wconf 88' lang='lat' dir='ltr'><strong>est</strong></span> <span class='ocrx_word' id='word_1_55' title='bbox 1501 467 1545 503; x_wconf 76' lang='lat' dir='ltr'><strong>ad</strong></span> <span class='ocrx_word' id='word_1_56' title='bbox 1560 468 1724 515; x_wconf 78' lang='lat' dir='ltr'><strong>populum</strong></span> 
     </span>
     <span class='ocr_line' id='line_1_8' title="bbox 175 524 1724 575; baseline -0.001 -13"><span class='ocrx_word' id='word_1_57' title='bbox 175 527 236 562; x_wconf 86' lang='lat' dir='ltr'><strong>illa</strong></span> <span class='ocrx_word' id='word_1_58' title='bbox 251 527 455 575; x_wconf 82' lang='lat' dir='ltr'><strong>disputatio,</strong></span> <span class='ocrx_word' id='word_1_59' title='bbox 472 537 562 572; x_wconf 89' lang='lat' dir='ltr'><strong>quae</strong></span> <span class='ocrx_word' id='word_1_60' title='bbox 576 525 697 563; x_wconf 86' lang='lat' dir='ltr'><strong>Ioann.</strong></span> <span class='ocrx_word' id='word_1_61' title='bbox 709 539 756 562; x_wconf 82' lang='lat' dir='ltr'><strong>vr.</strong></span> <span class='ocrx_word' id='word_1_62' title='bbox 773 525 986 562; x_wconf 83' lang='lat' dir='ltr'><strong>describitur.</strong></span> <span class='ocrx_word' id='word_1_63' title='bbox 1015 524 1099 560; x_wconf 90' lang='lat' dir='ltr'><strong>Inde</strong></span> <span class='ocrx_word' id='word_1_64' title='bbox 1115 525 1151 560; x_wconf 87' lang='lat' dir='ltr'><strong>in</strong></span> <span class='ocrx_word' id='word_1_65' title='bbox 1167 530 1294 561; x_wconf 85' lang='lat' dir='ltr'><strong>terram</strong></span> <span class='ocrx_word' id='word_1_66' title='bbox 1312 524 1526 561; x_wconf 84' lang='lat' dir='ltr'><strong>Genezareth</strong></span> <span class='ocrx_word' id='word_1_67' title='bbox 1539 524 1724 572; x_wconf 80' lang='lat' dir='ltr'><strong>profectus.</strong></span> 
     </span>
    </p>

    <p class='ocr_par' dir='ltr' id='par_1_5' title="bbox 265 582 1725 631">
     <span class='ocr_line' id='line_1_9' title="bbox 265 582 1725 631; baseline -0.001 -12"><span class='ocrx_word' id='word_1_68' title='bbox 265 583 429 630; x_wconf 74' lang='lat' dir='ltr'><strong>Sequitur</strong></span> <span class='ocrx_word' id='word_1_69' title='bbox 444 583 574 631; x_wconf 87' lang='lat' dir='ltr'><strong>pascha</strong></span> <span class='ocrx_word' id='word_1_70' title='bbox 589 584 780 620; x_wconf 88' lang='lat' dir='ltr'><strong>secundum</strong></span> <span class='ocrx_word' id='word_1_71' title='bbox 794 584 912 619; x_wconf 90' lang='lat' dir='ltr'><strong>Ioann.</strong></span> <span class='ocrx_word' id='word_1_72' title='bbox 924 594 973 626; x_wconf 79' lang='lat' dir='ltr'><strong>vr,</strong></span> <span class='ocrx_word' id='word_1_73' title='bbox 987 582 1020 617; x_wconf 85' lang='lat'><strong>4.</strong></span> <span class='ocrx_word' id='word_1_74' title='bbox 1050 582 1140 618; x_wconf 86' lang='lat' dir='ltr'><strong>Hinc</strong></span> <span class='ocrx_word' id='word_1_75' title='bbox 1163 582 1224 617; x_wconf 91' lang='lat' dir='ltr'><strong>illa</strong></span> <span class='ocrx_word' id='word_1_76' title='bbox 1245 594 1325 617; x_wconf 89' lang='lat' dir='ltr'><strong>cum</strong></span> <span class='ocrx_word' id='word_1_77' title='bbox 1339 582 1535 618; x_wconf 84' lang='lat' dir='ltr'><strong>Pharisaeis</strong></span> <span class='ocrx_word' id='word_1_78' title='bbox 1550 582 1725 618; x_wconf 81' lang='lat' dir='ltr'><strong>altercatio</strong></span> 
     </span>
    </p>
   </div>
   <div class='ocr_carea' id='block_1_5' title="bbox 175 638 1858 689">
    <p class='ocr_par' dir='ltr' id='par_1_6' title="bbox 175 638 1858 689">
     <span class='ocr_line' id='line_1_10' title="bbox 175 638 1858 689; baseline -0.001 -13"><span class='ocrx_word' id='word_1_79' title='bbox 175 641 298 676; x_wconf 76' lang='lat' dir='ltr'><strong>Matth.</strong></span> <span class='ocrx_word' id='word_1_80' title='bbox 311 653 384 685; x_wconf 86' lang='lat' dir='ltr'><strong>xv.‚</strong></span> <span class='ocrx_word' id='word_1_81' title='bbox 405 641 512 676; x_wconf 78' lang='lat' dir='ltr'><strong>Maro.</strong></span> <span class='ocrx_word' id='word_1_82' title='bbox 529 653 575 676; x_wconf 82' lang='lat' dir='ltr'><strong>vr.</strong></span> <span class='ocrx_word' id='word_1_83' title='bbox 621 641 706 676; x_wconf 84' lang='lat' dir='ltr'><strong>Post</strong></span> <span class='ocrx_word' id='word_1_84' title='bbox 724 641 761 676; x_wconf 89' lang='lat' dir='ltr'><strong>in</strong></span> <span class='ocrx_word' id='word_1_85' title='bbox 777 641 958 687; x_wconf 77' lang='lat' dir='ltr'><strong>Tyriorum</strong></span> <span class='ocrx_word' id='word_1_86' title='bbox 974 639 1265 686; x_wconf 84' lang='lat' dir='ltr'><strong>Sidoniorumque</strong></span> <span class='ocrx_word' id='word_1_87' title='bbox 1287 639 1376 674; x_wconf 85' lang='lat' dir='ltr'><strong>fines</strong></span> <span class='ocrx_word' id='word_1_88' title='bbox 1398 639 1573 686; x_wconf 81' lang='lat' dir='ltr'><strong>profectus</strong></span> <span class='ocrx_word' id='word_1_89' title='bbox 1592 638 1724 689; x_wconf 56' lang='lat' dir='ltr'><strong>Charra·</strong></span> <span class='ocrx_word' id='word_1_90' title='bbox 1781 657 1787 663; x_wconf 90' lang='lat'><strong>·</strong></span> <span class='ocrx_word' id='word_1_91' title='bbox 1852 659 1858 665; x_wconf 90' lang='lat'><strong>·</strong></span> 
     </span>
    </p>
   </div>
   <div class='ocr_carea' id='block_1_6' title="bbox 170 695 1727 3082">
    <p class='ocr_par' dir='ltr' id='par_1_7' title="bbox 172 695 1727 1943">
     <span class='ocr_line' id='line_1_11' title="bbox 174 695 1724 740; baseline -0.001 -6"><span class='ocrx_word' id='word_1_92' title='bbox 174 709 282 734; x_wconf 79' lang='lat' dir='ltr'><strong>nacae</strong></span> <span class='ocrx_word' id='word_1_93' title='bbox 302 697 411 733; x_wconf 85' lang='lat' dir='ltr'><strong>filiam</strong></span> <span class='ocrx_word' id='word_1_94' title='bbox 433 701 547 740; x_wconf 87' lang='lat' dir='ltr'><strong>curat,</strong></span> <span class='ocrx_word' id='word_1_95' title='bbox 568 709 633 733; x_wconf 88' lang='lat' dir='ltr'><strong>nec</strong></span> <span class='ocrx_word' id='word_1_96' title='bbox 652 709 723 733; x_wconf 91' lang='lat' dir='ltr'><strong>non</strong></span> <span class='ocrx_word' id='word_1_97' title='bbox 745 701 781 734; x_wconf 85' lang='lat' dir='ltr'><strong>et</strong></span> <span class='ocrx_word' id='word_1_98' title='bbox 801 697 1064 733; x_wconf 81' lang='lat' dir='ltr'><strong>daemoniacum</strong></span> <span class='ocrx_word' id='word_1_99' title='bbox 1084 695 1221 732; x_wconf 87' lang='lat' dir='ltr'><strong>mut&#39;um</strong></span> <span class='ocrx_word' id='word_1_100' title='bbox 1242 707 1283 731; x_wconf 84' lang='lat' dir='ltr'><strong>ac</strong></span> <span class='ocrx_word' id='word_1_101' title='bbox 1304 696 1448 731; x_wconf 87' lang='lat' dir='ltr'><strong>surdum</strong></span> <span class='ocrx_word' id='word_1_102' title='bbox 1463 697 1508 731; x_wconf 90' lang='lat' dir='ltr'><strong>ad</strong></span> <span class='ocrx_word' id='word_1_103' title='bbox 1522 707 1617 732; x_wconf 88' lang='lat' dir='ltr'><strong>mare</strong></span> <span class='ocrx_word' id='word_1_104' title='bbox 1633 696 1724 733; x_wconf 84' lang='lat' dir='ltr'><strong>Gali-</strong></span> 
     </span>
     <span class='ocr_line' id='line_1_12' title="bbox 175 752 1726 800; baseline -0.001 -10"><span class='ocrx_word' id='word_1_105' title='bbox 175 755 287 798; x_wconf 82' lang='lat' dir='ltr'><strong>laeae,</strong></span> <span class='ocrx_word' id='word_1_106' title='bbox 312 754 450 800; x_wconf 84' lang='lat' dir='ltr'><strong>quaudo</strong></span> <span class='ocrx_word' id='word_1_107' title='bbox 472 754 648 790; x_wconf 79' lang='lat' dir='ltr'><strong>Pharisaei</strong></span> <span class='ocrx_word' id='word_1_108' title='bbox 671 756 923 790; x_wconf 72' lang='lat' dir='ltr'><strong>calumniantes</strong></span> <span class='ocrx_word' id='word_1_109' title='bbox 944 754 983 790; x_wconf 88' lang='lat' dir='ltr'><strong>in</strong></span> <span class='ocrx_word' id='word_1_110' title='bbox 1003 752 1200 789; x_wconf 75' lang='lat' dir='ltr'><strong>Beelzebub</strong></span> <span class='ocrx_word' id='word_1_111' title='bbox 1222 753 1299 789; x_wconf 82' lang='lat' dir='ltr'><strong>fieri</strong></span> <span class='ocrx_word' id='word_1_112' title='bbox 1320 754 1389 788; x_wconf 80' lang='lat' dir='ltr'><strong>ista</strong></span> <span class='ocrx_word' id='word_1_113' title='bbox 1411 753 1582 790; x_wconf 79' lang='lat' dir='ltr'><strong>dixerunt.</strong></span> <span class='ocrx_word' id='word_1_114' title='bbox 1627 753 1726 796; x_wconf 84' lang='lat' dir='ltr'><strong>Quod</strong></span> 
     </span>
     <span class='ocr_line' id='line_1_13' title="bbox 176 810 1726 859; baseline 0 -13"><span class='ocrx_word' id='word_1_115' title='bbox 176 811 314 859; x_wconf 89' lang='lat' dir='ltr'><strong>quidem</strong></span> <span class='ocrx_word' id='word_1_116' title='bbox 330 812 383 846; x_wconf 91' lang='lat' dir='ltr'><strong>bis</strong></span> <span class='ocrx_word' id='word_1_117' title='bbox 401 813 542 847; x_wconf 88' lang='lat' dir='ltr'><strong>omnino</strong></span> <span class='ocrx_word' id='word_1_118' title='bbox 559 812 720 858; x_wconf 84' lang='lat' dir='ltr'><strong>contigit:</strong></span> <span class='ocrx_word' id='word_1_119' title='bbox 740 812 891 859; x_wconf 88' lang='lat' dir='ltr'><strong>primum</strong></span> <span class='ocrx_word' id='word_1_120' title='bbox 906 810 1027 847; x_wconf 80' lang='lat' dir='ltr'><strong>Matth.</strong></span> <span class='ocrx_word' id='word_1_121' title='bbox 1041 822 1100 854; x_wconf 85' lang='grc' dir='ltr'>ιι.,</span> <span class='ocrx_word' id='word_1_122' title='bbox 1116 811 1223 845; x_wconf 80' lang='lat' dir='ltr'><strong>Marc.</strong></span> <span class='ocrx_word' id='word_1_123' title='bbox 1238 822 1300 853; x_wconf 92' lang='grc' dir='ltr'>ιιι.,</span> <span class='ocrx_word' id='word_1_124' title='bbox 1324 810 1447 845; x_wconf 90' lang='lat' dir='ltr'><strong>deinde</strong></span> <span class='ocrx_word' id='word_1_125' title='bbox 1469 810 1591 847; x_wconf 80' lang='lat' dir='ltr'><strong>Matth.</strong></span> <span class='ocrx_word' id='word_1_126' title='bbox 1607 823 1668 847; x_wconf 80' lang='grc' dir='ltr'>ιιι.</span> <span class='ocrx_word' id='word_1_127' title='bbox 1690 814 1726 846; x_wconf 86' lang='lat' dir='ltr'><strong>et</strong></span> 
     </span>
     <span class='ocr_line' id='line_1_14' title="bbox 175 867 1726 915; baseline -0.001 -10"><span class='ocrx_word' id='word_1_128' title='bbox 175 869 282 905; x_wconf 84' lang='lat' dir='ltr'><strong>Marc.</strong></span> <span class='ocrx_word' id='word_1_129' title='bbox 296 881 368 911; x_wconf 65' lang='lat' dir='ltr'><strong>vra,</strong></span> <span class='ocrx_word' id='word_1_130' title='bbox 383 868 466 905; x_wconf 90' lang='lat' dir='ltr'><strong>Luc.</strong></span> <span class='ocrx_word' id='word_1_131' title='bbox 479 882 527 906; x_wconf 83' lang='grc' dir='ltr'><strong>ιι,</strong></span> <span class='ocrx_word' id='word_1_132' title='bbox 554 869 816 905; x_wconf 86' lang='lat' dir='ltr'><strong>Subiiciendum</strong></span> <span class='ocrx_word' id='word_1_133' title='bbox 827 867 881 904; x_wconf 89' lang='lat' dir='ltr'><strong>his</strong></span> <span class='ocrx_word' id='word_1_134' title='bbox 897 867 1059 904; x_wconf 88' lang='lat' dir='ltr'><strong>omnibus</strong></span> <span class='ocrx_word' id='word_1_135' title='bbox 1075 870 1129 903; x_wconf 82' lang='lat' dir='ltr'><strong>est</strong></span> <span class='ocrx_word' id='word_1_136' title='bbox 1143 867 1238 903; x_wconf 84' lang='lat' dir='ltr'><strong>aliud</strong></span> <span class='ocrx_word' id='word_1_137' title='bbox 1252 867 1468 915; x_wconf 82' lang='lat' dir='ltr'><strong>prodigium,</strong></span> <span class='ocrx_word' id='word_1_138' title='bbox 1484 878 1563 903; x_wconf 89' lang='lat' dir='ltr'><strong>cum</strong></span> <span class='ocrx_word' id='word_1_139' title='bbox 1579 871 1726 914; x_wconf 88' lang='lat' dir='ltr'><strong>quatuor</strong></span> 
     </span>
     <span class='ocr_line' id='line_1_15' title="bbox 174 923 1725 973; baseline 0 -13"><span class='ocrx_word' id='word_1_140' title='bbox 174 925 354 961; x_wconf 89' lang='lat' dir='ltr'><strong>hominum</strong></span> <span class='ocrx_word' id='word_1_141' title='bbox 376 926 487 961; x_wconf 86' lang='lat' dir='ltr'><strong>millia</strong></span> <span class='ocrx_word' id='word_1_142' title='bbox 509 930 644 973; x_wconf 82' lang='lat' dir='ltr'><strong>septem</strong></span> <span class='ocrx_word' id='word_1_143' title='bbox 665 925 815 972; x_wconf 85' lang='lat' dir='ltr'><strong>panibus</strong></span> <span class='ocrx_word' id='word_1_144' title='bbox 838 925 978 961; x_wconf 83' lang='lat' dir='ltr'><strong>satiavit</strong></span> <span class='ocrx_word' id='word_1_145' title='bbox 994 923 1200 966; x_wconf 56' lang='lat' dir='ltr'><strong>natthav„</strong></span> <span class='ocrx_word' id='word_1_146' title='bbox 1223 924 1329 959; x_wconf 81' lang='lat' dir='ltr'><strong>Marc.</strong></span> <span class='ocrx_word' id='word_1_147' title='bbox 1342 937 1418 959; x_wconf 82' lang='lat' dir='ltr'><strong>vm.</strong></span> <span class='ocrx_word' id='word_1_148' title='bbox 1464 924 1546 959; x_wconf 91' lang='lat' dir='ltr'><strong>lnde</strong></span> <span class='ocrx_word' id='word_1_149' title='bbox 1561 925 1596 960; x_wconf 95' lang='lat' dir='ltr'><strong>in</strong></span> <span class='ocrx_word' id='word_1_150' title='bbox 1612 929 1725 971; x_wconf 77' lang='lat' dir='ltr'><strong>partes</strong></span> 
     </span>
     <span class='ocr_line' id='line_1_16' title="bbox 174 980 1725 1030; baseline -0.001 -13"><span class='ocrx_word' id='word_1_151' title='bbox 174 982 408 1019; x_wconf 81' lang='lat' dir='ltr'><strong>Dalmanutha</strong></span> <span class='ocrx_word' id='word_1_152' title='bbox 428 983 657 1030; x_wconf 86' lang='lat' dir='ltr'><strong>proficiscitur</strong></span> <span class='ocrx_word' id='word_1_153' title='bbox 680 983 787 1019; x_wconf 82' lang='lat' dir='ltr'><strong>Marc.</strong></span> <span class='ocrx_word' id='word_1_154' title='bbox 797 994 883 1025; x_wconf 72' lang='grc' dir='ltr'>νιιι.,</span> <span class='ocrx_word' id='word_1_155' title='bbox 903 982 964 1018; x_wconf 87' lang='lat' dir='ltr'><strong>ubi</strong></span> <span class='ocrx_word' id='word_1_156' title='bbox 974 980 1150 1018; x_wconf 86' lang='lat' dir='ltr'><strong>Pharisaei</strong></span> <span class='ocrx_word' id='word_1_157' title='bbox 1161 982 1303 1028; x_wconf 84' lang='lat' dir='ltr'><strong>signum</strong></span> <span class='ocrx_word' id='word_1_158' title='bbox 1318 985 1501 1027; x_wconf 85' lang='lat' dir='ltr'><strong>quaerunt,</strong></span> <span class='ocrx_word' id='word_1_159' title='bbox 1516 980 1636 1017; x_wconf 84' lang='lat' dir='ltr'><strong>Matth.</strong></span> <span class='ocrx_word' id='word_1_160' title='bbox 1645 994 1725 1024; x_wconf 62' lang='lat' dir='ltr'><strong>xva,</strong></span> 
     </span>
     <span class='ocr_line' id='line_1_17' title="bbox 174 1037 1725 1086; baseline -0.001 -11"><span class='ocrx_word' id='word_1_161' title='bbox 174 1040 255 1076; x_wconf 89' lang='lat' dir='ltr'><strong>Luc.</strong></span> <span class='ocrx_word' id='word_1_162' title='bbox 269 1052 331 1083; x_wconf 86' lang='grc' dir='ltr'>ιι.,</span> <span class='ocrx_word' id='word_1_163' title='bbox 347 1040 440 1086; x_wconf 90' lang='lat' dir='ltr'><strong>quod</strong></span> <span class='ocrx_word' id='word_1_164' title='bbox 457 1044 491 1075; x_wconf 91' lang='lat' dir='ltr'><strong>et</strong></span> <span class='ocrx_word' id='word_1_165' title='bbox 505 1044 586 1075; x_wconf 86' lang='lat' dir='ltr'><strong>ante</strong></span> <span class='ocrx_word' id='word_1_166' title='bbox 602 1041 790 1086; x_wconf 85' lang='lat' dir='ltr'><strong>petierant,</strong></span> <span class='ocrx_word' id='word_1_167' title='bbox 805 1038 928 1075; x_wconf 81' lang='lat' dir='ltr'><strong>Matth.</strong></span> <span class='ocrx_word' id='word_1_168' title='bbox 941 1051 1004 1076; x_wconf 57' lang='grc' dir='ltr'>ιιι,</span> <span class='ocrx_word' id='word_1_169' title='bbox 1030 1038 1198 1074; x_wconf 84' lang='lat' dir='ltr'><strong>Invitatur</strong></span> <span class='ocrx_word' id='word_1_170' title='bbox 1213 1049 1235 1073; x_wconf 90' lang='lat' dir='ltr'><strong>a</strong></span> <span class='ocrx_word' id='word_1_171' title='bbox 1249 1037 1454 1080; x_wconf 82' lang='lat' dir='ltr'><strong>Pharisaeo,</strong></span> <span class='ocrx_word' id='word_1_172' title='bbox 1470 1042 1504 1073; x_wconf 88' lang='lat' dir='ltr'><strong>et</strong></span> <span class='ocrx_word' id='word_1_173' title='bbox 1519 1038 1554 1073; x_wconf 90' lang='lat' dir='ltr'><strong>in</strong></span> <span class='ocrx_word' id='word_1_174' title='bbox 1570 1039 1725 1084; x_wconf 88' lang='lat' dir='ltr'><strong>pluribus</strong></span> 
     </span>
     <span class='ocr_line' id='line_1_18' title="bbox 174 1095 1722 1140; baseline 0 -8"><span class='ocrx_word' id='word_1_175' title='bbox 174 1097 312 1132; x_wconf 85' lang='lat' dir='ltr'><strong>disserit</strong></span> <span class='ocrx_word' id='word_1_176' title='bbox 325 1097 408 1132; x_wconf 87' lang='lat' dir='ltr'><strong>Luc.</strong></span> <span class='ocrx_word' id='word_1_177' title='bbox 421 1109 482 1140; x_wconf 89' lang='grc' dir='ltr'>ιι.,</span> <span class='ocrx_word' id='word_1_178' title='bbox 497 1096 618 1132; x_wconf 85' lang='lat' dir='ltr'><strong>Matth.</strong></span> <span class='ocrx_word' id='word_1_179' title='bbox 631 1109 732 1133; x_wconf 82' lang='lat' dir='ltr'><strong>xxm.</strong></span> <span class='ocrx_word' id='word_1_180' title='bbox 759 1097 842 1133; x_wconf 90' lang='lat' dir='ltr'><strong>Abit</strong></span> <span class='ocrx_word' id='word_1_181' title='bbox 856 1100 952 1133; x_wconf 88' lang='lat' dir='ltr'><strong>trans</strong></span> <span class='ocrx_word' id='word_1_182' title='bbox 967 1095 1096 1132; x_wconf 80' lang='lat' dir='ltr'><strong>fretum</strong></span> <span class='ocrx_word' id='word_1_183' title='bbox 1109 1096 1220 1133; x_wconf 69' lang='lat' dir='ltr'><strong>nare.</strong></span> <span class='ocrx_word' id='word_1_184' title='bbox 1234 1108 1320 1139; x_wconf 63' lang='lat' dir='ltr'><strong>vua,</strong></span> <span class='ocrx_word' id='word_1_185' title='bbox 1344 1095 1394 1130; x_wconf 86' lang='lat'><strong>13.</strong></span> <span class='ocrx_word' id='word_1_186' title='bbox 1417 1095 1499 1131; x_wconf 70' lang='lat' dir='ltr'><strong>Iruc.</strong></span> <span class='ocrx_word' id='word_1_187' title='bbox 1514 1108 1585 1138; x_wconf 87' lang='grc' dir='ltr'>ιιι.,</span> <span class='ocrx_word' id='word_1_188' title='bbox 1600 1095 1722 1132; x_wconf 82' lang='lat' dir='ltr'><strong>Matth.</strong></span> 
     </span>
     <span class='ocr_line' id='line_1_19' title="bbox 174 1152 1727 1200; baseline -0.001 -11"><span class='ocrx_word' id='word_1_189' title='bbox 174 1167 245 1190; x_wconf 84' lang='lat' dir='ltr'><strong>xvr.</strong></span> <span class='ocrx_word' id='word_1_190' title='bbox 290 1154 341 1189; x_wconf 91' lang='lat' dir='ltr'><strong>De</strong></span> <span class='ocrx_word' id='word_1_191' title='bbox 365 1154 517 1189; x_wconf 83' lang='lat' dir='ltr'><strong>cavendo</strong></span> <span class='ocrx_word' id='word_1_192' title='bbox 540 1153 804 1190; x_wconf 77' lang='lat' dir='ltr'><strong>Pharisaeorum</strong></span> <span class='ocrx_word' id='word_1_193' title='bbox 827 1153 998 1190; x_wconf 79' lang='lat' dir='ltr'><strong>fermento</strong></span> <span class='ocrx_word' id='word_1_194' title='bbox 1022 1154 1206 1200; x_wconf 78' lang='lat' dir='ltr'><strong>praecipit,</strong></span> <span class='ocrx_word' id='word_1_195' title='bbox 1233 1152 1442 1188; x_wconf 82' lang='lat' dir='ltr'><strong>Bethsaidae</strong></span> <span class='ocrx_word' id='word_1_196' title='bbox 1471 1163 1609 1189; x_wconf 78' lang='lat' dir='ltr'><strong>caecum</strong></span> <span class='ocrx_word' id='word_1_197' title='bbox 1631 1157 1727 1187; x_wconf 84' lang='lat' dir='ltr'><strong>curat</strong></span> 
     </span>
     <span class='ocr_line' id='line_1_20' title="bbox 173 1208 1725 1254; baseline 0 -8"><span class='ocrx_word' id='word_1_198' title='bbox 173 1211 280 1248; x_wconf 82' lang='lat' dir='ltr'><strong>Mare.</strong></span> <span class='ocrx_word' id='word_1_199' title='bbox 294 1223 370 1254; x_wconf 83' lang='lat' dir='ltr'><strong>vm,</strong></span> <span class='ocrx_word' id='word_1_200' title='bbox 385 1210 439 1246; x_wconf 81' lang='lat'><strong>22.</strong></span> <span class='ocrx_word' id='word_1_201' title='bbox 485 1211 607 1247; x_wconf 86' lang='lat' dir='ltr'><strong>Petrus</strong></span> <span class='ocrx_word' id='word_1_202' title='bbox 629 1210 884 1246; x_wconf 80' lang='lat' dir='ltr'><strong>confessionem</strong></span> <span class='ocrx_word' id='word_1_203' title='bbox 901 1210 973 1246; x_wconf 87' lang='lat' dir='ltr'><strong>edit</strong></span> <span class='ocrx_word' id='word_1_204' title='bbox 986 1210 1093 1246; x_wconf 66' lang='lat' dir='ltr'><strong>Maro.</strong></span> <span class='ocrx_word' id='word_1_205' title='bbox 1108 1222 1184 1253; x_wconf 81' lang='lat' dir='ltr'><strong>vm,</strong></span> <span class='ocrx_word' id='word_1_206' title='bbox 1201 1210 1256 1246; x_wconf 83' lang='lat'><strong>27.</strong></span> <span class='ocrx_word' id='word_1_207' title='bbox 1281 1209 1404 1245; x_wconf 80' lang='lat' dir='ltr'><strong>Matth.</strong></span> <span class='ocrx_word' id='word_1_208' title='bbox 1419 1222 1490 1252; x_wconf 71' lang='grc' dir='ltr'>ιιι,</span> <span class='ocrx_word' id='word_1_209' title='bbox 1511 1210 1593 1245; x_wconf 88' lang='lat' dir='ltr'><strong>Luc.</strong></span> <span class='ocrx_word' id='word_1_210' title='bbox 1609 1221 1655 1251; x_wconf 90' lang='grc' dir='ltr'><strong>ιι,</strong></span> <span class='ocrx_word' id='word_1_211' title='bbox 1675 1208 1725 1246; x_wconf 86' lang='grc'><strong>18.</strong></span> 
     </span>
     <span class='ocr_line' id='line_1_21' title="bbox 174 1266 1726 1314; baseline -0.001 -11"><span class='ocrx_word' id='word_1_212' title='bbox 174 1269 255 1303; x_wconf 90' lang='lat' dir='ltr'><strong>Post</strong></span> <span class='ocrx_word' id='word_1_213' title='bbox 278 1269 351 1303; x_wconf 88' lang='lat' dir='ltr'><strong>dies</strong></span> <span class='ocrx_word' id='word_1_214' title='bbox 367 1280 431 1304; x_wconf 86' lang='lat' dir='ltr'><strong>vm</strong></span> <span class='ocrx_word' id='word_1_215' title='bbox 447 1269 503 1303; x_wconf 83' lang='lat' dir='ltr'><strong>vel</strong></span> <span class='ocrx_word' id='word_1_216' title='bbox 518 1280 565 1304; x_wconf 86' lang='lat' dir='ltr'><strong>v1.</strong></span> <span class='ocrx_word' id='word_1_217' title='bbox 580 1267 848 1314; x_wconf 81' lang='lat' dir='ltr'><strong>transfiguratur</strong></span> <span class='ocrx_word' id='word_1_218' title='bbox 869 1266 992 1303; x_wconf 76' lang='lat' dir='ltr'><strong>Matth.</strong></span> <span class='ocrx_word' id='word_1_219' title='bbox 1006 1279 1092 1310; x_wconf 84' lang='lat' dir='ltr'><strong>xvu,</strong></span> <span class='ocrx_word' id='word_1_220' title='bbox 1107 1267 1216 1303; x_wconf 73' lang='lat' dir='ltr'><strong>Mare.</strong></span> <span class='ocrx_word' id='word_1_221' title='bbox 1229 1279 1277 1310; x_wconf 82' lang='lat' dir='ltr'><strong>rx,</strong></span> <span class='ocrx_word' id='word_1_222' title='bbox 1293 1267 1376 1302; x_wconf 87' lang='lat' dir='ltr'><strong>Luc.</strong></span> <span class='ocrx_word' id='word_1_223' title='bbox 1390 1279 1439 1304; x_wconf 85' lang='lat' dir='ltr'><strong>rx.</strong></span> <span class='ocrx_word' id='word_1_224' title='bbox 1486 1266 1652 1303; x_wconf 85' lang='lat' dir='ltr'><strong>Postridie</strong></span> <span class='ocrx_word' id='word_1_225' title='bbox 1675 1268 1726 1302; x_wconf 89' lang='lat' dir='ltr'><strong>lu-</strong></span> 
     </span>
     <span class='ocr_line' id='line_1_22' title="bbox 175 1324 1724 1372; baseline 0.001 -12"><span class='ocrx_word' id='word_1_226' title='bbox 175 1326 329 1361; x_wconf 84' lang='lat' dir='ltr'><strong>naticum</strong></span> <span class='ocrx_word' id='word_1_227' title='bbox 343 1328 454 1360; x_wconf 85' lang='lat' dir='ltr'><strong>sanat.</strong></span> <span class='ocrx_word' id='word_1_228' title='bbox 479 1324 562 1360; x_wconf 84' lang='lat' dir='ltr'><strong>Orta</strong></span> <span class='ocrx_word' id='word_1_229' title='bbox 576 1325 666 1360; x_wconf 86' lang='lat' dir='ltr'><strong>inter</strong></span> <span class='ocrx_word' id='word_1_230' title='bbox 681 1325 867 1372; x_wconf 81' lang='lat' dir='ltr'><strong>Apostolos</strong></span> <span class='ocrx_word' id='word_1_231' title='bbox 883 1325 926 1360; x_wconf 90' lang='lat' dir='ltr'><strong>de</strong></span> <span class='ocrx_word' id='word_1_232' title='bbox 942 1325 1136 1372; x_wconf 83' lang='lat' dir='ltr'><strong>principatu</strong></span> <span class='ocrx_word' id='word_1_233' title='bbox 1152 1325 1328 1360; x_wconf 84' lang='lat' dir='ltr'><strong>contentio</strong></span> <span class='ocrx_word' id='word_1_234' title='bbox 1344 1324 1505 1367; x_wconf 57' lang='lat' dir='ltr'><strong>Marcu,</strong></span> <span class='ocrx_word' id='word_1_235' title='bbox 1518 1324 1572 1360; x_wconf 81' lang='lat'><strong>32.</strong></span> <span class='ocrx_word' id='word_1_236' title='bbox 1588 1324 1668 1360; x_wconf 87' lang='lat' dir='ltr'><strong>Luc.</strong></span> <span class='ocrx_word' id='word_1_237' title='bbox 1678 1336 1724 1361; x_wconf 90' lang='grc' dir='ltr'><strong>ιι.</strong></span> 
     </span>
     <span class='ocr_line' id='line_1_23' title="bbox 174 1381 1724 1430; baseline -0.001 -12"><span class='ocrx_word' id='word_1_238' title='bbox 174 1382 226 1418; x_wconf 89' lang='lat' dir='ltr'><strong>Ad</strong></span> <span class='ocrx_word' id='word_1_239' title='bbox 242 1382 471 1429; x_wconf 70' lang='lat' dir='ltr'><strong>scenopegiae</strong></span> <span class='ocrx_word' id='word_1_240' title='bbox 486 1382 615 1418; x_wconf 81' lang='lat' dir='ltr'><strong>festum</strong></span> <span class='ocrx_word' id='word_1_241' title='bbox 631 1393 650 1417; x_wconf 94' lang='lat' dir='ltr'><strong>e</strong></span> <span class='ocrx_word' id='word_1_242' title='bbox 669 1382 826 1418; x_wconf 87' lang='lat' dir='ltr'><strong>Galilaea</strong></span> <span class='ocrx_word' id='word_1_243' title='bbox 840 1381 1017 1430; x_wconf 75' lang='lat' dir='ltr'><strong>profectus</strong></span> <span class='ocrx_word' id='word_1_244' title='bbox 1033 1382 1310 1427; x_wconf 75' lang='lat' dir='ltr'><strong>Hierosolymam</strong></span> <span class='ocrx_word' id='word_1_245' title='bbox 1326 1382 1447 1418; x_wconf 85' lang='lat' dir='ltr'><strong>Ioann.</strong></span> <span class='ocrx_word' id='word_1_246' title='bbox 1461 1394 1521 1418; x_wconf 85' lang='lat' dir='ltr'><strong>vu.</strong></span> <span class='ocrx_word' id='word_1_247' title='bbox 1554 1381 1648 1417; x_wconf 85' lang='lat' dir='ltr'><strong>Unde</strong></span> <span class='ocrx_word' id='word_1_248' title='bbox 1663 1382 1724 1416; x_wconf 86' lang='lat' dir='ltr'><strong>ite-</strong></span> 
     </span>
     <span class='ocr_line' id='line_1_24' title="bbox 174 1438 1725 1486; baseline -0.001 -11"><span class='ocrx_word' id='word_1_249' title='bbox 174 1451 251 1475; x_wconf 88' lang='lat' dir='ltr'><strong>rum</strong></span> <span class='ocrx_word' id='word_1_250' title='bbox 266 1450 424 1475; x_wconf 88' lang='lat' dir='ltr'><strong>reversus</strong></span> <span class='ocrx_word' id='word_1_251' title='bbox 441 1439 478 1475; x_wconf 89' lang='lat' dir='ltr'><strong>in</strong></span> <span class='ocrx_word' id='word_1_252' title='bbox 495 1438 687 1475; x_wconf 84' lang='lat' dir='ltr'><strong>Galilaeam</strong></span> <span class='ocrx_word' id='word_1_253' title='bbox 703 1450 782 1474; x_wconf 89' lang='lat' dir='ltr'><strong>cum</strong></span> <span class='ocrx_word' id='word_1_254' title='bbox 798 1439 1054 1486; x_wconf 86' lang='lat' dir='ltr'><strong>complerentur</strong></span> <span class='ocrx_word' id='word_1_255' title='bbox 1076 1439 1149 1474; x_wconf 89' lang='lat' dir='ltr'><strong>dies</strong></span> <span class='ocrx_word' id='word_1_256' title='bbox 1172 1439 1421 1486; x_wconf 83' lang='lat' dir='ltr'><strong>assumptionis</strong></span> <span class='ocrx_word' id='word_1_257' title='bbox 1442 1440 1516 1475; x_wconf 88' lang='lat' dir='ltr'><strong>eius</strong></span> <span class='ocrx_word' id='word_1_258' title='bbox 1532 1440 1725 1485; x_wconf 85' lang='lat' dir='ltr'><strong>Hierosoly-</strong></span> 
     </span>
     <span class='ocr_line' id='line_1_25' title="bbox 175 1496 1725 1543; baseline 0.001 -12"><span class='ocrx_word' id='word_1_259' title='bbox 175 1507 268 1531; x_wconf 87' lang='lat' dir='ltr'><strong>mam</strong></span> <span class='ocrx_word' id='word_1_260' title='bbox 283 1497 386 1532; x_wconf 88' lang='lat' dir='ltr'><strong>rediit</strong></span> <span class='ocrx_word' id='word_1_261' title='bbox 397 1496 482 1533; x_wconf 83' lang='lat' dir='ltr'><strong>Luc.</strong></span> <span class='ocrx_word' id='word_1_262' title='bbox 494 1508 541 1540; x_wconf 87' lang='lat' dir='ltr'><strong>rx,</strong></span> <span class='ocrx_word' id='word_1_263' title='bbox 553 1496 620 1539; x_wconf 68' lang='lat'><strong>51„</strong></span> <span class='ocrx_word' id='word_1_264' title='bbox 635 1497 742 1532; x_wconf 83' lang='lat' dir='ltr'><strong>Marc.</strong></span> <span class='ocrx_word' id='word_1_265' title='bbox 750 1509 785 1539; x_wconf 91' lang='lat' dir='ltr'><strong>x,</strong></span> <span class='ocrx_word' id='word_1_266' title='bbox 801 1496 868 1539; x_wconf 70' lang='lat'><strong>32„</strong></span> <span class='ocrx_word' id='word_1_267' title='bbox 884 1508 954 1543; x_wconf 90' lang='lat' dir='ltr'><strong>quo</strong></span> <span class='ocrx_word' id='word_1_268' title='bbox 969 1497 1007 1532; x_wconf 90' lang='lat' dir='ltr'><strong>in</strong></span> <span class='ocrx_word' id='word_1_269' title='bbox 1022 1497 1144 1532; x_wconf 87' lang='lat' dir='ltr'><strong>itinere</strong></span> <span class='ocrx_word' id='word_1_270' title='bbox 1160 1507 1182 1531; x_wconf 91' lang='lat' dir='ltr'><strong>a</strong></span> <span class='ocrx_word' id='word_1_271' title='bbox 1194 1496 1424 1532; x_wconf 77' lang='lat' dir='ltr'><strong>samaritanis</strong></span> <span class='ocrx_word' id='word_1_272' title='bbox 1436 1497 1530 1532; x_wconf 87' lang='lat' dir='ltr'><strong>urbis</strong></span> <span class='ocrx_word' id='word_1_273' title='bbox 1542 1497 1638 1532; x_wconf 82' lang='lat' dir='ltr'><strong>aditu</strong></span> <span class='ocrx_word' id='word_1_274' title='bbox 1649 1508 1725 1543; x_wconf 90' lang='lat' dir='ltr'><strong>pro-</strong></span> 
     </span>
     <span class='ocr_line' id='line_1_26' title="bbox 173 1552 1726 1600; baseline 0.001 -12"><span class='ocrx_word' id='word_1_275' title='bbox 173 1553 320 1589; x_wconf 83' lang='lat' dir='ltr'><strong>hibetur.</strong></span> <span class='ocrx_word' id='word_1_276' title='bbox 364 1552 543 1589; x_wconf 78' lang='lat' dir='ltr'><strong>Pharisaei</strong></span> <span class='ocrx_word' id='word_1_277' title='bbox 564 1565 644 1589; x_wconf 89' lang='lat' dir='ltr'><strong>cum</strong></span> <span class='ocrx_word' id='word_1_278' title='bbox 665 1565 707 1589; x_wconf 92' lang='lat' dir='ltr'><strong>eo</strong></span> <span class='ocrx_word' id='word_1_279' title='bbox 729 1553 772 1589; x_wconf 89' lang='lat' dir='ltr'><strong>de</strong></span> <span class='ocrx_word' id='word_1_280' title='bbox 794 1564 904 1589; x_wconf 87' lang='lat' dir='ltr'><strong>uxore</strong></span> <span class='ocrx_word' id='word_1_281' title='bbox 924 1553 1129 1589; x_wconf 83' lang='lat' dir='ltr'><strong>dimittenda</strong></span> <span class='ocrx_word' id='word_1_282' title='bbox 1143 1554 1323 1600; x_wconf 85' lang='lat' dir='ltr'><strong>disputant</strong></span> <span class='ocrx_word' id='word_1_283' title='bbox 1337 1552 1546 1591; x_wconf 55' lang='lat' dir='ltr'><strong>nattum.</strong></span> <span class='ocrx_word' id='word_1_284' title='bbox 1570 1554 1676 1590; x_wconf 78' lang='lat' dir='ltr'><strong>Marc.</strong></span> <span class='ocrx_word' id='word_1_285' title='bbox 1691 1567 1726 1590; x_wconf 87' lang='lat' dir='ltr'><strong>x.</strong></span> 
     </span>
     <span class='ocr_line' id='line_1_27' title="bbox 173 1610 1726 1659; baseline 0.001 -14"><span class='ocrx_word' id='word_1_286' title='bbox 173 1610 324 1656; x_wconf 82' lang='lat' dir='ltr'><strong>parvulis</strong></span> <span class='ocrx_word' id='word_1_287' title='bbox 340 1610 522 1647; x_wconf 89' lang='lat' dir='ltr'><strong>benedicit.</strong></span> <span class='ocrx_word' id='word_1_288' title='bbox 568 1610 739 1656; x_wconf 85' lang='lat' dir='ltr'><strong>Designat</strong></span> <span class='ocrx_word' id='word_1_289' title='bbox 760 1623 843 1647; x_wconf 72' lang='lat' dir='ltr'><strong>axx.</strong></span> <span class='ocrx_word' id='word_1_290' title='bbox 859 1610 1048 1659; x_wconf 86' lang='lat' dir='ltr'><strong>discipulos</strong></span> <span class='ocrx_word' id='word_1_291' title='bbox 1064 1610 1146 1647; x_wconf 87' lang='lat' dir='ltr'><strong>Luc.</strong></span> <span class='ocrx_word' id='word_1_292' title='bbox 1161 1623 1194 1646; x_wconf 93' lang='lat' dir='ltr'><strong>x.</strong></span> <span class='ocrx_word' id='word_1_293' title='bbox 1242 1611 1281 1646; x_wconf 91' lang='lat' dir='ltr'><strong>In</strong></span> <span class='ocrx_word' id='word_1_294' title='bbox 1304 1611 1479 1646; x_wconf 78' lang='lat' dir='ltr'><strong>encaeniis</strong></span> <span class='ocrx_word' id='word_1_295' title='bbox 1500 1615 1633 1647; x_wconf 82' lang='lat' dir='ltr'><strong>tantum</strong></span> <span class='ocrx_word' id='word_1_296' title='bbox 1654 1623 1726 1647; x_wconf 89' lang='lat' dir='ltr'><strong>non</strong></span> 
     </span>
     <span class='ocr_line' id='line_1_28' title="bbox 174 1667 1726 1715; baseline 0.001 -13"><span class='ocrx_word' id='word_1_297' title='bbox 174 1667 344 1713; x_wconf 79' lang='lat' dir='ltr'><strong>lapidatur</strong></span> <span class='ocrx_word' id='word_1_298' title='bbox 359 1668 479 1703; x_wconf 89' lang='lat' dir='ltr'><strong>Ioann.</strong></span> <span class='ocrx_word' id='word_1_299' title='bbox 493 1680 527 1710; x_wconf 89' lang='lat' dir='ltr'><strong>x,</strong></span> <span class='ocrx_word' id='word_1_300' title='bbox 543 1667 598 1703; x_wconf 80' lang='lat'><strong>22.</strong></span> <span class='ocrx_word' id='word_1_301' title='bbox 630 1668 721 1704; x_wconf 85' lang='lat' dir='ltr'><strong>Tum</strong></span> <span class='ocrx_word' id='word_1_302' title='bbox 737 1667 908 1703; x_wconf 83' lang='lat' dir='ltr'><strong>Zebedaei</strong></span> <span class='ocrx_word' id='word_1_303' title='bbox 922 1667 1076 1704; x_wconf 88' lang='lat' dir='ltr'><strong>filiorum</strong></span> <span class='ocrx_word' id='word_1_304' title='bbox 1091 1668 1279 1714; x_wconf 88' lang='lat' dir='ltr'><strong>postulatio</strong></span> <span class='ocrx_word' id='word_1_305' title='bbox 1289 1694 1298 1710; x_wconf 92' lang='lat'>‚</span> <span class='ocrx_word' id='word_1_306' title='bbox 1317 1679 1397 1703; x_wconf 88' lang='lat' dir='ltr'><strong>cum</strong></span> <span class='ocrx_word' id='word_1_307' title='bbox 1413 1671 1493 1703; x_wconf 82' lang='lat' dir='ltr'><strong>ante</strong></span> <span class='ocrx_word' id='word_1_308' title='bbox 1509 1668 1549 1704; x_wconf 83' lang='lat' dir='ltr'><strong>de</strong></span> <span class='ocrx_word' id='word_1_309' title='bbox 1563 1668 1726 1715; x_wconf 77' lang='lat' dir='ltr'><strong>passione</strong></span> 
     </span>
     <span class='ocr_line' id='line_1_29' title="bbox 174 1724 1725 1768; baseline 0.002 -9"><span class='ocrx_word' id='word_1_310' title='bbox 174 1724 391 1760; x_wconf 80' lang='lat' dir='ltr'><strong>disseruisset</strong></span> <span class='ocrx_word' id='word_1_311' title='bbox 411 1724 535 1760; x_wconf 82' lang='lat' dir='ltr'><strong>Matth.</strong></span> <span class='ocrx_word' id='word_1_312' title='bbox 548 1737 619 1768; x_wconf 90' lang='lat' dir='ltr'><strong>xx.,</strong></span> <span class='ocrx_word' id='word_1_313' title='bbox 640 1725 748 1761; x_wconf 77' lang='lat' dir='ltr'><strong>Maro.</strong></span> <span class='ocrx_word' id='word_1_314' title='bbox 761 1737 806 1767; x_wconf 90' lang='lat' dir='ltr'><strong>x.,</strong></span> <span class='ocrx_word' id='word_1_315' title='bbox 829 1725 911 1761; x_wconf 87' lang='lat' dir='ltr'><strong>Luc.</strong></span> <span class='ocrx_word' id='word_1_316' title='bbox 926 1737 1025 1760; x_wconf 76' lang='lat' dir='ltr'><strong>xvm.</strong></span> <span class='ocrx_word' id='word_1_317' title='bbox 1073 1725 1205 1760; x_wconf 85' lang='lat' dir='ltr'><strong>Caecus</strong></span> <span class='ocrx_word' id='word_1_318' title='bbox 1229 1724 1274 1760; x_wconf 86' lang='lat' dir='ltr'><strong>ad</strong></span> <span class='ocrx_word' id='word_1_319' title='bbox 1294 1725 1551 1761; x_wconf 85' lang='lat' dir='ltr'><strong>Hierichuntem</strong></span> <span class='ocrx_word' id='word_1_320' title='bbox 1573 1731 1725 1762; x_wconf 86' lang='lat' dir='ltr'><strong>sanatur.</strong></span> 
     </span>
     <span class='ocr_line' id='line_1_30' title="bbox 173 1780 1726 1829; baseline 0.001 -13"><span class='ocrx_word' id='word_1_321' title='bbox 173 1781 255 1816; x_wconf 88' lang='lat' dir='ltr'><strong>Inde</strong></span> <span class='ocrx_word' id='word_1_322' title='bbox 277 1792 300 1817; x_wconf 87' lang='lat' dir='ltr'><strong>a</strong></span> <span class='ocrx_word' id='word_1_323' title='bbox 314 1780 494 1818; x_wconf 85' lang='lat' dir='ltr'><strong>Zacchaeo</strong></span> <span class='ocrx_word' id='word_1_324' title='bbox 508 1782 693 1828; x_wconf 87' lang='lat' dir='ltr'><strong>publicano</strong></span> <span class='ocrx_word' id='word_1_325' title='bbox 709 1781 812 1817; x_wconf 88' lang='lat' dir='ltr'><strong>domo</strong></span> <span class='ocrx_word' id='word_1_326' title='bbox 828 1786 864 1816; x_wconf 91' lang='lat' dir='ltr'><strong>et</strong></span> <span class='ocrx_word' id='word_1_327' title='bbox 878 1782 1037 1817; x_wconf 84' lang='lat' dir='ltr'><strong>convivio</strong></span> <span class='ocrx_word' id='word_1_328' title='bbox 1061 1782 1232 1829; x_wconf 86' lang='lat' dir='ltr'><strong>excipitur</strong></span> <span class='ocrx_word' id='word_1_329' title='bbox 1248 1782 1333 1818; x_wconf 89' lang='lat' dir='ltr'><strong>Luc.</strong></span> <span class='ocrx_word' id='word_1_330' title='bbox 1347 1794 1420 1819; x_wconf 89' lang='grc' dir='ltr'>ιιι.</span> <span class='ocrx_word' id='word_1_331' title='bbox 1466 1783 1520 1817; x_wconf 88' lang='lat' dir='ltr'><strong>Ad</strong></span> <span class='ocrx_word' id='word_1_332' title='bbox 1540 1783 1670 1819; x_wconf 76' lang='lat' dir='ltr'><strong>Mariae</strong></span> <span class='ocrx_word' id='word_1_333' title='bbox 1691 1787 1726 1818; x_wconf 81' lang='lat' dir='ltr'><strong>et</strong></span> 
     </span>
     <span class='ocr_line' id='line_1_31' title="bbox 172 1837 1725 1887; baseline 0.001 -14"><span class='ocrx_word' id='word_1_334' title='bbox 172 1837 328 1874; x_wconf 81' lang='lat' dir='ltr'><strong>Marthae</strong></span> <span class='ocrx_word' id='word_1_335' title='bbox 344 1837 531 1886; x_wconf 87' lang='lat' dir='ltr'><strong>hospitium</strong></span> <span class='ocrx_word' id='word_1_336' title='bbox 546 1838 694 1874; x_wconf 85' lang='lat' dir='ltr'><strong>divertit.</strong></span> <span class='ocrx_word' id='word_1_337' title='bbox 741 1838 885 1874; x_wconf 84' lang='lat' dir='ltr'><strong>Caetera</strong></span> <span class='ocrx_word' id='word_1_338' title='bbox 907 1839 952 1874; x_wconf 86' lang='lat' dir='ltr'><strong>ad</strong></span> <span class='ocrx_word' id='word_1_339' title='bbox 968 1839 1167 1886; x_wconf 87' lang='lat' dir='ltr'><strong>passionem</strong></span> <span class='ocrx_word' id='word_1_340' title='bbox 1183 1839 1315 1875; x_wconf 88' lang='lat' dir='ltr'><strong>domini</strong></span> <span class='ocrx_word' id='word_1_341' title='bbox 1337 1844 1437 1886; x_wconf 84' lang='lat' dir='ltr'><strong>gesta</strong></span> <span class='ocrx_word' id='word_1_342' title='bbox 1460 1851 1505 1875; x_wconf 84' lang='lat' dir='ltr'><strong>ex</strong></span> <span class='ocrx_word' id='word_1_343' title='bbox 1527 1840 1725 1887; x_wconf 81' lang='lat' dir='ltr'><strong>evangeliis,</strong></span> 
     </span>
     <span class='ocr_line' id='line_1_32' title="bbox 173 1895 1724 1943; baseline 0.001 -13"><span class='ocrx_word' id='word_1_344' title='bbox 173 1906 214 1930; x_wconf 86' lang='lat' dir='ltr'><strong>ac</strong></span> <span class='ocrx_word' id='word_1_345' title='bbox 229 1895 450 1942; x_wconf 85' lang='lat' dir='ltr'><strong>potissimum</strong></span> <span class='ocrx_word' id='word_1_346' title='bbox 465 1896 606 1931; x_wconf 87' lang='lat' dir='ltr'><strong>Ioannis</strong></span> <span class='ocrx_word' id='word_1_347' title='bbox 621 1899 739 1942; x_wconf 87' lang='lat' dir='ltr'><strong>aperta</strong></span> <span class='ocrx_word' id='word_1_348' title='bbox 754 1900 852 1939; x_wconf 86' lang='lat' dir='ltr'><strong>sunt,</strong></span> <span class='ocrx_word' id='word_1_349' title='bbox 867 1895 934 1931; x_wconf 90' lang='lat' dir='ltr'><strong>hoc</strong></span> <span class='ocrx_word' id='word_1_350' title='bbox 951 1900 1005 1931; x_wconf 86' lang='lat' dir='ltr'><strong>est</strong></span> <span class='ocrx_word' id='word_1_351' title='bbox 1019 1896 1063 1931; x_wconf 89' lang='lat' dir='ltr'><strong>ad</strong></span> <span class='ocrx_word' id='word_1_352' title='bbox 1079 1897 1238 1939; x_wconf 84' lang='lat' dir='ltr'><strong>tertium,</strong></span> <span class='ocrx_word' id='word_1_353' title='bbox 1255 1897 1328 1932; x_wconf 84' lang='lat' dir='ltr'><strong>sive</strong></span> <span class='ocrx_word' id='word_1_354' title='bbox 1345 1896 1572 1943; x_wconf 74' lang='grc' dir='ltr'>σταυρώσιμον</span> <span class='ocrx_word' id='word_1_355' title='bbox 1586 1897 1724 1943; x_wconf 80' lang='lat' dir='ltr'><strong>pascha.</strong></span> 
     </span>
    </p>

    <p class='ocr_par' dir='ltr' id='par_1_8' title="bbox 170 1952 1727 2502">
     <span class='ocr_line' id='line_1_33' title="bbox 263 1952 1726 2000; baseline 0.002 -12"><span class='ocrx_word' id='word_1_356' title='bbox 263 1953 315 1988; x_wconf 87' lang='lat' dir='ltr'><strong>Ad</strong></span> <span class='ocrx_word' id='word_1_357' title='bbox 330 1952 422 1989; x_wconf 88' lang='lat' dir='ltr'><strong>hunc</strong></span> <span class='ocrx_word' id='word_1_358' title='bbox 436 1953 579 1988; x_wconf 86' lang='lat' dir='ltr'><strong>modum</strong></span> <span class='ocrx_word' id='word_1_359' title='bbox 595 1952 747 1989; x_wconf 87' lang='lat' dir='ltr'><strong>ordinari</strong></span> <span class='ocrx_word' id='word_1_360' title='bbox 761 1953 963 1999; x_wconf 85' lang='lat' dir='ltr'><strong>evangelica</strong></span> <span class='ocrx_word' id='word_1_361' title='bbox 978 1954 1131 1988; x_wconf 88' lang='lat' dir='ltr'><strong>narratio</strong></span> <span class='ocrx_word' id='word_1_362' title='bbox 1146 1958 1278 2000; x_wconf 80' lang='lat' dir='ltr'><strong>potest3</strong></span> <span class='ocrx_word' id='word_1_363' title='bbox 1297 1959 1359 1990; x_wconf 89' lang='lat' dir='ltr'><strong>aut</strong></span> <span class='ocrx_word' id='word_1_364' title='bbox 1374 1959 1414 1990; x_wconf 92' lang='lat' dir='ltr'><strong>ut</strong></span> <span class='ocrx_word' id='word_1_365' title='bbox 1428 1955 1496 1990; x_wconf 85' lang='lat' dir='ltr'><strong>alia</strong></span> <span class='ocrx_word' id='word_1_366' title='bbox 1512 1954 1726 2000; x_wconf 79' lang='lat' dir='ltr'><strong>singularum</strong></span> 
     </span>
     <span class='ocr_line' id='line_1_34' title="bbox 172 2009 1725 2058; baseline 0.001 -13"><span class='ocrx_word' id='word_1_367' title='bbox 172 2021 288 2045; x_wconf 88' lang='lat' dir='ltr'><strong>rerum</strong></span> <span class='ocrx_word' id='word_1_368' title='bbox 303 2009 484 2057; x_wconf 81' lang='lat' dir='ltr'><strong>dispositio</strong></span> <span class='ocrx_word' id='word_1_369' title='bbox 501 2010 548 2046; x_wconf 89' lang='lat' dir='ltr'><strong>sit</strong></span> <span class='ocrx_word' id='word_1_370' title='bbox 561 2021 602 2045; x_wconf 85' lang='lat' dir='ltr'><strong>ac</strong></span> <span class='ocrx_word' id='word_1_371' title='bbox 618 2010 814 2056; x_wconf 87' lang='lat' dir='ltr'><strong>descriptio.</strong></span> <span class='ocrx_word' id='word_1_372' title='bbox 845 2010 966 2056; x_wconf 86' lang='lat' dir='ltr'><strong>Neque</strong></span> <span class='ocrx_word' id='word_1_373' title='bbox 981 2011 1075 2046; x_wconf 90' lang='lat' dir='ltr'><strong>enim</strong></span> <span class='ocrx_word' id='word_1_374' title='bbox 1091 2015 1251 2046; x_wconf 82' lang='lat' dir='ltr'><strong>accurate</strong></span> <span class='ocrx_word' id='word_1_375' title='bbox 1267 2012 1371 2047; x_wconf 89' lang='lat' dir='ltr'><strong>modo</strong></span> <span class='ocrx_word' id='word_1_376' title='bbox 1388 2012 1424 2047; x_wconf 90' lang='lat' dir='ltr'><strong>in</strong></span> <span class='ocrx_word' id='word_1_377' title='bbox 1441 2012 1595 2047; x_wconf 88' lang='lat' dir='ltr'><strong>ordinem</strong></span> <span class='ocrx_word' id='word_1_378' title='bbox 1610 2012 1725 2058; x_wconf 87' lang='lat' dir='ltr'><strong>ipsum</strong></span> 
     </span>
     <span class='ocr_line' id='line_1_35' title="bbox 172 2067 1725 2116; baseline 0.001 -14"><span class='ocrx_word' id='word_1_379' title='bbox 172 2067 390 2113; x_wconf 86' lang='lat' dir='ltr'><strong>inquirimus.</strong></span> <span class='ocrx_word' id='word_1_380' title='bbox 420 2067 575 2115; x_wconf 82' lang='lat' dir='ltr'><strong>Apparet</strong></span> <span class='ocrx_word' id='word_1_381' title='bbox 587 2072 705 2102; x_wconf 83' lang='lat' dir='ltr'><strong>tamen</strong></span> <span class='ocrx_word' id='word_1_382' title='bbox 722 2067 1003 2103; x_wconf 89' lang='lat' dir='ltr'><strong>commodissime</strong></span> <span class='ocrx_word' id='word_1_383' title='bbox 1018 2078 1074 2103; x_wconf 87' lang='lat' dir='ltr'><strong>res</strong></span> <span class='ocrx_word' id='word_1_384' title='bbox 1091 2079 1114 2102; x_wconf 85' lang='lat' dir='ltr'><strong>a</strong></span> <span class='ocrx_word' id='word_1_385' title='bbox 1128 2068 1267 2104; x_wconf 88' lang='lat' dir='ltr'><strong>Christo</strong></span> <span class='ocrx_word' id='word_1_386' title='bbox 1283 2072 1401 2115; x_wconf 85' lang='lat' dir='ltr'><strong>gestas</strong></span> <span class='ocrx_word' id='word_1_387' title='bbox 1422 2069 1549 2116; x_wconf 88' lang='lat' dir='ltr'><strong>triplici</strong></span> <span class='ocrx_word' id='word_1_388' title='bbox 1563 2068 1725 2116; x_wconf 82' lang='lat' dir='ltr'><strong>paschate</strong></span> 
     </span>
     <span class='ocr_line' id='line_1_36' title="bbox 172 2123 1725 2168; baseline 0.001 -9"><span class='ocrx_word' id='word_1_389' title='bbox 172 2123 342 2160; x_wconf 84' lang='lat' dir='ltr'><strong>concludi.</strong></span> <span class='ocrx_word' id='word_1_390' title='bbox 387 2123 543 2160; x_wconf 88' lang='lat' dir='ltr'><strong>Primum</strong></span> <span class='ocrx_word' id='word_1_391' title='bbox 562 2124 689 2159; x_wconf 85' lang='lat' dir='ltr'><strong>accidit</strong></span> <span class='ocrx_word' id='word_1_392' title='bbox 708 2135 801 2159; x_wconf 89' lang='lat' dir='ltr'><strong>anno</strong></span> <span class='ocrx_word' id='word_1_393' title='bbox 822 2124 957 2160; x_wconf 84' lang='lat' dir='ltr'><strong>Iuliano</strong></span> <span class='ocrx_word' id='word_1_394' title='bbox 974 2137 1105 2168; x_wconf 70' lang='lat' dir='ltr'><strong>nxxrv„</strong></span> <span class='ocrx_word' id='word_1_395' title='bbox 1127 2126 1256 2161; x_wconf 84' lang='lat' dir='ltr'><strong>Tiberii</strong></span> <span class='ocrx_word' id='word_1_396' title='bbox 1272 2138 1341 2168; x_wconf 76' lang='lat' dir='ltr'><strong>xv..</strong></span> <span class='ocrx_word' id='word_1_397' title='bbox 1361 2127 1544 2162; x_wconf 86' lang='lat' dir='ltr'><strong>neomenia</strong></span> <span class='ocrx_word' id='word_1_398' title='bbox 1559 2126 1666 2162; x_wconf 85' lang='lat' dir='ltr'><strong>Nisan</strong></span> <span class='ocrx_word' id='word_1_399' title='bbox 1681 2138 1725 2161; x_wconf 87' lang='lat' dir='ltr'><strong>ex</strong></span> 
     </span>
     <span class='ocr_line' id='line_1_37' title="bbox 172 2181 1726 2228; baseline 0.001 -12"><span class='ocrx_word' id='word_1_400' title='bbox 172 2181 311 2217; x_wconf 79' lang='lat' dir='ltr'><strong>Iudaico</strong></span> <span class='ocrx_word' id='word_1_401' title='bbox 327 2181 424 2227; x_wconf 80' lang='lat' dir='ltr'><strong>cyclo</strong></span> <span class='ocrx_word' id='word_1_402' title='bbox 440 2181 567 2217; x_wconf 79' lang='lat' dir='ltr'><strong>vitioso</strong></span> <span class='ocrx_word' id='word_1_403' title='bbox 581 2181 702 2217; x_wconf 82' lang='lat' dir='ltr'><strong>Martii</strong></span> <span class='ocrx_word' id='word_1_404' title='bbox 715 2193 816 2224; x_wconf 89' lang='lat' dir='ltr'><strong>xxx.‚</strong></span> <span class='ocrx_word' id='word_1_405' title='bbox 839 2182 927 2217; x_wconf 78' lang='lat' dir='ltr'><strong>feria</strong></span> <span class='ocrx_word' id='word_1_406' title='bbox 941 2195 1006 2225; x_wconf 82' lang='lat' dir='ltr'><strong>rv.‚</strong></span> <span class='ocrx_word' id='word_1_407' title='bbox 1032 2183 1129 2228; x_wconf 86' lang='lat' dir='ltr'><strong>cyclo</strong></span> <span class='ocrx_word' id='word_1_408' title='bbox 1146 2183 1250 2218; x_wconf 85' lang='lat' dir='ltr'><strong>lunae</strong></span> <span class='ocrx_word' id='word_1_409' title='bbox 1266 2196 1325 2226; x_wconf 88' lang='lat' dir='ltr'><strong>x1.,</strong></span> <span class='ocrx_word' id='word_1_410' title='bbox 1346 2184 1429 2219; x_wconf 85' lang='lat' dir='ltr'><strong>solis</strong></span> <span class='ocrx_word' id='word_1_411' title='bbox 1446 2195 1479 2219; x_wconf 87' lang='lat' dir='ltr'><strong>x.</strong></span> <span class='ocrx_word' id='word_1_412' title='bbox 1525 2183 1637 2219; x_wconf 89' lang='lat' dir='ltr'><strong>Prima</strong></span> <span class='ocrx_word' id='word_1_413' title='bbox 1653 2184 1726 2219; x_wconf 88' lang='lat' dir='ltr'><strong>dies</strong></span> 
     </span>
     <span class='ocr_line' id='line_1_38' title="bbox 172 2238 1727 2286; baseline 0.002 -13"><span class='ocrx_word' id='word_1_414' title='bbox 172 2249 373 2284; x_wconf 82' lang='lat' dir='ltr'><strong>azymorum</strong></span> <span class='ocrx_word' id='word_1_415' title='bbox 386 2238 514 2286; x_wconf 86' lang='lat' dir='ltr'><strong>Aprilis</strong></span> <span class='ocrx_word' id='word_1_416' title='bbox 530 2251 607 2275; x_wconf 87' lang='lat' dir='ltr'><strong>xm.</strong></span> <span class='ocrx_word' id='word_1_417' title='bbox 641 2238 840 2274; x_wconf 88' lang='lat' dir='ltr'><strong>Secundum</strong></span> <span class='ocrx_word' id='word_1_418' title='bbox 856 2238 986 2286; x_wconf 86' lang='lat' dir='ltr'><strong>pascha</strong></span> <span class='ocrx_word' id='word_1_419' title='bbox 999 2239 1133 2275; x_wconf 82' lang='lat' dir='ltr'><strong>Iuliano</strong></span> <span class='ocrx_word' id='word_1_420' title='bbox 1150 2253 1266 2283; x_wconf 62' lang='lat' dir='ltr'>mxxv„</span> <span class='ocrx_word' id='word_1_421' title='bbox 1290 2241 1420 2276; x_wconf 86' lang='lat' dir='ltr'><strong>Tiberii</strong></span> <span class='ocrx_word' id='word_1_422' title='bbox 1435 2253 1521 2283; x_wconf 84' lang='lat' dir='ltr'><strong>xv1.‚</strong></span> <span class='ocrx_word' id='word_1_423' title='bbox 1543 2242 1727 2276; x_wconf 85' lang='lat' dir='ltr'><strong>neomenia</strong></span> 
     </span>
     <span class='ocr_line' id='line_1_39' title="bbox 171 2294 1725 2344; baseline 0.001 -13"><span class='ocrx_word' id='word_1_424' title='bbox 171 2294 296 2338; x_wconf 65' lang='lat' dir='ltr'><strong>Nisam</strong></span> <span class='ocrx_word' id='word_1_425' title='bbox 310 2294 426 2333; x_wconf 70' lang='lat' dir='ltr'><strong>Mutii</strong></span> <span class='ocrx_word' id='word_1_426' title='bbox 441 2307 525 2338; x_wconf 74' lang='lat' dir='ltr'><strong>xxx.‚</strong></span> <span class='ocrx_word' id='word_1_427' title='bbox 546 2295 634 2331; x_wconf 73' lang='lat' dir='ltr'><strong>feria</strong></span> <span class='ocrx_word' id='word_1_428' title='bbox 646 2308 681 2338; x_wconf 91' lang='lat'><strong>1.‚</strong></span> <span class='ocrx_word' id='word_1_429' title='bbox 702 2295 817 2342; x_wconf 86' lang='lat' dir='ltr'><strong>prima</strong></span> <span class='ocrx_word' id='word_1_430' title='bbox 831 2296 905 2331; x_wconf 89' lang='lat' dir='ltr'><strong>dies</strong></span> <span class='ocrx_word' id='word_1_431' title='bbox 921 2307 1124 2343; x_wconf 83' lang='lat' dir='ltr'><strong>azymorum</strong></span> <span class='ocrx_word' id='word_1_432' title='bbox 1140 2299 1222 2344; x_wconf 84' lang='lat' dir='ltr'><strong>Apr.</strong></span> <span class='ocrx_word' id='word_1_433' title='bbox 1238 2310 1274 2333; x_wconf 89' lang='grc' dir='ltr'><strong>ιι.</strong></span> <span class='ocrx_word' id='word_1_434' title='bbox 1321 2298 1475 2333; x_wconf 89' lang='lat' dir='ltr'><strong>Tertium</strong></span> <span class='ocrx_word' id='word_1_435' title='bbox 1490 2297 1618 2344; x_wconf 89' lang='lat' dir='ltr'><strong>pascha</strong></span> <span class='ocrx_word' id='word_1_436' title='bbox 1634 2309 1725 2333; x_wconf 84' lang='lat' dir='ltr'><strong>anno</strong></span> 
     </span>
     <span class='ocr_line' id='line_1_40' title="bbox 171 2351 1725 2401; baseline 0.003 -15"><span class='ocrx_word' id='word_1_437' title='bbox 171 2351 306 2389; x_wconf 86' lang='lat' dir='ltr'><strong>Iuliano</strong></span> <span class='ocrx_word' id='word_1_438' title='bbox 328 2364 457 2395; x_wconf 70' lang='lat' dir='ltr'><strong>uxvr„</strong></span> <span class='ocrx_word' id='word_1_439' title='bbox 480 2352 590 2388; x_wconf 84' lang='lat' dir='ltr'><strong>Nisan</strong></span> <span class='ocrx_word' id='word_1_440' title='bbox 610 2352 730 2387; x_wconf 79' lang='lat' dir='ltr'><strong>Martii</strong></span> <span class='ocrx_word' id='word_1_441' title='bbox 752 2365 812 2396; x_wconf 82' lang='grc' dir='ltr'>ιι.,</span> <span class='ocrx_word' id='word_1_442' title='bbox 835 2353 922 2388; x_wconf 76' lang='lat' dir='ltr'><strong>feria</strong></span> <span class='ocrx_word' id='word_1_443' title='bbox 935 2366 994 2396; x_wconf 67' lang='lat' dir='ltr'><strong>vn,</strong></span> <span class='ocrx_word' id='word_1_444' title='bbox 1016 2355 1130 2401; x_wconf 89' lang='lat' dir='ltr'><strong>prima</strong></span> <span class='ocrx_word' id='word_1_445' title='bbox 1153 2354 1226 2389; x_wconf 88' lang='lat' dir='ltr'><strong>dies</strong></span> <span class='ocrx_word' id='word_1_446' title='bbox 1251 2365 1452 2400; x_wconf 86' lang='lat' dir='ltr'><strong>azymorum</strong></span> <span class='ocrx_word' id='word_1_447' title='bbox 1475 2355 1591 2390; x_wconf 81' lang='lat' dir='ltr'><strong>Martii</strong></span> <span class='ocrx_word' id='word_1_448' title='bbox 1613 2367 1725 2397; x_wconf 68' lang='lat' dir='ltr'><strong>xxur„</strong></span> 
     </span>
     <span class='ocr_line' id='line_1_41' title="bbox 170 2409 1726 2454; baseline 0.002 -10"><span class='ocrx_word' id='word_1_449' title='bbox 170 2409 257 2444; x_wconf 80' lang='lat' dir='ltr'><strong>feria</strong></span> <span class='ocrx_word' id='word_1_450' title='bbox 271 2421 329 2451; x_wconf 64' lang='lat' dir='ltr'><strong>vr„</strong></span> <span class='ocrx_word' id='word_1_451' title='bbox 346 2419 436 2444; x_wconf 88' lang='lat' dir='ltr'><strong>anno</strong></span> <span class='ocrx_word' id='word_1_452' title='bbox 452 2409 581 2445; x_wconf 85' lang='lat' dir='ltr'><strong>Tiberii</strong></span> <span class='ocrx_word' id='word_1_453' title='bbox 597 2413 748 2444; x_wconf 88' lang='lat' dir='ltr'><strong>exeunte</strong></span> <span class='ocrx_word' id='word_1_454' title='bbox 765 2422 850 2446; x_wconf 89' lang='lat' dir='ltr'><strong>xvn.</strong></span> <span class='ocrx_word' id='word_1_455' title='bbox 866 2411 1058 2446; x_wconf 89' lang='lat' dir='ltr'><strong>secundum</strong></span> <span class='ocrx_word' id='word_1_456' title='bbox 1074 2411 1250 2447; x_wconf 83' lang='lat' dir='ltr'><strong>Romanos</strong></span> <span class='ocrx_word' id='word_1_457' title='bbox 1261 2438 1270 2454; x_wconf 90' lang='lat'>‚</span> <span class='ocrx_word' id='word_1_458' title='bbox 1293 2413 1347 2446; x_wconf 85' lang='lat' dir='ltr'><strong>vel</strong></span> <span class='ocrx_word' id='word_1_459' title='bbox 1364 2411 1500 2446; x_wconf 82' lang='lat' dir='ltr'><strong>Iudaice</strong></span> <span class='ocrx_word' id='word_1_460' title='bbox 1516 2423 1613 2447; x_wconf 85' lang='lat' dir='ltr'><strong>xvm.</strong></span> <span class='ocrx_word' id='word_1_461' title='bbox 1631 2423 1651 2446; x_wconf 82' lang='lat' dir='ltr'><strong>a</strong></span> <span class='ocrx_word' id='word_1_462' title='bbox 1668 2411 1726 2447; x_wconf 87' lang='lat' dir='ltr'><strong>Ni-</strong></span> 
     </span>
     <span class='ocr_line' id='line_1_42' title="bbox 172 2464 423 2502; baseline 0 -1"><span class='ocrx_word' id='word_1_463' title='bbox 172 2477 235 2501; x_wconf 87' lang='lat' dir='ltr'><strong>san</strong></span> <span class='ocrx_word' id='word_1_464' title='bbox 250 2464 423 2502; x_wconf 88' lang='lat' dir='ltr'><strong>inchoato.</strong></span> 
     </span>
    </p>

    <p class='ocr_par' dir='ltr' id='par_1_9' title="bbox 172 2522 1726 2854">
     <span class='ocr_line' id='line_1_43' title="bbox 260 2522 1726 2572; baseline 0.002 -13"><span class='ocrx_word' id='word_1_465' title='bbox 260 2522 303 2559; x_wconf 88' lang='lat' dir='ltr'><strong>N.</strong></span> <span class='ocrx_word' id='word_1_466' title='bbox 321 2535 416 2559; x_wconf 87' lang='grc' dir='ltr'>ιιιι.</span> <span class='ocrx_word' id='word_1_467' title='bbox 450 2523 649 2571; x_wconf 76' lang='grc' dir='ltr'>Εὑρίσκομεν</span> <span class='ocrx_word' id='word_1_468' title='bbox 666 2523 728 2570; x_wconf 85' lang='grc' dir='ltr'><strong>γὰρ</strong></span> <span class='ocrx_word' id='word_1_469' title='bbox 746 2523 799 2558; x_wconf 70' lang='grc' dir='ltr'><strong>καὶ</strong></span> <span class='ocrx_word' id='word_1_470' title='bbox 819 2522 1040 2570; x_wconf 80' lang='grc' dir='ltr'>ἔμφερόμενόν</span> <span class='ocrx_word' id='word_1_471' title='bbox 1057 2527 1150 2568; x_wconf 58' lang='lat' dir='ltr'><strong>arom]</strong></span> <span class='ocrx_word' id='word_1_472' title='bbox 1181 2524 1315 2567; x_wconf 87' lang='lat' dir='ltr'><strong>Quibus</strong></span> <span class='ocrx_word' id='word_1_473' title='bbox 1331 2526 1366 2561; x_wconf 91' lang='lat' dir='ltr'><strong>in</strong></span> <span class='ocrx_word' id='word_1_474' title='bbox 1382 2525 1479 2560; x_wconf 87' lang='lat' dir='ltr'><strong>libris</strong></span> <span class='ocrx_word' id='word_1_475' title='bbox 1495 2526 1661 2572; x_wconf 85' lang='lat' dir='ltr'><strong>reperisse</strong></span> <span class='ocrx_word' id='word_1_476' title='bbox 1676 2527 1726 2562; x_wconf 87' lang='lat' dir='ltr'><strong>di-</strong></span> 
     </span>
     <span class='ocr_line' id='line_1_44' title="bbox 172 2579 1725 2629; baseline 0.003 -15"><span class='ocrx_word' id='word_1_477' title='bbox 172 2582 243 2623; x_wconf 83' lang='lat' dir='ltr'><strong>cat,</strong></span> <span class='ocrx_word' id='word_1_478' title='bbox 266 2591 336 2615; x_wconf 92' lang='lat' dir='ltr'><strong>non</strong></span> <span class='ocrx_word' id='word_1_479' title='bbox 352 2581 436 2615; x_wconf 84' lang='lat' dir='ltr'><strong>satis</strong></span> <span class='ocrx_word' id='word_1_480' title='bbox 453 2580 613 2616; x_wconf 86' lang='lat' dir='ltr'><strong>declarat.</strong></span> <span class='ocrx_word' id='word_1_481' title='bbox 645 2581 699 2615; x_wconf 86' lang='lat' dir='ltr'><strong>An</strong></span> <span class='ocrx_word' id='word_1_482' title='bbox 715 2581 758 2615; x_wconf 93' lang='lat' dir='ltr'><strong>de</strong></span> <span class='ocrx_word' id='word_1_483' title='bbox 774 2579 839 2616; x_wconf 90' lang='lat' dir='ltr'><strong>hoc</strong></span> <span class='ocrx_word' id='word_1_484' title='bbox 854 2592 918 2617; x_wconf 88' lang='lat' dir='ltr'><strong>suo</strong></span> <span class='ocrx_word' id='word_1_485' title='bbox 935 2593 1037 2628; x_wconf 83' lang='lat' dir='ltr'><strong>opere</strong></span> <span class='ocrx_word' id='word_1_486' title='bbox 1053 2582 1206 2627; x_wconf 88' lang='lat' dir='ltr'><strong>loquitur</strong></span> <span class='ocrx_word' id='word_1_487' title='bbox 1220 2581 1451 2628; x_wconf 87' lang='lat' dir='ltr'><strong>Epiphanius,</strong></span> <span class='ocrx_word' id='word_1_488' title='bbox 1473 2582 1509 2618; x_wconf 92' lang='lat' dir='ltr'><strong>in</strong></span> <span class='ocrx_word' id='word_1_489' title='bbox 1532 2594 1599 2629; x_wconf 90' lang='lat' dir='ltr'><strong>quo</strong></span> <span class='ocrx_word' id='word_1_490' title='bbox 1622 2584 1725 2619; x_wconf 85' lang='lat' dir='ltr'><strong>libra-</strong></span> 
     </span>
     <span class='ocr_line' id='line_1_45' title="bbox 172 2636 1725 2692; baseline 0.003 -21"><span class='ocrx_word' id='word_1_491' title='bbox 172 2636 302 2672; x_wconf 79' lang='lat' dir='ltr'><strong>riorum</strong></span> <span class='ocrx_word' id='word_1_492' title='bbox 318 2637 536 2692; x_wconf 78' lang='lat' dir='ltr'><strong>oscitantiam</strong></span> <span class='ocrx_word' id='word_1_493' title='bbox 552 2641 716 2672; x_wconf 83' lang='lat' dir='ltr'><strong>accuset?</strong></span> <span class='ocrx_word' id='word_1_494' title='bbox 761 2638 888 2672; x_wconf 92' lang='lat' dir='ltr'><strong>Verum</strong></span> <span class='ocrx_word' id='word_1_495' title='bbox 905 2649 949 2672; x_wconf 85' lang='lat' dir='ltr'><strong>ex</strong></span> <span class='ocrx_word' id='word_1_496' title='bbox 965 2638 1008 2672; x_wconf 87' lang='lat' dir='ltr'><strong>iis</strong></span> <span class='ocrx_word' id='word_1_497' title='bbox 1026 2649 1113 2684; x_wconf 86' lang='lat' dir='ltr'><strong>quae</strong></span> <span class='ocrx_word' id='word_1_498' title='bbox 1129 2643 1297 2684; x_wconf 86' lang='lat' dir='ltr'><strong>sequntur</strong></span> <span class='ocrx_word' id='word_1_499' title='bbox 1320 2639 1454 2674; x_wconf 81' lang='lat' dir='ltr'><strong>videtur</strong></span> <span class='ocrx_word' id='word_1_500' title='bbox 1471 2640 1613 2675; x_wconf 76' lang='grc' dir='ltr'><strong>καθόλου</strong></span> <span class='ocrx_word' id='word_1_501' title='bbox 1629 2641 1725 2677; x_wconf 87' lang='lat' dir='ltr'><strong>chro-</strong></span> 
     </span>
     <span class='ocr_line' id='line_1_46' title="bbox 172 2693 1724 2743; baseline 0.004 -15"><span class='ocrx_word' id='word_1_502' title='bbox 172 2693 364 2739; x_wconf 78' lang='lat' dir='ltr'><strong>nologicos,</strong></span> <span class='ocrx_word' id='word_1_503' title='bbox 378 2694 452 2730; x_wconf 81' lang='lat' dir='ltr'><strong>sive</strong></span> <span class='ocrx_word' id='word_1_504' title='bbox 463 2694 646 2730; x_wconf 85' lang='lat' dir='ltr'><strong>historicos</strong></span> <span class='ocrx_word' id='word_1_505' title='bbox 660 2695 928 2730; x_wconf 86' lang='lat' dir='ltr'><strong>commentarios</strong></span> <span class='ocrx_word' id='word_1_506' title='bbox 939 2695 1144 2740; x_wconf 84' lang='lat' dir='ltr'><strong>intelligere.</strong></span> <span class='ocrx_word' id='word_1_507' title='bbox 1169 2695 1207 2730; x_wconf 91' lang='lat' dir='ltr'><strong>In</strong></span> <span class='ocrx_word' id='word_1_508' title='bbox 1222 2695 1348 2740; x_wconf 89' lang='lat' dir='ltr'><strong>quibus</strong></span> <span class='ocrx_word' id='word_1_509' title='bbox 1361 2696 1392 2730; x_wconf 90' lang='lat' dir='ltr'><strong>si</strong></span> <span class='ocrx_word' id='word_1_510' title='bbox 1404 2708 1460 2731; x_wconf 79' lang='grc' dir='ltr'><strong>ιι.</strong></span> <span class='ocrx_word' id='word_1_511' title='bbox 1473 2698 1622 2743; x_wconf 82' lang='lat' dir='ltr'><strong>Augusti</strong></span> <span class='ocrx_word' id='word_1_512' title='bbox 1633 2709 1724 2734; x_wconf 80' lang='lat' dir='ltr'><strong>anno</strong></span> 
     </span>
     <span class='ocr_line' id='line_1_47' title="bbox 174 2750 1725 2798; baseline 0.005 -14"><span class='ocrx_word' id='word_1_513' title='bbox 174 2753 294 2785; x_wconf 77' lang='lat' dir='ltr'><strong>natum</strong></span> <span class='ocrx_word' id='word_1_514' title='bbox 308 2750 516 2787; x_wconf 76' lang='lat' dir='ltr'><strong>salvatorem</strong></span> <span class='ocrx_word' id='word_1_515' title='bbox 531 2763 608 2786; x_wconf 88' lang='lat' dir='ltr'><strong>esse</strong></span> <span class='ocrx_word' id='word_1_516' title='bbox 623 2751 798 2798; x_wconf 82' lang='lat' dir='ltr'><strong>proditum</strong></span> <span class='ocrx_word' id='word_1_517' title='bbox 818 2751 903 2793; x_wconf 72' lang='lat' dir='ltr'><strong>suit,</strong></span> <span class='ocrx_word' id='word_1_518' title='bbox 924 2763 995 2786; x_wconf 89' lang='lat' dir='ltr'><strong>nou</strong></span> <span class='ocrx_word' id='word_1_519' title='bbox 1019 2751 1104 2787; x_wconf 87' lang='lat' dir='ltr'><strong>adeo</strong></span> <span class='ocrx_word' id='word_1_520' title='bbox 1127 2762 1247 2786; x_wconf 86' lang='lat' dir='ltr'><strong>recens</strong></span> <span class='ocrx_word' id='word_1_521' title='bbox 1271 2755 1324 2787; x_wconf 86' lang='lat' dir='ltr'><strong>est</strong></span> <span class='ocrx_word' id='word_1_522' title='bbox 1343 2753 1405 2787; x_wconf 86' lang='lat' dir='ltr'><strong>illa</strong></span> <span class='ocrx_word' id='word_1_523' title='bbox 1423 2753 1561 2789; x_wconf 83' lang='lat' dir='ltr'><strong>Deken&#39;i</strong></span> <span class='ocrx_word' id='word_1_524' title='bbox 1582 2756 1725 2791; x_wconf 80' lang='lat' dir='ltr'><strong>assertio</strong></span> 
     </span>
     <span class='ocr_line' id='line_1_48' title="bbox 175 2807 774 2854; baseline 0.002 -13"><span class='ocrx_word' id='word_1_525' title='bbox 175 2817 264 2852; x_wconf 78' lang='lat' dir='ltr'><strong>quae</strong></span> <span class='ocrx_word' id='word_1_526' title='bbox 279 2817 359 2843; x_wconf 89' lang='lat' dir='ltr'><strong>eum</strong></span> <span class='ocrx_word' id='word_1_527' title='bbox 372 2807 487 2854; x_wconf 89' lang='lat' dir='ltr'><strong>ipsum</strong></span> <span class='ocrx_word' id='word_1_528' title='bbox 503 2819 634 2845; x_wconf 86' lang='lat' dir='ltr'><strong>annum</strong></span> <span class='ocrx_word' id='word_1_529' title='bbox 649 2812 774 2843; x_wconf 90' lang='lat' dir='ltr'><strong>tuetur.</strong></span> 
     </span>
    </p>

    <p class='ocr_par' dir='ltr' id='par_1_10' title="bbox 175 2861 1725 3082">
     <span class='ocr_line' id='line_1_49' title="bbox 265 2861 1724 2916; baseline 0.005 -19"><span class='ocrx_word' id='word_1_530' title='bbox 265 2861 391 2898; x_wconf 80' lang='grc' dir='ltr'>Φάσιιει</span> <span class='ocrx_word' id='word_1_531' title='bbox 405 2861 468 2911; x_wconf 66' lang='grc' dir='ltr'><strong>γὰρ</strong></span> <span class='ocrx_word' id='word_1_532' title='bbox 484 2863 534 2900; x_wconf 75' lang='grc' dir='ltr'><strong>ὅτι</strong></span> <span class='ocrx_word' id='word_1_533' title='bbox 549 2864 614 2912; x_wconf 65' lang='grc' dir='ltr'><strong>πρὸ</strong></span> <span class='ocrx_word' id='word_1_534' title='bbox 632 2865 710 2899; x_wconf 72' lang='grc' dir='ltr'><strong>δέκα</strong></span> <span class='ocrx_word' id='word_1_535' title='bbox 726 2865 812 2909; x_wconf 67' lang='grc' dir='ltr'><strong>δύα]</strong></span> <span class='ocrx_word' id='word_1_536' title='bbox 856 2865 1046 2900; x_wconf 85' lang='lat' dir='ltr'><strong>Mendosus</strong></span> <span class='ocrx_word' id='word_1_537' title='bbox 1062 2866 1183 2911; x_wconf 89' lang='lat' dir='ltr'><strong>procul</strong></span> <span class='ocrx_word' id='word_1_538' title='bbox 1199 2865 1302 2901; x_wconf 92' lang='lat' dir='ltr'><strong>dubio</strong></span> <span class='ocrx_word' id='word_1_539' title='bbox 1318 2867 1383 2902; x_wconf 91' lang='lat' dir='ltr'><strong>iste</strong></span> <span class='ocrx_word' id='word_1_540' title='bbox 1398 2867 1496 2903; x_wconf 87' lang='lat' dir='ltr'><strong>locus</strong></span> <span class='ocrx_word' id='word_1_541' title='bbox 1513 2872 1576 2905; x_wconf 86' lang='lat' dir='ltr'><strong>est.</strong></span> <span class='ocrx_word' id='word_1_542' title='bbox 1606 2869 1724 2916; x_wconf 90' lang='lat' dir='ltr'><strong>Neque</strong></span> 
     </span>
     <span class='ocr_line' id='line_1_50' title="bbox 176 2919 1725 2970; baseline 0.005 -16"><span class='ocrx_word' id='word_1_543' title='bbox 176 2919 284 2962; x_wconf 87' lang='lat' dir='ltr'><strong>enim,</strong></span> <span class='ocrx_word' id='word_1_544' title='bbox 308 2920 441 2967; x_wconf 83' lang='lat' dir='ltr'><strong>opinor,</strong></span> <span class='ocrx_word' id='word_1_545' title='bbox 461 2922 665 2958; x_wconf 83' lang='lat' dir='ltr'><strong>asserebant</strong></span> <span class='ocrx_word' id='word_1_546' title='bbox 686 2922 737 2956; x_wconf 87' lang='lat' dir='ltr'><strong>illi</strong></span> <span class='ocrx_word' id='word_1_547' title='bbox 752 2922 844 2967; x_wconf 87' lang='lat' dir='ltr'><strong>apud</strong></span> <span class='ocrx_word' id='word_1_548' title='bbox 861 2933 947 2968; x_wconf 90' lang='lat' dir='ltr'><strong>quos</strong></span> <span class='ocrx_word' id='word_1_549' title='bbox 964 2922 1232 2968; x_wconf 84' lang='lat' dir='ltr'><strong>quadragesimo</strong></span> <span class='ocrx_word' id='word_1_550' title='bbox 1248 2923 1398 2970; x_wconf 83' lang='lat' dir='ltr'><strong>Augusti</strong></span> <span class='ocrx_word' id='word_1_551' title='bbox 1413 2936 1505 2960; x_wconf 85' lang='lat' dir='ltr'><strong>anno</strong></span> <span class='ocrx_word' id='word_1_552' title='bbox 1522 2930 1642 2962; x_wconf 87' lang='lat' dir='ltr'><strong>natum</strong></span> <span class='ocrx_word' id='word_1_553' title='bbox 1657 2927 1725 2961; x_wconf 86' lang='lat' dir='ltr'><strong>sal-</strong></span> 
     </span>
     <span class='ocr_line' id='line_1_51' title="bbox 175 2977 1725 3026; baseline 0.006 -16"><span class='ocrx_word' id='word_1_554' title='bbox 175 2980 330 3011; x_wconf 87' lang='lat' dir='ltr'><strong>vatorem</strong></span> <span class='ocrx_word' id='word_1_555' title='bbox 350 2977 490 3023; x_wconf 84' lang='lat' dir='ltr'><strong>reperit,</strong></span> <span class='ocrx_word' id='word_1_556' title='bbox 510 2979 666 3014; x_wconf 83' lang='lat' dir='ltr'><strong>natalem</strong></span> <span class='ocrx_word' id='word_1_557' title='bbox 687 2980 760 3013; x_wconf 80' lang='lat' dir='ltr'><strong>eius</strong></span> <span class='ocrx_word' id='word_1_558' title='bbox 783 2990 845 3013; x_wconf 86' lang='grc' dir='ltr'>ιιι.</span> <span class='ocrx_word' id='word_1_559' title='bbox 862 2978 939 3014; x_wconf 85' lang='lat' dir='ltr'><strong>Kal.</strong></span> <span class='ocrx_word' id='word_1_560' title='bbox 957 2978 1092 3021; x_wconf 85' lang='lat' dir='ltr'><strong>Iunias,</strong></span> <span class='ocrx_word' id='word_1_561' title='bbox 1114 2980 1168 3014; x_wconf 82' lang='lat' dir='ltr'><strong>vel</strong></span> <span class='ocrx_word' id='word_1_562' title='bbox 1184 2980 1308 3023; x_wconf 83' lang='lat' dir='ltr'><strong>Iulias,</strong></span> <span class='ocrx_word' id='word_1_563' title='bbox 1329 2982 1512 3026; x_wconf 83' lang='lat' dir='ltr'><strong>accidisse,</strong></span> <span class='ocrx_word' id='word_1_564' title='bbox 1535 2983 1596 3018; x_wconf 87' lang='lat' dir='ltr'><strong>sed</strong></span> <span class='ocrx_word' id='word_1_565' title='bbox 1618 2987 1658 3018; x_wconf 87' lang='lat' dir='ltr'><strong>ut</strong></span> <span class='ocrx_word' id='word_1_566' title='bbox 1673 2995 1725 3018; x_wconf 88' lang='lat' dir='ltr'><strong>se-</strong></span> 
     </span>
     <span class='ocr_line' id='line_1_52' title="bbox 177 3033 1725 3082; baseline 0.006 -15"><span class='ocrx_word' id='word_1_567' title='bbox 177 3033 318 3079; x_wconf 86' lang='lat' dir='ltr'><strong>quentia</strong></span> <span class='ocrx_word' id='word_1_568' title='bbox 329 3033 582 3078; x_wconf 74' lang='lat' dir='ltr'><strong>demonstrant,</strong></span> <span class='ocrx_word' id='word_1_569' title='bbox 595 3036 637 3071; x_wconf 90' lang='lat' dir='ltr'><strong>de</strong></span> <span class='ocrx_word' id='word_1_570' title='bbox 649 3035 884 3082; x_wconf 82' lang='lat' dir='ltr'><strong>conceptionis</strong></span> <span class='ocrx_word' id='word_1_571' title='bbox 896 3035 951 3071; x_wconf 92' lang='lat' dir='ltr'><strong>die</strong></span> <span class='ocrx_word' id='word_1_572' title='bbox 962 3036 1069 3071; x_wconf 87' lang='lat' dir='ltr'><strong>locuti</strong></span> <span class='ocrx_word' id='word_1_573' title='bbox 1080 3041 1172 3072; x_wconf 86' lang='lat' dir='ltr'><strong>sunt.</strong></span> <span class='ocrx_word' id='word_1_574' title='bbox 1195 3036 1308 3079; x_wconf 80' lang='lat' dir='ltr'><strong>Quare</strong></span> <span class='ocrx_word' id='word_1_575' title='bbox 1319 3039 1571 3075; x_wconf 87' lang='lat' dir='ltr'><strong>restituendum</strong></span> <span class='ocrx_word' id='word_1_576' title='bbox 1582 3041 1725 3075; x_wconf 80' lang='lat' dir='ltr'><strong>verbum</strong></span> 
     </span>
    </p>
   </div>
   <div class='ocr_carea' id='block_1_7' title="bbox 1760 3045 1859 3078">
    <p class='ocr_par' dir='ltr' id='par_1_11' title="bbox 1760 3045 1859 3078">
     <span class='ocr_line' id='line_1_53' title="bbox 1760 3045 1859 3078; baseline 0.02 -9"><span class='ocrx_word' id='word_1_577' title='bbox 1760 3053 1786 3078; x_wconf 84' lang='lat' dir='ltr'><strong>p.</strong></span> <span class='ocrx_word' id='word_1_578' title='bbox 1800 3045 1859 3072; x_wconf 76' lang='lat'><strong>210.</strong></span> 
     </span>
    </p>
   </div>
  </div>
 </body>
</html>
