2008 3294
1536 219 1701 258 LXXVII

162 327 446 364 extendebantur.
475 325 638 362 Decimae
665 329 807 373 quartae
830 324 1008 373 paschales
1036 334 1058 359 a
1078 336 1178 361 xvm.
1198 325 1316 361 Martii
1341 324 1396 360 die
1418 328 1561 372 coeptae
1583 325 1627 360 ad
1643 337 1700 360 xv.

160 385 288 432 Aprilis
309 384 493 432 perductae
516 387 613 426 sunt,
634 383 755 419 diebus
775 382 935 425 totidem,
957 380 1022 417 hoc
1046 385 1098 416 est
1113 394 1210 417 xxrx.
1251 382 1451 418 Dominicae
1471 382 1619 429 denique
1640 393 1702 429 pa·

161 440 295 478 schales
311 453 334 478 a
347 453 420 478 ιιι.
434 441 552 478 Martii
574 441 617 475 ad
632 453 727 481 xxrv.
742 440 886 487 Aprilis,
909 438 1028 475 diebus
1043 451 1149 474 xxxv.
1165 438 1398 476 decurrerunt.
1429 440 1542 487 Atque
1556 439 1623 475 hoc
1637 440 1702 475 im-

160 499 280 546 primis
295 498 410 535 Latini
423 498 608 541 cavebant,
630 509 673 532 ne
694 501 774 533 ante
794 497 913 532 lunam
927 507 1015 539 ιη,
1030 495 1176 542 pascha,
1198 499 1277 531 ante
1293 508 1363 533 xrv.
1378 497 1579 544 passionem
1593 497 1702 532 domi·

161 556 276 594 nicam
289 555 488 591 indicerent.
513 553 626 597 Quare
642 555 673 590 si
685 567 755 591 xrv.
769 555 852 590 luna
865 553 902 590 in
914 552 1099 589 sabbatum
1111 553 1264 596 caderet,
1281 565 1351 589 non
1362 554 1528 600 postridie
1538 555 1622 590 luna
1634 566 1702 596 xv.‚

161 612 223 648 sed
239 617 356 649 octavo
372 616 451 660 post
465 612 521 647 die
535 612 619 647 luna
635 624 721 649 xxn.
739 611 966 649 celebrabant.
995 609 1090 652 Quae
1106 611 1223 646 omnis.
1238 621 1283 645 ex
1299 611 1443 646 Victorii
1456 610 1606 658 Prologo
1621 621 1702 646 con·

161 673 271 714 stant,
294 671 390 706 cuius
412 669 609 716 fragmenta
633 669 724 715 apud
744 668 876 704 Bedam
897 670 1037 704 exstant
1057 667 1117 703 lib.
1135 667 1177 702 de
1194 667 1315 714 Temp.
1330 667 1407 703 Rat.
1429 679 1504 716 cap.
1520 680 1615 705 xnrx.
1647 668 1702 704 ln·

161 730 298 774 tegrnm
313 730 430 763 sutem
446 737 526 763 cum
541 726 694 762 eiusdem
706 726 818 761 Fastis
830 725 934 761 habet
946 725 1201 771 manuscriptus
1218 724 1328 760 codex
1345 725 1405 770 qui
1421 730 1474 760 est
1488 737 1594 772 penes
1610 725 1650 761 B..
1662 725 1700 762 Ρ.

161 783 392 821 sirmondum.
424 783 494 819 Sed
517 788 568 819 est
591 784 659 819 alia
677 787 855 830 praeterea
875 782 1008 825 cautio,
1031 782 1129 817 cuius
1151 781 1314 817 admonet
1328 782 1500 818 Victorius
1515 783 1704 826 (Victorius

161 841 273 884 enim,
293 853 365 878 non
389 841 595 884 Victorinus,
616 841 653 876 in
668 840 904 876 vetustissimo
922 839 981 875 illo
998 838 1115 874 codice
1129 839 1337 881 nominatur,
1361 839 1651 884 quemadmodum
1670 843 1705 875 et

161 898 253 945 apud
267 897 424 945 Bedam).
449 897 619 934 Nimirum
635 898 769 944 quoties
785 898 883 944 cyclo
898 908 970 935 ιιι.
985 895 1137 932 Nicaeno
1152 896 1236 931 luna
1250 895 1384 931 decima
1399 901 1522 942 quarta
1536 898 1573 932 in
1587 897 1704 932 Martii

109 983 117 987 ψ
159 967 259 992 xvm.
279 955 418 999 incidit,
441 955 527 991 feria
542 968 605 1001 vn,
630 955 722 1002 quod
742 955 867 991 accidit
885 954 922 991 in
943 964 1036 990 anno
1057 965 1128 989 non
1149 953 1318 995 bisextili‚
1340 953 1479 999 quando
1495 954 1578 989 luna
1594 965 1702 990 xxvn.

160 1012 304 1048 sabbato
319 1013 357 1049 in
372 1012 516 1048 Kalend.
532 1012 604 1048 Ian.
619 1012 777 1056 incurrit,
798 1015 838 1048 ut
850 1011 1024 1048 Victorius
1040 1011 1218 1047 observat.
1249 1010 1339 1046 'rum
1361 1011 1455 1046 enim
1476 1011 1606 1057 pascha
1621 1022 1702 1054 non,

160 1073 199 1104 ut
211 1069 410 1117 postulabat
423 1069 622 1114 methodus,
644 1069 761 1107 Martii
775 1069 954 1112 vicesimo,
977 1068 1062 1104 luna
1076 1079 1148 1105 xvi.
1165 1068 1394 1111 celebratum,
1416 1067 1476 1103 sed
1498 1068 1535 1103 in
1556 1079 1702 1114 sequen·

160 1128 233 1163 tem
253 1137 409 1163 mensem
431 1127 590 1170 dilatum;
613 1128 710 1163 cuius
731 1126 915 1163 neomenia
935 1126 973 1161 in
986 1125 1113 1172 Aprilis
1138 1137 1188 1162 ιιι.
1212 1125 1394 1172 competit;
1415 1124 1545 1173 pascha
1565 1135 1646 1160 vero
1667 1125 1704 1160 in

160 1195 273 1227 xxrv.‚
295 1184 379 1220 luna
401 1197 508 1228 xx11.‚
530 1195 620 1231 quae
639 1183 951 1220 Alexandrinorum
971 1186 1046 1219 erat
1064 1194 1137 1219 ιιι.
1182 1182 1272 1218 Nam
1299 1193 1425 1218 aureus
1453 1193 1618 1218 numerus
1645 1181 1703 1218 Ni-

160 1251 288 1277 caenus
299 1253 371 1284 xxx.
393 1246 515 1289 quarto
538 1242 620 1288 Apr.
636 1241 762 1277 affixus
777 1241 861 1283 fnit;
881 1240 1083 1276 Latinorum
1097 1251 1179 1276 vero
1201 1251 1272 1276 xvr.
1296 1240 1328 1276 ei
1349 1240 1560 1286 respondens
1575 1239 1703 1286 Aprilis

159 1298 272 1335 tertio.
295 1299 388 1335 Haec
405 1300 480 1335 sola
491 1298 703 1335 diffundendi
713 1297 888 1345 paschatis
900 1300 935 1333 et
948 1298 986 1333 in
1000 1297 1191 1333 secundum
1206 1307 1363 1333 mensem
1373 1297 1566 1333 traiiciendi
1579 1307 1706 1333 caussa

161 1360 449 1392 commemoratur
464 1367 485 1391 a
495 1356 665 1399 Victorio,
681 1355 819 1402 quando
834 1355 968 1391 decima
983 1358 1107 1401 quarta
1121 1355 1292 1402 contingit
1305 1355 1423 1391 Martii
1434 1365 1545 1397 xvm..
1559 1354 1647 1390 feria
1657 1366 1705 1390 vr.

161 1412 250 1449 Cum
265 1416 382 1449 autem
397 1413 550 1450 Nicaeno
566 1412 663 1460 cyclo
674 1425 760 1456 vnn,
775 1412 978 1448 Latinorum
994 1424 1038 1455 v.,
1053 1412 1186 1448 decima
1202 1416 1325 1458 quarta
1338 1412 1375 1448 in
1391 1412 1483 1448 diem
1497 1412 1615 1448 Martii
1629 1423 1703 1448 ιιι.

161 1470 315 1514 caderet,
337 1471 425 1507 feria
439 1482 502 1515 vn,
523 1470 696 1507 dominica
716 1481 798 1506 vero
813 1470 930 1507 Martii
944 1481 1035 1512 ιιι,
1055 1470 1132 1516 ipso
1154 1470 1264 1506 civilis
1279 1469 1490 1516 aequinoctii
1504 1468 1559 1504 die
1574 1468 1705 1516 pascha

160 1539 264 1564 suum
279 1528 393 1565 Latini
407 1527 583 1576 peregisse
597 1527 765 1564 videntur.
794 1527 885 1563 Nam
899 1527 1046 1573 legitimi
1061 1527 1191 1563 mensis
1206 1527 1339 1564 nullam
1359 1530 1435 1563 tum
1450 1524 1704 1573 ἆντιμεταβολὴν

160 1584 290 1621 factam
303 1586 434 1622 indicat
444 1586 628 1622 Victorius.
653 1585 792 1632 Alioqui
807 1585 838 1620 si
852 1585 890 1620 in
901 1584 1054 1632 Aprilem
1064 1584 1261 1628 reiicerent,
1277 1595 1356 1620 cum
1371 1584 1490 1631 cyclus
1502 1583 1706 1634 Latinorum

161 1655 193 1678 v.
209 1643 336 1690 Aprilis
353 1645 474 1690 quarto
490 1643 536 1678 sit
550 1640 760 1689 adscriptus,
783 1642 915 1678 decima
936 1645 1059 1688 quarta
1073 1645 1290 1678 concurreret
1310 1652 1392 1678 cum
1406 1641 1540 1677 decimo
1555 1642 1704 1688 septimo

162 1699 216 1735 die
225 1726 235 1743 ‚
250 1699 336 1736 feria
350 1712 411 1736 vn.
437 1700 519 1736 Ideo
534 1699 812 1736 transferendum
826 1699 917 1735 foret
928 1698 1058 1746 pascha
1072 1699 1109 1734 in
1123 1700 1241 1735 lunam
1255 1711 1358 1742 xxm,
1374 1699 1440 1735 hoe
1456 1704 1510 1736 est
1522 1699 1605 1746 Apr.
1619 1711 1703 1736 xxv.

162 1756 261 1799 Quod
276 1757 415 1804 quidem
430 1757 600 1793 devitasse
615 1757 756 1793 Latinos
771 1757 915 1792 Victorii
928 1757 1035 1792 verba
1049 1756 1296 1793 demonstrant.
1330 1756 1420 1792 Nam
1434 1757 1704 1792 remotissimum

161 1814 299 1850 illorum
309 1813 438 1861 pascha
449 1814 626 1850 constituit
635 1814 762 1861 Aprilis
774 1825 881 1857 xxiv„
896 1815 993 1861 cyclo
1006 1814 1157 1851 Nicaeno
1170 1826 1241 1851 ιιι.
1249 1841 1259 1857 ,
1276 1814 1412 1860 quando
1424 1813 1524 1849 litera
1541 1814 1702 1850 dominic.

161 1874 215 1908 est
228 1870 270 1907 B.
300 1871 352 1907 De
367 1875 489 1908 octavo
503 1883 585 1907 vero
602 1872 697 1917 cyclo
712 1871 866 1907 Nicaeuo
881 1872 1018 1918 penitus
1033 1873 1151 1908 tacuit.
1183 1871 1281 1907 Unde
1302 1871 1446 1918 colligas
1461 1871 1603 1908 Latinos
1618 1883 1703 1907 nen-

160 1938 338 1975 nunquam
353 1929 567 1976 aequinoctio
583 1929 659 1975 ipso
674 1928 805 1976 pascha
815 1929 1003 1975 peregisse.
1032 1929 1120 1965 Cum
1135 1928 1221 1964 haec
1234 1929 1285 1964 ita
1299 1940 1376 1964 sese
1389 1928 1589 1972 habuerint,
1604 1932 1644 1964 ut
1658 1940 1705 1964 ex

159 1985 302 2022 Victorii
310 1985 459 2032 Prologo
473 1985 699 2022 manifestum
714 1990 781 2030 est,
796 1986 924 2022 Paulus
939 1990 1057 2022 tamen
1066 1986 1426 2034 Forosemproniensis
1439 1986 1500 2023 lib.
1510 1998 1542 2022 v.
1557 1986 1666 2033 partis
1677 1999 1702 2023 1.

159 2042 300 2080 Latinos
321 2043 472 2079 affirmat
492 2042 673 2091 paschales
695 2043 885 2079 dominicas
909 2044 1029 2079 diebus
1056 2044 1199 2091 triginta
1225 2044 1552 2091 circumscripsisse,
1579 2055 1704 2091 nempe

160 2111 182 2136 a
196 2112 284 2137 xxu.
298 2101 415 2137 Martii
429 2100 474 2136 ad
488 2113 547 2137 xx.
563 2101 709 2148 Aprilis,
725 2101 785 2148 qni
799 2101 927 2136 limites
943 2102 979 2136 in
992 2101 1144 2137 Concilio
1161 2101 1379 2137 Caesariensi
1393 2101 1526 2137 definiti
1540 2102 1704 2148 leguntur
1759 2113 1765 2119 ·

159 2157 252 2204 apud
265 2157 399 2195 Bedsm
413 2158 451 2194 in
465 2156 664 2205 Appendice
679 2158 723 2194 ad
737 2159 892 2195 libellum
908 2158 950 2194 de
965 2158 1190 2205 Aequinoctio
1200 2185 1209 2202 ,
1232 2170 1319 2205 quae
1334 2159 1370 2195 in
1386 2158 1629 2195 Sirmondiano
1645 2170 1704 2194 co·

160 2214 234 2251 dice
249 2214 462 2263 Philippum,
483 2216 535 2251 uti
550 2215 720 2258 diximus,
742 2219 898 2252 autorem
911 2216 1136 2263 praeferebat.
1168 2215 1280 2258 Quare
1294 2226 1546 2263 nonnunquam
1560 2216 1703 2252 Latinos

159 2271 252 2308 idem
261 2271 388 2309 Paulus
399 2273 587 2316 existimat,
602 2284 647 2308 ne
658 2274 889 2320 praescriptos
900 2274 979 2309 illos
990 2274 1156 2310 terminos
1168 2274 1376 2317 exciderent,
1391 2273 1522 2321 pascha
1534 2274 1619 2309 luna
1630 2284 1701 2310 x1v.

160 2330 363 2366 celebrasse.
391 2329 491 2373 Quod
506 2341 587 2365 cum
602 2330 647 2364 ad
661 2330 802 2367 eosdem
815 2331 894 2366 illos
907 2330 1051 2367 Latinos
1066 2331 1203 2375 referat,
1218 2342 1367 2378 quorum
1381 2342 1401 2366 e
1416 2342 1523 2378 grege
1531 2331 1703 2367 Victorius

160 2387 277 2423 extitit
287 2386 366 2434 (hos
377 2388 470 2424 enim
480 2387 575 2435 ipsos
587 2387 691 2423 refert
699 2386 899 2434 paschalem
910 2388 1117 2424 dominicam
1129 2399 1151 2424 s
1161 2390 1245 2424 luna
1256 2401 1327 2425 xvr.
1339 2388 1383 2423 ad
1395 2400 1480 2426 xxrr.
1493 2388 1703 2435 extendisse)

160 2444 342 2492 perspicua
362 2448 416 2481 est
433 2444 667 2480 hallucinatio.
696 2444 838 2480 Falsum
859 2449 912 2481 est
927 2446 1019 2481 enim
1034 2445 1234 2493 paschalem
1248 2446 1392 2481 Victorii
1410 2457 1566 2480 mensem
1581 2445 1702 2482 diebus

160 2514 244 2538 xxx.
267 2501 553 2550 comprehensum
572 2502 691 2538 fuisse.
733 2502 906 2548 Imprimis
927 2503 1037 2549 quod,
1057 2507 1098 2538 ut
1117 2504 1220 2550 paulo
1243 2507 1323 2538 ante
1345 2502 1618 2539 demonstratum
1638 2507 1703 2547 est,

160 2559 316 2595 citimum
329 2560 469 2596 illorum
482 2559 614 2607 pascha
627 2559 665 2595 in
678 2559 795 2605 ipsum
809 2559 1016 2606 aequinoctii
1031 2560 1121 2597 diem
1134 2560 1308 2602 inciderit,
1330 2560 1427 2606 cyclo
1442 2571 1516 2596 vm.
1537 2559 1702 2604 nicaeno,

161 2617 296 2663 quoties
310 2617 395 2652 luna
408 2629 480 2654 xrv.
495 2617 614 2653 Martii
627 2628 700 2652 xtx.
710 2642 720 2659 ‚
740 2615 829 2651 feria
842 2628 889 2653 vr.
905 2617 1107 2663 contigerat.
1137 2617 1270 2652 Rursus
1286 2617 1383 2662 cyclo
1398 2616 1600 2654 Latinorum
1614 2630 1702 2662 vm„

160 2672 310 2710 Nicaeuo
325 2686 391 2718 xr.,
405 2674 589 2710 neomenia
602 2673 774 2720 paschalis
788 2673 1102 2709 Alexandrinorum
1122 2674 1251 2720 pariter
1271 2684 1312 2709 ac
1325 2673 1527 2711 Latinorum
1541 2676 1703 2712 convenit

161 2731 288 2778 Aprilis
301 2743 340 2768 n.
369 2731 560 2778 Fingamus
576 2741 659 2777 ergo
674 2731 810 2765 literam
826 2729 985 2767 dominic.
1000 2731 1122 2766 eodem
1135 2742 1227 2766 auno
1242 2730 1349 2766 fuisse
1364 2731 1409 2774 A,
1432 2731 1565 2768 decima
1578 2738 1702 2780 quarta

161 2787 337 2834 paschalis
353 2788 480 2824 incidet
499 2789 536 2824 in
557 2789 640 2834 Apr.
656 2799 729 2831 xv.‚
749 2787 836 2822 feria
850 2799 911 2823 vn.
950 2787 1118 2830 Quocirca
1130 2787 1322 2823 Nicaenum
1342 2788 1471 2835 pascha
1491 2790 1700 2826 celebratum

163 2848 216 2881 est
229 2845 310 2892 Apr.
325 2857 414 2888 xv1.‚
427 2846 512 2881 luna
527 2845 660 2880 decima
676 2845 811 2891 quinta:
832 2843 949 2879 Latini
963 2855 1044 2880 vero
1061 2855 1106 2880 ex
1120 2844 1266 2881 Victorii
1278 2847 1402 2892 regula
1414 2846 1452 2881 in
1465 2847 1586 2883 lunam
1602 2860 1700 2891 xx11.,

162 2901 227 2938 hoc
243 2905 298 2938 est
310 2914 411 2939 xxm.
426 2902 555 2950 Aprilis
569 2902 784 2937 distulerunt.
814 2901 924 2948 Igitur
939 2911 961 2936 a
974 2913 1047 2937 xxx.
1062 2902 1180 2937 Martii
1193 2902 1238 2937 ad
1252 2914 1351 2939 xxm.
1366 2903 1492 2950 Aprilis
1505 2905 1701 2951 legitimum

162 2962 266 3006 atque
281 2959 489 2996 ordinarium
500 2960 632 2996 Latinis
647 2958 777 3006 pascha
788 2970 908 2995 xxxxv.
925 2958 1045 2994 diebus
1060 2959 1266 2995 extenditur.
1289 2960 1426 2996 Praeter
1441 2962 1596 2998 ordinem
1607 2974 1700 3006 vero,

162 3020 365 3064 praeterque
378 3017 492 3064 legem
506 3018 543 3053 in
559 3029 640 3053 xxv.
656 3016 782 3063 Aprilis
798 3019 1043 3060 summovetur,
1059 3027 1138 3052 cum
1153 3017 1249 3063 cyclo
1263 3029 1337 3055 ιιι.
1353 3018 1488 3054 decima
1501 3023 1627 3066 quarta
1639 3031 1700 3067 pa·

163 3073 290 3111 schalis
304 3075 342 3110 in
356 3074 472 3112 Martii
484 3087 584 3111 xvm.
599 3074 759 3117 incurrit,
773 3073 860 3110 feria
874 3085 934 3117 v1.‚
948 3077 990 3110 ut
1002 3077 1106 3110 antea
1120 3073 1330 3111 declaratum
1344 3079 1408 3112 est.
1437 3076 1491 3112 Ita
1504 3077 1699 3112 tricesimus

1735 2638 1763 2665 p.
1774 2631 1833 2659 455.
