<?xml version="1.0" encoding="UTF-8"?>
<!DOCTYPE html PUBLIC "-//W3C//DTD XHTML 1.0 Transitional//EN"
    "http://www.w3.org/TR/xhtml1/DTD/xhtml1-transitional.dtd">
<html xmlns="http://www.w3.org/1999/xhtml" xml:lang="en" lang="en">
 <head>
  <title>
</title>
<meta http-equiv="Content-Type" content="text/html;charset=utf-8" />
  <meta name='ocr-system' content='tesseract 3.04.00' />
  <meta name='ocr-capabilities' content='ocr_page ocr_carea ocr_par ocr_line ocrx_word'/>
</head>
<body>
  <div class='ocr_page' id='page_1' title='image "./corporishaereseo03epip_0133.png"; bbox 0 0 2008 3294; ppageno 0'>
   <div class='ocr_carea' id='block_1_1' title="bbox 1682 193 1714 230">
    <p class='ocr_par' dir='ltr' id='par_1_1' title="bbox 1682 193 1714 230">
     <span class='ocr_line' id='line_1_1' title="bbox 1682 193 1714 230; baseline 0 0"><span class='ocrx_word' id='word_1_1' title='bbox 1682 193 1714 230; x_wconf 85' lang='lat' dir='ltr'><strong>V</strong></span> 
     </span>
    </p>
   </div>
   <div class='ocr_carea' id='block_1_2' title="bbox 171 298 1719 626">
    <p class='ocr_par' dir='ltr' id='par_1_2' title="bbox 171 298 1719 626">
     <span class='ocr_line' id='line_1_2' title="bbox 259 298 1714 352; baseline -0.004 -12"><span class='ocrx_word' id='word_1_2' title='bbox 259 304 300 340; x_wconf 88' lang='lat' dir='ltr'>In</span> <span class='ocrx_word' id='word_1_3' title='bbox 321 302 503 352; x_wconf 77' lang='lat' dir='ltr'>posteriori</span> <span class='ocrx_word' id='word_1_4' title='bbox 524 303 612 338; x_wconf 87' lang='lat' dir='ltr'>serie</span> <span class='ocrx_word' id='word_1_5' title='bbox 639 302 748 338; x_wconf 81' lang='lat' dir='ltr'>Stoici</span> <span class='ocrx_word' id='word_1_6' title='bbox 770 305 850 339; x_wconf 85' lang='lat' dir='ltr'>ante</span> <span class='ocrx_word' id='word_1_7' title='bbox 872 302 1027 338; x_wconf 78' lang='lat' dir='ltr'>caeteras</span> <span class='ocrx_word' id='word_1_8' title='bbox 1049 299 1334 348; x_wconf 85' lang='lat' dir='ltr'>philosophorum</span> <span class='ocrx_word' id='word_1_9' title='bbox 1357 301 1470 336; x_wconf 87' lang='lat' dir='ltr'>sectas</span> <span class='ocrx_word' id='word_1_10' title='bbox 1492 298 1714 340; x_wconf 80' lang='lat' dir='ltr'><strong>collocantur,</strong></span> 
     </span>
     <span class='ocr_line' id='line_1_3' title="bbox 171 355 1715 409; baseline -0.003 -13"><span class='ocrx_word' id='word_1_11' title='bbox 171 361 270 396; x_wconf 88' lang='lat' dir='ltr'>aliter</span> <span class='ocrx_word' id='word_1_12' title='bbox 285 365 390 409; x_wconf 88' lang='lat' dir='ltr'>atque</span> <span class='ocrx_word' id='word_1_13' title='bbox 404 361 441 397; x_wconf 89' lang='lat' dir='ltr'>in</span> <span class='ocrx_word' id='word_1_14' title='bbox 455 361 561 409; x_wconf 84' lang='lat' dir='ltr'>priori</span> <span class='ocrx_word' id='word_1_15' title='bbox 575 360 720 404; x_wconf 83' lang='lat' dir='ltr'><strong>fecerat,</strong></span> <span class='ocrx_word' id='word_1_16' title='bbox 743 355 831 407; x_wconf 81' lang='lat' dir='ltr'>quae</span> <span class='ocrx_word' id='word_1_17' title='bbox 851 359 956 406; x_wconf 77' lang='lat' dir='ltr'>longe</span> <span class='ocrx_word' id='word_1_18' title='bbox 975 357 1041 393; x_wconf 83' lang='lat' dir='ltr'>hac</span> <span class='ocrx_word' id='word_1_19' title='bbox 1064 358 1102 394; x_wconf 88' lang='lat' dir='ltr'>iu</span> <span class='ocrx_word' id='word_1_20' title='bbox 1115 362 1213 405; x_wconf 87' lang='lat' dir='ltr'>parte</span> <span class='ocrx_word' id='word_1_21' title='bbox 1228 357 1440 394; x_wconf 84' lang='lat' dir='ltr'>tolerabilior</span> <span class='ocrx_word' id='word_1_22' title='bbox 1454 360 1517 393; x_wconf 84' lang='lat' dir='ltr'>est.</span> <span class='ocrx_word' id='word_1_23' title='bbox 1550 356 1638 391; x_wconf 83' lang='lat' dir='ltr'>Hinc</span> <span class='ocrx_word' id='word_1_24' title='bbox 1653 359 1715 398; x_wconf 83' lang='lat' dir='ltr'>est,</span> 
     </span>
     <span class='ocr_line' id='line_1_4' title="bbox 171 412 1716 465; baseline -0.005 -10"><span class='ocrx_word' id='word_1_25' title='bbox 171 418 265 465; x_wconf 90' lang='lat' dir='ltr'>quod</span> <span class='ocrx_word' id='word_1_26' title='bbox 280 416 476 454; x_wconf 86' lang='lat' dir='ltr'>Stoicorum</span> <span class='ocrx_word' id='word_1_27' title='bbox 492 420 587 453; x_wconf 86' lang='lat' dir='ltr'>secta</span> <span class='ocrx_word' id='word_1_28' title='bbox 602 418 692 463; x_wconf 81' lang='grc' dir='ltr'>τρίτη</span> <span class='ocrx_word' id='word_1_29' title='bbox 709 415 773 451; x_wconf 74' lang='grc' dir='ltr'>ἀπὸ</span> <span class='ocrx_word' id='word_1_30' title='bbox 783 415 1010 463; x_wconf 76' lang='grc' dir='ltr'>Ἑλληνισμοῦ</span> <span class='ocrx_word' id='word_1_31' title='bbox 1027 414 1073 450; x_wconf 89' lang='lat' dir='ltr'>sit</span> <span class='ocrx_word' id='word_1_32' title='bbox 1086 415 1263 462; x_wconf 89' lang='lat' dir='ltr'>inscripta.</span> <span class='ocrx_word' id='word_1_33' title='bbox 1287 415 1376 450; x_wconf 89' lang='lat' dir='ltr'>Nam</span> <span class='ocrx_word' id='word_1_34' title='bbox 1391 414 1531 450; x_wconf 85' lang='lat' dir='ltr'>tertium</span> <span class='ocrx_word' id='word_1_35' title='bbox 1545 413 1589 448; x_wconf 88' lang='lat' dir='ltr'>ab</span> <span class='ocrx_word' id='word_1_36' title='bbox 1603 412 1716 448; x_wconf 80' lang='lat' dir='ltr'>Helle-</span> 
     </span>
     <span class='ocr_line' id='line_1_5' title="bbox 171 471 1719 519; baseline -0.005 -8"><span class='ocrx_word' id='word_1_37' title='bbox 171 475 284 511; x_wconf 88' lang='lat' dir='ltr'>nismo</span> <span class='ocrx_word' id='word_1_38' title='bbox 299 477 414 511; x_wconf 85' lang='lat' dir='ltr'>locum</span> <span class='ocrx_word' id='word_1_39' title='bbox 430 474 536 510; x_wconf 90' lang='lat' dir='ltr'>habet</span> <span class='ocrx_word' id='word_1_40' title='bbox 556 475 594 510; x_wconf 92' lang='lat' dir='ltr'>in</span> <span class='ocrx_word' id='word_1_41' title='bbox 617 475 721 518; x_wconf 88' lang='lat' dir='ltr'>serie,</span> <span class='ocrx_word' id='word_1_42' title='bbox 744 477 784 509; x_wconf 97' lang='grc' dir='ltr'>ιιι</span> <span class='ocrx_word' id='word_1_43' title='bbox 798 473 966 509; x_wconf 71' lang='lat' dir='ltr'>Platonici</span> <span class='ocrx_word' id='word_1_44' title='bbox 987 475 1168 519; x_wconf 85' lang='lat' dir='ltr'>quartum,</span> <span class='ocrx_word' id='word_1_45' title='bbox 1192 476 1295 518; x_wconf 87' lang='lat' dir='ltr'>atque</span> <span class='ocrx_word' id='word_1_46' title='bbox 1318 473 1368 507; x_wconf 87' lang='lat' dir='ltr'>ita</span> <span class='ocrx_word' id='word_1_47' title='bbox 1391 472 1570 518; x_wconf 81' lang='lat' dir='ltr'>deinceps3</span> <span class='ocrx_word' id='word_1_48' title='bbox 1591 481 1663 505; x_wconf 90' lang='lat' dir='ltr'>non</span> <span class='ocrx_word' id='word_1_49' title='bbox 1679 471 1719 504; x_wconf 89' lang='lat' dir='ltr'>ut</span> 
     </span>
     <span class='ocr_line' id='line_1_6' title="bbox 171 526 1718 580; baseline -0.004 -12"><span class='ocrx_word' id='word_1_50' title='bbox 171 533 208 568; x_wconf 89' lang='lat' dir='ltr'>in</span> <span class='ocrx_word' id='word_1_51' title='bbox 222 532 444 580; x_wconf 64' lang='lat' dir='ltr'>inscriptione</span> <span class='ocrx_word' id='word_1_52' title='bbox 458 531 582 568; x_wconf 87' lang='lat' dir='ltr'>Latina</span> <span class='ocrx_word' id='word_1_53' title='bbox 597 535 666 567; x_wconf 91' lang='lat' dir='ltr'>est:</span> <span class='ocrx_word' id='word_1_54' title='bbox 684 534 786 567; x_wconf 73' lang='lat' dir='ltr'>tertia</span> <span class='ocrx_word' id='word_1_55' title='bbox 801 531 1000 566; x_wconf 73' lang='lat' dir='ltr'>Helleniemi</span> <span class='ocrx_word' id='word_1_56' title='bbox 1013 535 1107 565; x_wconf 78' lang='lat' dir='ltr'>aecta</span> <span class='ocrx_word' id='word_1_57' title='bbox 1116 543 1127 572; x_wconf 86' lang='lat'>,-</span> <span class='ocrx_word' id='word_1_58' title='bbox 1142 540 1205 576; x_wconf 89' lang='lat' dir='ltr'>pro</span> <span class='ocrx_word' id='word_1_59' title='bbox 1221 540 1290 576; x_wconf 87' lang='lat' dir='ltr'>quo</span> <span class='ocrx_word' id='word_1_60' title='bbox 1307 529 1434 565; x_wconf 83' lang='lat' dir='ltr'>scribe:</span> <span class='ocrx_word' id='word_1_61' title='bbox 1459 531 1560 564; x_wconf 71' lang='lat' dir='ltr'>tercia</span> <span class='ocrx_word' id='word_1_62' title='bbox 1577 528 1620 563; x_wconf 84' lang='lat' dir='ltr'>ab</span> <span class='ocrx_word' id='word_1_63' title='bbox 1635 526 1718 563; x_wconf 80' lang='lat' dir='ltr'>Hel·</span> 
     </span>
     <span class='ocr_line' id='line_1_7' title="bbox 171 591 426 626; baseline 0.004 -1"><span class='ocrx_word' id='word_1_64' title='bbox 171 591 307 626; x_wconf 69' lang='lat' dir='ltr'>leniente</span> <span class='ocrx_word' id='word_1_65' title='bbox 321 595 426 626; x_wconf 81' lang='lat' dir='ltr'>secta.</span> 
     </span>
    </p>
   </div>
   <div class='ocr_carea' id='block_1_3' title="bbox 574 689 1315 728">
    <p class='ocr_par' dir='ltr' id='par_1_3' title="bbox 574 689 1315 728">
     <span class='ocr_line' id='line_1_8' title="bbox 574 689 1315 728; baseline -0.004 0"><span class='ocrx_word' id='word_1_66' title='bbox 574 691 634 727; x_wconf 86' lang='lat' dir='ltr'>AD</span> <span class='ocrx_word' id='word_1_67' title='bbox 651 691 812 728; x_wconf 85' lang='lat' dir='ltr'>TOTIUS</span> <span class='ocrx_word' id='word_1_68' title='bbox 833 690 991 728; x_wconf 81' lang='lat' dir='ltr'>OPERIS</span> <span class='ocrx_word' id='word_1_69' title='bbox 1012 689 1315 727; x_wconf 81' lang='lat' dir='ltr'>PRAELUDIUM.</span> 
     </span>
    </p>
   </div>
   <div class='ocr_carea' id='block_1_4' title="bbox 171 769 1730 3101">
    <p class='ocr_par' dir='ltr' id='par_1_4' title="bbox 260 769 1717 820">
     <span class='ocr_line' id='line_1_9' title="bbox 260 769 1717 820; baseline -0.003 -11"><span class='ocrx_word' id='word_1_70' title='bbox 260 771 302 808; x_wconf 85' lang='lat' dir='ltr'>N.</span> <span class='ocrx_word' id='word_1_71' title='bbox 318 784 357 809; x_wconf 91' lang='lat' dir='ltr'>n.</span> <span class='ocrx_word' id='word_1_72' title='bbox 380 769 490 819; x_wconf 80' lang='grc' dir='ltr'>ἄφατα</span> <span class='ocrx_word' id='word_1_73' title='bbox 505 769 568 819; x_wconf 83' lang='grc' dir='ltr'>γάρ</span> <span class='ocrx_word' id='word_1_74' title='bbox 593 769 660 806; x_wconf 78' lang='grc' dir='ltr'>ἐστι</span> <span class='ocrx_word' id='word_1_75' title='bbox 683 773 736 806; x_wconf 74' lang='grc' dir='ltr'>καὶ</span> <span class='ocrx_word' id='word_1_76' title='bbox 758 769 869 819; x_wconf 54' lang='grc' dir='ltr'>φατὲ]</span> <span class='ocrx_word' id='word_1_77' title='bbox 902 771 1078 820; x_wconf 77' lang='lat' dir='ltr'>Expungo</span> <span class='ocrx_word' id='word_1_78' title='bbox 1098 771 1306 818; x_wconf 75' lang='lat' dir='ltr'>posteriores</span> <span class='ocrx_word' id='word_1_79' title='bbox 1328 769 1434 805; x_wconf 82' lang='lat' dir='ltr'>hasce</span> <span class='ocrx_word' id='word_1_80' title='bbox 1448 769 1606 813; x_wconf 86' lang='lat' dir='ltr'>voculas,</span> <span class='ocrx_word' id='word_1_81' title='bbox 1628 778 1717 816; x_wconf 89' lang='lat' dir='ltr'>quae</span> 
     </span>
    </p>

    <p class='ocr_par' dir='ltr' id='par_1_5' title="bbox 172 824 1503 878">
     <span class='ocr_line' id='line_1_10' title="bbox 172 824 1503 878; baseline -0.005 -12"><span class='ocrx_word' id='word_1_82' title='bbox 172 830 378 867; x_wconf 86' lang='lat' dir='ltr'>sententiam</span> <span class='ocrx_word' id='word_1_83' title='bbox 393 828 586 872; x_wconf 78' lang='lat' dir='ltr'>infuscant,</span> <span class='ocrx_word' id='word_1_84' title='bbox 603 829 657 863; x_wconf 72' lang='grc' dir='ltr'>καὶ</span> <span class='ocrx_word' id='word_1_85' title='bbox 674 828 770 876; x_wconf 83' lang='grc' dir='ltr'>φατά.</span> <span class='ocrx_word' id='word_1_86' title='bbox 793 829 892 865; x_wconf 85' lang='lat' dir='ltr'>Dixit</span> <span class='ocrx_word' id='word_1_87' title='bbox 906 828 1046 878; x_wconf 86' lang='lat' dir='ltr'>quidem</span> <span class='ocrx_word' id='word_1_88' title='bbox 1059 827 1230 864; x_wconf 75' lang='lat' dir='ltr'>Hesiodus</span> <span class='ocrx_word' id='word_1_89' title='bbox 1245 827 1344 863; x_wconf 87' lang='lat' dir='ltr'>initio</span> <span class='ocrx_word' id='word_1_90' title='bbox 1356 824 1503 874; x_wconf 69' lang='grc' dir='ltr'>Ἔργων,</span> 
     </span>
    </p>

    <p class='ocr_par' dir='ltr' id='par_1_6' title="bbox 439 883 1369 934">
     <span class='ocr_line' id='line_1_11' title="bbox 439 883 1369 934; baseline -0.002 -13"><span class='ocrx_word' id='word_1_91' title='bbox 439 883 505 921; x_wconf 68' lang='grc' dir='ltr'>’ον</span> <span class='ocrx_word' id='word_1_92' title='bbox 521 897 556 920; x_wconf 85' lang='grc' dir='ltr'>τε</span> <span class='ocrx_word' id='word_1_93' title='bbox 572 885 625 920; x_wconf 82' lang='grc' dir='ltr'>διὰ</span> <span class='ocrx_word' id='word_1_94' title='bbox 641 885 752 932; x_wconf 68' lang='grc' dir='ltr'>βροτοὶ</span> <span class='ocrx_word' id='word_1_95' title='bbox 769 883 879 934; x_wconf 83' lang='grc' dir='ltr'>ἄνδρες</span> <span class='ocrx_word' id='word_1_96' title='bbox 896 884 1005 933; x_wconf 77' lang='grc' dir='ltr'>ὁμῶς,</span> <span class='ocrx_word' id='word_1_97' title='bbox 1022 883 1141 932; x_wconf 78' lang='grc' dir='ltr'>ἄφατοί</span> <span class='ocrx_word' id='word_1_98' title='bbox 1155 897 1190 920; x_wconf 83' lang='grc' dir='ltr'>τε</span> <span class='ocrx_word' id='word_1_99' title='bbox 1206 884 1303 931; x_wconf 83' lang='grc' dir='ltr'>φατοί</span> <span class='ocrx_word' id='word_1_100' title='bbox 1318 896 1369 930; x_wconf 79' lang='grc' dir='ltr'>τε,</span> 
     </span>
    </p>

    <p class='ocr_par' dir='ltr' id='par_1_7' title="bbox 171 935 1722 1162">
     <span class='ocr_line' id='line_1_12' title="bbox 440 935 1354 991; baseline 0.002 -13"><span class='ocrx_word' id='word_1_101' title='bbox 440 941 551 987; x_wconf 80' lang='grc' dir='ltr'>Ῥητοί</span> <span class='ocrx_word' id='word_1_102' title='bbox 566 942 596 978; x_wconf 84' lang='grc' dir='ltr'>τ’</span> <span class='ocrx_word' id='word_1_103' title='bbox 613 942 748 990; x_wconf 78' lang='grc' dir='ltr'>ἇῤῥητο(</span> <span class='ocrx_word' id='word_1_104' title='bbox 763 955 812 991; x_wconf 82' lang='grc' dir='ltr'>τε,</span> <span class='ocrx_word' id='word_1_105' title='bbox 1326 940 1329 941; x_wconf 43' lang='grc'>’</span> <span class='ocrx_word' id='word_1_106' title='bbox 1349 935 1354 938; x_wconf 44' lang='grc'><em>“</em></span> 
     </span>
     <span class='ocr_line' id='line_1_13' title="bbox 172 993 1721 1047; baseline -0.002 -11"><span class='ocrx_word' id='word_1_107' title='bbox 172 999 234 1036; x_wconf 89' lang='lat' dir='ltr'>sed</span> <span class='ocrx_word' id='word_1_108' title='bbox 249 1001 318 1037; x_wconf 88' lang='lat' dir='ltr'>alio</span> <span class='ocrx_word' id='word_1_109' title='bbox 334 1011 457 1044; x_wconf 89' lang='lat' dir='ltr'>sensu,</span> <span class='ocrx_word' id='word_1_110' title='bbox 480 1010 587 1047; x_wconf 86' lang='lat' dir='ltr'>quam</span> <span class='ocrx_word' id='word_1_111' title='bbox 607 1004 647 1036; x_wconf 90' lang='lat' dir='ltr'>ut</span> <span class='ocrx_word' id='word_1_112' title='bbox 667 999 746 1038; x_wconf 87' lang='lat' dir='ltr'>huic</span> <span class='ocrx_word' id='word_1_113' title='bbox 762 1001 839 1037; x_wconf 86' lang='lat' dir='ltr'>loco</span> <span class='ocrx_word' id='word_1_114' title='bbox 855 1003 1035 1047; x_wconf 84' lang='lat' dir='ltr'>congruat.</span> <span class='ocrx_word' id='word_1_115' title='bbox 1072 993 1164 1036; x_wconf 69' lang='lat' dir='ltr'>Nam</span> <span class='ocrx_word' id='word_1_116' title='bbox 1178 998 1244 1036; x_wconf 88' lang='lat' dir='ltr'>hoc</span> <span class='ocrx_word' id='word_1_117' title='bbox 1259 1010 1369 1035; x_wconf 89' lang='lat' dir='ltr'>unum</span> <span class='ocrx_word' id='word_1_118' title='bbox 1385 997 1598 1046; x_wconf 76' lang='lat' dir='ltr'>Epiphanius</span> <span class='ocrx_word' id='word_1_119' title='bbox 1614 998 1721 1044; x_wconf 85' lang='lat' dir='ltr'>signi·</span> 
     </span>
     <span class='ocr_line' id='line_1_14' title="bbox 171 1055 1722 1105; baseline -0.003 -11"><span class='ocrx_word' id='word_1_120' title='bbox 171 1056 270 1102; x_wconf 86' lang='lat' dir='ltr'>ficat,</span> <span class='ocrx_word' id='word_1_121' title='bbox 292 1067 330 1095; x_wconf 92' lang='lat' dir='ltr'>se</span> <span class='ocrx_word' id='word_1_122' title='bbox 352 1069 423 1093; x_wconf 88' lang='lat' dir='ltr'>non</span> <span class='ocrx_word' id='word_1_123' title='bbox 447 1057 564 1093; x_wconf 87' lang='lat' dir='ltr'>omnia</span> <span class='ocrx_word' id='word_1_124' title='bbox 579 1058 763 1104; x_wconf 83' lang='lat' dir='ltr'>complecti</span> <span class='ocrx_word' id='word_1_125' title='bbox 775 1056 842 1095; x_wconf 86' lang='lat' dir='ltr'>hoo</span> <span class='ocrx_word' id='word_1_126' title='bbox 857 1057 895 1094; x_wconf 89' lang='lat' dir='ltr'>in</span> <span class='ocrx_word' id='word_1_127' title='bbox 909 1068 1012 1105; x_wconf 85' lang='lat' dir='ltr'>opere</span> <span class='ocrx_word' id='word_1_128' title='bbox 1028 1068 1168 1105; x_wconf 82' lang='lat' dir='ltr'>cupere,</span> <span class='ocrx_word' id='word_1_129' title='bbox 1189 1067 1270 1093; x_wconf 85' lang='lat' dir='ltr'>cum</span> <span class='ocrx_word' id='word_1_130' title='bbox 1291 1055 1560 1092; x_wconf 71' lang='lat' dir='ltr'>innumerabilia</span> <span class='ocrx_word' id='word_1_131' title='bbox 1574 1055 1644 1092; x_wconf 90' lang='lat' dir='ltr'>sint</span> <span class='ocrx_word' id='word_1_132' title='bbox 1658 1065 1722 1090; x_wconf 87' lang='lat' dir='ltr'>nec</span> 
     </span>
     <span class='ocr_line' id='line_1_15' title="bbox 172 1113 746 1162; baseline 0.002 -12"><span class='ocrx_word' id='word_1_133' title='bbox 172 1115 327 1151; x_wconf 87' lang='lat' dir='ltr'>oratione</span> <span class='ocrx_word' id='word_1_134' title='bbox 342 1113 586 1162; x_wconf 85' lang='lat' dir='ltr'>comprehendi</span> <span class='ocrx_word' id='word_1_135' title='bbox 599 1115 746 1162; x_wconf 82' lang='lat' dir='ltr'>possint.</span> 
     </span>
    </p>

    <p class='ocr_par' dir='ltr' id='par_1_8' title="bbox 171 1170 1726 1678">
     <span class='ocr_line' id='line_1_16' title="bbox 262 1170 1721 1218; baseline -0.001 -12"><span class='ocrx_word' id='word_1_136' title='bbox 262 1171 418 1207; x_wconf 75' lang='grc' dir='ltr'>Τουτέστι</span> <span class='ocrx_word' id='word_1_137' title='bbox 431 1171 592 1218; x_wconf 75' lang='grc' dir='ltr'>βασιλείας</span> <span class='ocrx_word' id='word_1_138' title='bbox 604 1170 897 1218; x_wconf 81' lang='grc' dir='ltr'>Οὗαλεντινιανοῢ.]</span> <span class='ocrx_word' id='word_1_139' title='bbox 920 1171 984 1209; x_wconf 84' lang='lat' dir='ltr'>Est</span> <span class='ocrx_word' id='word_1_140' title='bbox 994 1171 1050 1208; x_wconf 87' lang='lat' dir='ltr'>hic</span> <span class='ocrx_word' id='word_1_141' title='bbox 1062 1182 1175 1208; x_wconf 89' lang='lat' dir='ltr'>annus</span> <span class='ocrx_word' id='word_1_142' title='bbox 1189 1170 1316 1208; x_wconf 80' lang='lat' dir='ltr'>Christi</span> <span class='ocrx_word' id='word_1_143' title='bbox 1328 1181 1517 1214; x_wconf 69' lang='lat' dir='ltr'>cccnxxrv,</span> <span class='ocrx_word' id='word_1_144' title='bbox 1534 1182 1603 1218; x_wconf 91' lang='lat' dir='ltr'>quo</span> <span class='ocrx_word' id='word_1_145' title='bbox 1619 1181 1721 1206; x_wconf 88' lang='lat' dir='ltr'>suum</span> 
     </span>
     <span class='ocr_line' id='line_1_17' title="bbox 172 1228 1722 1278; baseline -0.001 -14"><span class='ocrx_word' id='word_1_146' title='bbox 172 1240 260 1276; x_wconf 87' lang='lat' dir='ltr'>opus</span> <span class='ocrx_word' id='word_1_147' title='bbox 276 1239 464 1277; x_wconf 77' lang='lat' dir='ltr'>aggressus</span> <span class='ocrx_word' id='word_1_148' title='bbox 480 1232 534 1264; x_wconf 91' lang='lat' dir='ltr'>est</span> <span class='ocrx_word' id='word_1_149' title='bbox 549 1228 774 1276; x_wconf 81' lang='lat' dir='ltr'>Epiphanius,</span> <span class='ocrx_word' id='word_1_150' title='bbox 791 1228 957 1266; x_wconf 82' lang='lat' dir='ltr'>Gratiano</span> <span class='ocrx_word' id='word_1_151' title='bbox 973 1242 1026 1273; x_wconf 86' lang='lat' dir='ltr'>m,</span> <span class='ocrx_word' id='word_1_152' title='bbox 1041 1232 1077 1265; x_wconf 90' lang='lat' dir='ltr'>et</span> <span class='ocrx_word' id='word_1_153' title='bbox 1090 1228 1229 1278; x_wconf 80' lang='lat' dir='ltr'>Equitio</span> <span class='ocrx_word' id='word_1_154' title='bbox 1245 1228 1612 1266; x_wconf 83' lang='lat' dir='ltr'>Coss.Valentiniauus</span> <span class='ocrx_word' id='word_1_155' title='bbox 1629 1228 1722 1262; x_wconf 91' lang='lat' dir='ltr'>enim</span> 
     </span>
     <span class='ocr_line' id='line_1_18' title="bbox 173 1285 1722 1334; baseline -0.001 -13"><span class='ocrx_word' id='word_1_156' title='bbox 173 1287 207 1322; x_wconf 82' lang='lat' dir='ltr'>et</span> <span class='ocrx_word' id='word_1_157' title='bbox 217 1286 346 1322; x_wconf 89' lang='lat' dir='ltr'>Valens</span> <span class='ocrx_word' id='word_1_158' title='bbox 367 1286 554 1334; x_wconf 87' lang='lat' dir='ltr'>imperium</span> <span class='ocrx_word' id='word_1_159' title='bbox 575 1286 744 1333; x_wconf 90' lang='lat' dir='ltr'>auspicati</span> <span class='ocrx_word' id='word_1_160' title='bbox 759 1289 842 1322; x_wconf 89' lang='lat' dir='ltr'>sunt</span> <span class='ocrx_word' id='word_1_161' title='bbox 855 1297 947 1323; x_wconf 85' lang='lat' dir='ltr'>anno</span> <span class='ocrx_word' id='word_1_162' title='bbox 964 1296 1117 1324; x_wconf 72' lang='lat' dir='ltr'>cccnxrv</span> <span class='ocrx_word' id='word_1_163' title='bbox 1134 1286 1304 1330; x_wconf 83' lang='lat' dir='ltr'>bisextili,</span> <span class='ocrx_word' id='word_1_164' title='bbox 1328 1286 1388 1334; x_wconf 85' lang='lat' dir='ltr'>qui</span> <span class='ocrx_word' id='word_1_165' title='bbox 1402 1285 1536 1322; x_wconf 89' lang='lat' dir='ltr'>Ioviani</span> <span class='ocrx_word' id='word_1_166' title='bbox 1550 1289 1585 1320; x_wconf 94' lang='lat' dir='ltr'>et</span> <span class='ocrx_word' id='word_1_167' title='bbox 1598 1285 1722 1320; x_wconf 87' lang='lat' dir='ltr'>Varro-</span> 
     </span>
     <span class='ocr_line' id='line_1_19' title="bbox 171 1342 1724 1391; baseline -0.001 -13"><span class='ocrx_word' id='word_1_168' title='bbox 171 1342 268 1379; x_wconf 88' lang='lat' dir='ltr'>niani</span> <span class='ocrx_word' id='word_1_169' title='bbox 283 1343 475 1379; x_wconf 73' lang='lat' dir='ltr'>Consulatu</span> <span class='ocrx_word' id='word_1_170' title='bbox 490 1346 630 1379; x_wconf 89' lang='lat' dir='ltr'>notatur</span> <span class='ocrx_word' id='word_1_171' title='bbox 645 1343 682 1379; x_wconf 91' lang='lat' dir='ltr'>in</span> <span class='ocrx_word' id='word_1_172' title='bbox 697 1342 820 1379; x_wconf 83' lang='lat' dir='ltr'>Fastis.</span> <span class='ocrx_word' id='word_1_173' title='bbox 843 1343 924 1380; x_wconf 92' lang='lat' dir='ltr'>Ideo</span> <span class='ocrx_word' id='word_1_174' title='bbox 941 1354 1054 1380; x_wconf 87' lang='lat' dir='ltr'>annus</span> <span class='ocrx_word' id='word_1_175' title='bbox 1071 1344 1252 1391; x_wconf 88' lang='lat' dir='ltr'>utriusque</span> <span class='ocrx_word' id='word_1_176' title='bbox 1267 1356 1305 1380; x_wconf 70' lang='grc' dir='ltr'>ιι</span> <span class='ocrx_word' id='word_1_177' title='bbox 1321 1343 1449 1380; x_wconf 83' lang='lat' dir='ltr'>Christi</span> <span class='ocrx_word' id='word_1_178' title='bbox 1464 1346 1518 1379; x_wconf 86' lang='lat' dir='ltr'>est</span> <span class='ocrx_word' id='word_1_179' title='bbox 1534 1353 1724 1379; x_wconf 75' lang='lat' dir='ltr'>cccnxxxv.</span> 
     </span>
     <span class='ocr_line' id='line_1_20' title="bbox 174 1398 1724 1449; baseline -0.001 -14"><span class='ocrx_word' id='word_1_180' title='bbox 174 1398 330 1436; x_wconf 84' lang='lat' dir='ltr'>Gratiani</span> <span class='ocrx_word' id='word_1_181' title='bbox 341 1410 452 1436; x_wconf 88' lang='lat' dir='ltr'>annos</span> <span class='ocrx_word' id='word_1_182' title='bbox 463 1401 705 1448; x_wconf 79' lang='lat' dir='ltr'>praetermisit,</span> <span class='ocrx_word' id='word_1_183' title='bbox 717 1404 757 1437; x_wconf 90' lang='lat' dir='ltr'>ut</span> <span class='ocrx_word' id='word_1_184' title='bbox 767 1401 898 1449; x_wconf 91' lang='lat' dir='ltr'>opinor,</span> <span class='ocrx_word' id='word_1_185' title='bbox 909 1401 1083 1438; x_wconf 85' lang='lat' dir='ltr'>librarius.</span> <span class='ocrx_word' id='word_1_186' title='bbox 1097 1400 1210 1444; x_wconf 85' lang='lat' dir='ltr'>Quare</span> <span class='ocrx_word' id='word_1_187' title='bbox 1222 1401 1502 1437; x_wconf 88' lang='lat' dir='ltr'>substituendum</span> <span class='ocrx_word' id='word_1_188' title='bbox 1513 1404 1567 1436; x_wconf 88' lang='lat' dir='ltr'>est</span> <span class='ocrx_word' id='word_1_189' title='bbox 1578 1399 1631 1435; x_wconf 73' lang='grc' dir='ltr'>καὶ</span> <span class='ocrx_word' id='word_1_190' title='bbox 1639 1399 1724 1446; x_wconf 82' lang='grc' dir='ltr'>Γρα-</span> 
     </span>
     <span class='ocr_line' id='line_1_21' title="bbox 172 1454 1724 1506; baseline 0.001 -15"><span class='ocrx_word' id='word_1_191' title='bbox 172 1458 282 1492; x_wconf 79' lang='grc' dir='ltr'>τιανοῦ</span> <span class='ocrx_word' id='word_1_192' title='bbox 299 1454 432 1504; x_wconf 80' lang='grc' dir='ltr'>ὀγδόου.</span> <span class='ocrx_word' id='word_1_193' title='bbox 469 1456 655 1493; x_wconf 77' lang='lat' dir='ltr'>Gratianus</span> <span class='ocrx_word' id='word_1_194' title='bbox 670 1457 838 1506; x_wconf 87' lang='lat' dir='ltr'>Lupicino</span> <span class='ocrx_word' id='word_1_195' title='bbox 855 1462 890 1494; x_wconf 92' lang='lat' dir='ltr'>et</span> <span class='ocrx_word' id='word_1_196' title='bbox 902 1458 1022 1494; x_wconf 85' lang='lat' dir='ltr'>Iovino</span> <span class='ocrx_word' id='word_1_197' title='bbox 1040 1458 1154 1502; x_wconf 88' lang='lat' dir='ltr'>Coss.,</span> <span class='ocrx_word' id='word_1_198' title='bbox 1177 1462 1218 1494; x_wconf 93' lang='lat' dir='ltr'>ut</span> <span class='ocrx_word' id='word_1_199' title='bbox 1238 1462 1338 1496; x_wconf 90' lang='lat' dir='ltr'>autor</span> <span class='ocrx_word' id='word_1_200' title='bbox 1359 1462 1415 1494; x_wconf 88' lang='lat' dir='ltr'>est</span> <span class='ocrx_word' id='word_1_201' title='bbox 1429 1457 1590 1494; x_wconf 88' lang='lat' dir='ltr'>Socrates</span> <span class='ocrx_word' id='word_1_202' title='bbox 1604 1457 1664 1492; x_wconf 90' lang='lat' dir='ltr'>lib.</span> <span class='ocrx_word' id='word_1_203' title='bbox 1676 1468 1724 1500; x_wconf 74' lang='lat' dir='ltr'>xv,</span> 
     </span>
     <span class='ocr_line' id='line_1_22' title="bbox 174 1513 1724 1564; baseline 0 -15"><span class='ocrx_word' id='word_1_204' title='bbox 174 1524 248 1562; x_wconf 89' lang='lat' dir='ltr'>cap.</span> <span class='ocrx_word' id='word_1_205' title='bbox 261 1525 294 1557; x_wconf 92' lang='lat' dir='ltr'>x,</span> <span class='ocrx_word' id='word_1_206' title='bbox 310 1513 500 1561; x_wconf 79' lang='lat' dir='ltr'>Imperator</span> <span class='ocrx_word' id='word_1_207' title='bbox 513 1518 547 1550; x_wconf 90' lang='lat' dir='ltr'>et</span> <span class='ocrx_word' id='word_1_208' title='bbox 557 1514 735 1562; x_wconf 86' lang='lat' dir='ltr'>Augustus</span> <span class='ocrx_word' id='word_1_209' title='bbox 751 1526 774 1551; x_wconf 86' lang='lat' dir='ltr'>a</span> <span class='ocrx_word' id='word_1_210' title='bbox 787 1518 885 1564; x_wconf 88' lang='lat' dir='ltr'>patre</span> <span class='ocrx_word' id='word_1_211' title='bbox 899 1516 1120 1552; x_wconf 79' lang='lat' dir='ltr'>renunciatus</span> <span class='ocrx_word' id='word_1_212' title='bbox 1133 1519 1196 1560; x_wconf 86' lang='lat' dir='ltr'>est,</span> <span class='ocrx_word' id='word_1_213' title='bbox 1211 1527 1304 1552; x_wconf 86' lang='lat' dir='ltr'>anno</span> <span class='ocrx_word' id='word_1_214' title='bbox 1318 1515 1445 1552; x_wconf 85' lang='lat' dir='ltr'>Christi</span> <span class='ocrx_word' id='word_1_215' title='bbox 1457 1526 1635 1552; x_wconf 76' lang='lat' dir='ltr'>cccnxvu.</span> <span class='ocrx_word' id='word_1_216' title='bbox 1657 1514 1724 1550; x_wconf 85' lang='lat' dir='ltr'>Ita·</span> 
     </span>
     <span class='ocr_line' id='line_1_23' title="bbox 174 1570 1725 1618; baseline 0 -12"><span class='ocrx_word' id='word_1_217' title='bbox 174 1582 240 1618; x_wconf 87' lang='lat' dir='ltr'>que</span> <span class='ocrx_word' id='word_1_218' title='bbox 251 1570 691 1608; x_wconf 85' lang='lat' dir='ltr'>undecimusValentiniani</span> <span class='ocrx_word' id='word_1_219' title='bbox 703 1571 898 1608; x_wconf 82' lang='lat' dir='ltr'>etValentis</span> <span class='ocrx_word' id='word_1_220' title='bbox 910 1575 964 1608; x_wconf 86' lang='lat' dir='ltr'>est</span> <span class='ocrx_word' id='word_1_221' title='bbox 973 1572 1130 1609; x_wconf 90' lang='lat' dir='ltr'>Gratiani</span> <span class='ocrx_word' id='word_1_222' title='bbox 1139 1577 1290 1609; x_wconf 88' lang='lat' dir='ltr'>octavus.</span> <span class='ocrx_word' id='word_1_223' title='bbox 1307 1573 1348 1610; x_wconf 92' lang='lat' dir='ltr'>In</span> <span class='ocrx_word' id='word_1_224' title='bbox 1355 1571 1637 1610; x_wconf 73' lang='lat' dir='ltr'>Manichaeorum</span> <span class='ocrx_word' id='word_1_225' title='bbox 1644 1571 1725 1607; x_wconf 85' lang='lat' dir='ltr'>hae·</span> 
     </span>
     <span class='ocr_line' id='line_1_24' title="bbox 173 1628 1726 1678; baseline 0.001 -15"><span class='ocrx_word' id='word_1_226' title='bbox 173 1629 241 1664; x_wconf 90' lang='lat' dir='ltr'>resi</span> <span class='ocrx_word' id='word_1_227' title='bbox 252 1640 346 1672; x_wconf 70' lang='lat' dir='ltr'>nxvx,</span> <span class='ocrx_word' id='word_1_228' title='bbox 362 1640 396 1664; x_wconf 89' lang='lat' dir='ltr'>n.</span> <span class='ocrx_word' id='word_1_229' title='bbox 404 1641 463 1672; x_wconf 87' lang='lat' dir='ltr'>xx,</span> <span class='ocrx_word' id='word_1_230' title='bbox 476 1639 586 1666; x_wconf 89' lang='lat' dir='ltr'>annos</span> <span class='ocrx_word' id='word_1_231' title='bbox 601 1628 759 1666; x_wconf 84' lang='lat' dir='ltr'>Gratiani</span> <span class='ocrx_word' id='word_1_232' title='bbox 770 1634 1028 1666; x_wconf 85' lang='lat' dir='ltr'>commemorat.</span> <span class='ocrx_word' id='word_1_233' title='bbox 1051 1629 1163 1674; x_wconf 85' lang='lat' dir='ltr'>Quem</span> <span class='ocrx_word' id='word_1_234' title='bbox 1174 1630 1339 1667; x_wconf 87' lang='lat' dir='ltr'>inlocum</span> <span class='ocrx_word' id='word_1_235' title='bbox 1351 1634 1487 1678; x_wconf 84' lang='lat' dir='ltr'>caetera</span> <span class='ocrx_word' id='word_1_236' title='bbox 1498 1640 1726 1666; x_wconf 86' lang='lat' dir='ltr'>reservamus.</span> 
     </span>
    </p>

    <p class='ocr_par' dir='ltr' id='par_1_9' title="bbox 174 1683 1725 1904">
     <span class='ocr_line' id='line_1_25' title="bbox 262 1683 1723 1738; baseline 0.002 -18"><span class='ocrx_word' id='word_1_237' title='bbox 262 1683 332 1720; x_wconf 81' lang='grc' dir='ltr'>Οόκ</span> <span class='ocrx_word' id='word_1_238' title='bbox 348 1683 430 1720; x_wconf 69' lang='grc' dir='ltr'>ἀθεεὶ</span> <span class='ocrx_word' id='word_1_239' title='bbox 446 1685 768 1738; x_wconf 48' lang='lat' dir='ltr'>{nonadecima}</span> <span class='ocrx_word' id='word_1_240' title='bbox 802 1686 866 1723; x_wconf 88' lang='lat' dir='ltr'>Hic</span> <span class='ocrx_word' id='word_1_241' title='bbox 882 1687 1104 1724; x_wconf 74' lang='lat' dir='ltr'>coniecturae</span> <span class='ocrx_word' id='word_1_242' title='bbox 1113 1688 1211 1724; x_wconf 87' lang='lat' dir='ltr'>locus</span> <span class='ocrx_word' id='word_1_243' title='bbox 1227 1691 1296 1732; x_wconf 87' lang='lat' dir='ltr'>est,</span> <span class='ocrx_word' id='word_1_244' title='bbox 1319 1698 1403 1723; x_wconf 88' lang='lat' dir='ltr'>nam</span> <span class='ocrx_word' id='word_1_245' title='bbox 1418 1687 1460 1723; x_wconf 93' lang='lat' dir='ltr'>de</span> <span class='ocrx_word' id='word_1_246' title='bbox 1475 1687 1559 1723; x_wconf 85' lang='lat' dir='ltr'>vitio</span> <span class='ocrx_word' id='word_1_247' title='bbox 1575 1690 1723 1723; x_wconf 89' lang='lat' dir='ltr'>constat.</span> 
     </span>
     <span class='ocr_line' id='line_1_26' title="bbox 175 1742 1725 1792; baseline 0 -14"><span class='ocrx_word' id='word_1_248' title='bbox 175 1742 294 1778; x_wconf 83' lang='lat' dir='ltr'>Scribe</span> <span class='ocrx_word' id='word_1_249' title='bbox 311 1742 533 1787; x_wconf 71' lang='grc' dir='ltr'>διασιωπήσας</span> <span class='ocrx_word' id='word_1_250' title='bbox 549 1743 605 1784; x_wconf 75' lang='grc' dir='ltr'>τὰς</span> <span class='ocrx_word' id='word_1_251' title='bbox 623 1743 766 1791; x_wconf 76' lang='grc' dir='ltr'>ψήφους,</span> <span class='ocrx_word' id='word_1_252' title='bbox 798 1747 834 1780; x_wconf 82' lang='grc' dir='ltr'>οι</span> <span class='ocrx_word' id='word_1_253' title='bbox 854 1743 930 1779; x_wconf 79' lang='grc' dir='ltr'>εἵσω</span> <span class='ocrx_word' id='word_1_254' title='bbox 954 1744 1135 1792; x_wconf 79' lang='grc' dir='ltr'>παρελθεῖν.</span> <span class='ocrx_word' id='word_1_255' title='bbox 1174 1745 1257 1782; x_wconf 83' lang='lat' dir='ltr'>Vel:</span> <span class='ocrx_word' id='word_1_256' title='bbox 1288 1745 1488 1790; x_wconf 78' lang='grc' dir='ltr'>διεσκόπησα</span> <span class='ocrx_word' id='word_1_257' title='bbox 1508 1743 1564 1786; x_wconf 73' lang='grc' dir='ltr'>τὰς</span> <span class='ocrx_word' id='word_1_258' title='bbox 1588 1744 1725 1791; x_wconf 73' lang='grc' dir='ltr'>ψήφους,</span> 
     </span>
     <span class='ocr_line' id='line_1_27' title="bbox 174 1798 1725 1850; baseline 0.002 -16"><span class='ocrx_word' id='word_1_259' title='bbox 174 1803 210 1835; x_wconf 82' lang='grc' dir='ltr'>οι</span> <span class='ocrx_word' id='word_1_260' title='bbox 230 1799 448 1835; x_wconf 90' lang='lat' dir='ltr'>retinendum</span> <span class='ocrx_word' id='word_1_261' title='bbox 471 1798 512 1841; x_wconf 81' lang='grc' dir='ltr'>εἰς</span> <span class='ocrx_word' id='word_1_262' title='bbox 529 1798 558 1836; x_wconf 75' lang='grc' dir='ltr'>ὃ.</span> <span class='ocrx_word' id='word_1_263' title='bbox 594 1799 682 1836; x_wconf 89' lang='lat' dir='ltr'>Cum</span> <span class='ocrx_word' id='word_1_264' title='bbox 703 1801 747 1836; x_wconf 90' lang='lat' dir='ltr'>ad</span> <span class='ocrx_word' id='word_1_265' title='bbox 768 1805 969 1848; x_wconf 88' lang='lat' dir='ltr'>susceptum</span> <span class='ocrx_word' id='word_1_266' title='bbox 991 1814 1078 1850; x_wconf 89' lang='lat' dir='ltr'>opus</span> <span class='ocrx_word' id='word_1_267' title='bbox 1102 1801 1377 1850; x_wconf 82' lang='lat' dir='ltr'>aggrediendum</span> <span class='ocrx_word' id='word_1_268' title='bbox 1397 1801 1648 1839; x_wconf 82' lang='lat' dir='ltr'>consentientia</span> <span class='ocrx_word' id='word_1_269' title='bbox 1667 1812 1725 1838; x_wconf 87' lang='lat' dir='ltr'>ve-</span> 
     </span>
     <span class='ocr_line' id='line_1_28' title="bbox 174 1855 818 1904; baseline 0.003 -12"><span class='ocrx_word' id='word_1_270' title='bbox 174 1859 286 1892; x_wconf 82' lang='lat' dir='ltr'>strum</span> <span class='ocrx_word' id='word_1_271' title='bbox 301 1857 456 1893; x_wconf 91' lang='lat' dir='ltr'>omnium</span> <span class='ocrx_word' id='word_1_272' title='bbox 472 1855 640 1904; x_wconf 77' lang='lat' dir='ltr'>suffragia</span> <span class='ocrx_word' id='word_1_273' title='bbox 654 1858 818 1895; x_wconf 88' lang='lat' dir='ltr'>viderem.</span> 
     </span>
    </p>

    <p class='ocr_par' dir='ltr' id='par_1_10' title="bbox 172 1912 1726 2193">
     <span class='ocr_line' id='line_1_29' title="bbox 262 1912 1725 1964; baseline 0.003 -16"><span class='ocrx_word' id='word_1_274' title='bbox 262 1912 305 1950; x_wconf 90' lang='lat' dir='ltr'>N.</span> <span class='ocrx_word' id='word_1_275' title='bbox 321 1926 374 1950; x_wconf 86' lang='lat' dir='ltr'>m.</span> <span class='ocrx_word' id='word_1_276' title='bbox 397 1912 570 1961; x_wconf 82' lang='grc' dir='ltr'>Πάμφιλός</span> <span class='ocrx_word' id='word_1_277' title='bbox 586 1915 645 1962; x_wconf 61' lang='grc' dir='ltr'>τε]</span> <span class='ocrx_word' id='word_1_278' title='bbox 681 1915 745 1950; x_wconf 82' lang='lat' dir='ltr'>Rei</span> <span class='ocrx_word' id='word_1_279' title='bbox 759 1914 939 1952; x_wconf 84' lang='lat' dir='ltr'>herbariae</span> <span class='ocrx_word' id='word_1_280' title='bbox 954 1917 1137 1964; x_wconf 85' lang='lat' dir='ltr'>scriptores</span> <span class='ocrx_word' id='word_1_281' title='bbox 1154 1917 1286 1964; x_wconf 78' lang='lat' dir='ltr'>aliquot</span> <span class='ocrx_word' id='word_1_282' title='bbox 1300 1921 1474 1960; x_wconf 85' lang='lat' dir='ltr'>recenset,</span> <span class='ocrx_word' id='word_1_283' title='bbox 1490 1928 1639 1964; x_wconf 90' lang='lat' dir='ltr'>quorum</span> <span class='ocrx_word' id='word_1_284' title='bbox 1654 1916 1725 1964; x_wconf 87' lang='lat' dir='ltr'>ple·</span> 
     </span>
     <span class='ocr_line' id='line_1_30' title="bbox 172 1969 1725 2023; baseline 0.003 -18"><span class='ocrx_word' id='word_1_285' title='bbox 172 1981 299 2018; x_wconf 83' lang='lat' dir='ltr'>rosque</span> <span class='ocrx_word' id='word_1_286' title='bbox 313 1969 533 2007; x_wconf 87' lang='lat' dir='ltr'>Dioscorides</span> <span class='ocrx_word' id='word_1_287' title='bbox 548 1971 586 2007; x_wconf 90' lang='lat' dir='ltr'>in</span> <span class='ocrx_word' id='word_1_288' title='bbox 600 1971 816 2008; x_wconf 77' lang='lat' dir='ltr'>Praefatioue</span> <span class='ocrx_word' id='word_1_289' title='bbox 832 1977 1097 2017; x_wconf 86' lang='lat' dir='ltr'>commemorat,</span> <span class='ocrx_word' id='word_1_290' title='bbox 1113 1978 1148 2010; x_wconf 89' lang='lat' dir='ltr'>et</span> <span class='ocrx_word' id='word_1_291' title='bbox 1162 1974 1250 2012; x_wconf 87' lang='lat' dir='ltr'>Plin.</span> <span class='ocrx_word' id='word_1_292' title='bbox 1265 1975 1324 2011; x_wconf 87' lang='lat' dir='ltr'>lib.</span> <span class='ocrx_word' id='word_1_293' title='bbox 1337 1988 1363 2012; x_wconf 84' lang='lat'>1.</span> <span class='ocrx_word' id='word_1_294' title='bbox 1398 1974 1439 2011; x_wconf 91' lang='lat' dir='ltr'>In</span> <span class='ocrx_word' id='word_1_295' title='bbox 1454 1973 1508 2011; x_wconf 88' lang='lat' dir='ltr'>his</span> <span class='ocrx_word' id='word_1_296' title='bbox 1524 1973 1725 2023; x_wconf 86' lang='lat' dir='ltr'>Pamphilus</span> 
     </span>
     <span class='ocr_line' id='line_1_31' title="bbox 173 2027 1726 2079; baseline 0.003 -17"><span class='ocrx_word' id='word_1_297' title='bbox 173 2027 230 2063; x_wconf 90' lang='lat' dir='ltr'>ille</span> <span class='ocrx_word' id='word_1_298' title='bbox 245 2027 321 2075; x_wconf 89' lang='lat' dir='ltr'>ipse</span> <span class='ocrx_word' id='word_1_299' title='bbox 335 2027 471 2064; x_wconf 89' lang='lat' dir='ltr'>videtur</span> <span class='ocrx_word' id='word_1_300' title='bbox 485 2038 578 2072; x_wconf 87' lang='lat' dir='ltr'>esse,</span> <span class='ocrx_word' id='word_1_301' title='bbox 602 2028 643 2064; x_wconf 90' lang='lat' dir='ltr'>de</span> <span class='ocrx_word' id='word_1_302' title='bbox 667 2040 735 2077; x_wconf 90' lang='lat' dir='ltr'>quo</span> <span class='ocrx_word' id='word_1_303' title='bbox 759 2029 903 2074; x_wconf 78' lang='lat' dir='ltr'>Snidas3</span> <span class='ocrx_word' id='word_1_304' title='bbox 927 2031 987 2078; x_wconf 92' lang='lat' dir='ltr'>qui</span> <span class='ocrx_word' id='word_1_305' title='bbox 1008 2031 1098 2067; x_wconf 86' lang='lat' dir='ltr'>inter</span> <span class='ocrx_word' id='word_1_306' title='bbox 1113 2035 1250 2069; x_wconf 88' lang='lat' dir='ltr'>caetera</span> <span class='ocrx_word' id='word_1_307' title='bbox 1266 2031 1517 2079; x_wconf 81' lang='lat' dir='ltr'>Georgicorum</span> <span class='ocrx_word' id='word_1_308' title='bbox 1531 2036 1602 2069; x_wconf 87' lang='lat' dir='ltr'>tres</span> <span class='ocrx_word' id='word_1_309' title='bbox 1617 2033 1726 2068; x_wconf 90' lang='lat' dir='ltr'>libros</span> 
     </span>
     <span class='ocr_line' id='line_1_32' title="bbox 173 2084 1726 2139; baseline 0.004 -20"><span class='ocrx_word' id='word_1_310' title='bbox 173 2084 290 2128; x_wconf 85' lang='lat' dir='ltr'>edidit,</span> <span class='ocrx_word' id='word_1_311' title='bbox 306 2085 418 2133; x_wconf 87' lang='lat' dir='ltr'>patria</span> <span class='ocrx_word' id='word_1_312' title='bbox 429 2085 674 2134; x_wconf 88' lang='lat' dir='ltr'>Amphipolita,</span> <span class='ocrx_word' id='word_1_313' title='bbox 687 2087 743 2123; x_wconf 84' lang='lat' dir='ltr'>vel</span> <span class='ocrx_word' id='word_1_314' title='bbox 754 2086 948 2135; x_wconf 81' lang='lat' dir='ltr'>Sicyonius,</span> <span class='ocrx_word' id='word_1_315' title='bbox 963 2089 1020 2124; x_wconf 86' lang='lat' dir='ltr'>vel</span> <span class='ocrx_word' id='word_1_316' title='bbox 1030 2088 1236 2137; x_wconf 84' lang='lat' dir='ltr'>Nicopolita.</span> <span class='ocrx_word' id='word_1_317' title='bbox 1259 2089 1312 2126; x_wconf 76' lang='lat' dir='ltr'>Ex</span> <span class='ocrx_word' id='word_1_318' title='bbox 1326 2101 1394 2137; x_wconf 91' lang='lat' dir='ltr'>quo</span> <span class='ocrx_word' id='word_1_319' title='bbox 1410 2091 1579 2126; x_wconf 85' lang='lat' dir='ltr'>nonnulla</span> <span class='ocrx_word' id='word_1_320' title='bbox 1593 2091 1726 2139; x_wconf 87' lang='lat' dir='ltr'>passim</span> 
     </span>
     <span class='ocr_line' id='line_1_33' title="bbox 175 2142 1590 2193; baseline 0.005 -16"><span class='ocrx_word' id='word_1_321' title='bbox 175 2145 338 2190; x_wconf 83' lang='lat' dir='ltr'>excerpta</span> <span class='ocrx_word' id='word_1_322' title='bbox 350 2142 516 2189; x_wconf 84' lang='lat' dir='ltr'>leguntur</span> <span class='ocrx_word' id='word_1_323' title='bbox 530 2143 567 2179; x_wconf 87' lang='lat' dir='ltr'>in</span> <span class='ocrx_word' id='word_1_324' title='bbox 583 2142 802 2182; x_wconf 81' lang='lat' dir='ltr'>Constantini</span> <span class='ocrx_word' id='word_1_325' title='bbox 818 2143 1038 2193; x_wconf 88' lang='lat' dir='ltr'>Geoponicis.</span> <span class='ocrx_word' id='word_1_326' title='bbox 1069 2146 1231 2183; x_wconf 78' lang='lat' dir='ltr'>Meminit</span> <span class='ocrx_word' id='word_1_327' title='bbox 1246 2151 1281 2183; x_wconf 90' lang='lat' dir='ltr'>et</span> <span class='ocrx_word' id='word_1_328' title='bbox 1295 2147 1422 2183; x_wconf 88' lang='lat' dir='ltr'>alicubi</span> <span class='ocrx_word' id='word_1_329' title='bbox 1436 2147 1590 2184; x_wconf 87' lang='lat' dir='ltr'>Photius.</span> 
     </span>
    </p>

    <p class='ocr_par' dir='ltr' id='par_1_11' title="bbox 175 2198 1725 2354">
     <span class='ocr_line' id='line_1_34' title="bbox 264 2198 1725 2253; baseline 0.005 -20"><span class='ocrx_word' id='word_1_330' title='bbox 264 2198 546 2247; x_wconf 63' lang='grc' dir='ltr'>ΚαὶἯρακλείδης</span> <span class='ocrx_word' id='word_1_331' title='bbox 558 2198 576 2235; x_wconf 83' lang='grc' dir='ltr'><strong>ὃ</strong></span> <span class='ocrx_word' id='word_1_332' title='bbox 585 2200 807 2248; x_wconf 68' lang='grc' dir='ltr'>Ταραντινός]</span> <span class='ocrx_word' id='word_1_333' title='bbox 833 2202 966 2238; x_wconf 88' lang='lat' dir='ltr'>Citatur</span> <span class='ocrx_word' id='word_1_334' title='bbox 978 2214 1000 2238; x_wconf 92' lang='lat' dir='ltr'>a</span> <span class='ocrx_word' id='word_1_335' title='bbox 1013 2202 1145 2239; x_wconf 81' lang='lat' dir='ltr'>Gaiano</span> <span class='ocrx_word' id='word_1_336' title='bbox 1161 2205 1199 2239; x_wconf 90' lang='lat' dir='ltr'>in</span> <span class='ocrx_word' id='word_1_337' title='bbox 1210 2204 1307 2240; x_wconf 88' lang='lat' dir='ltr'>libris</span> <span class='ocrx_word' id='word_1_338' title='bbox 1320 2204 1361 2240; x_wconf 89' lang='lat' dir='ltr'>de</span> <span class='ocrx_word' id='word_1_339' title='bbox 1374 2204 1537 2253; x_wconf 88' lang='lat' dir='ltr'>Compos.</span> <span class='ocrx_word' id='word_1_340' title='bbox 1543 2205 1725 2240; x_wconf 83' lang='lat' dir='ltr'>Medicam.</span> 
     </span>
     <span class='ocr_line' id='line_1_35' title="bbox 176 2255 1724 2303; baseline 0.006 -14"><span class='ocrx_word' id='word_1_341' title='bbox 176 2255 259 2291; x_wconf 78' lang='grc' dir='ltr'>κατὰ</span> <span class='ocrx_word' id='word_1_342' title='bbox 282 2256 402 2296; x_wconf 82' lang='grc' dir='ltr'>τόπους</span> <span class='ocrx_word' id='word_1_343' title='bbox 427 2256 480 2291; x_wconf 68' lang='grc' dir='ltr'>καὶ</span> <span class='ocrx_word' id='word_1_344' title='bbox 503 2255 597 2303; x_wconf 74' lang='grc' dir='ltr'>γένηε</span> <span class='ocrx_word' id='word_1_345' title='bbox 625 2269 690 2294; x_wconf 89' lang='lat' dir='ltr'>nec</span> <span class='ocrx_word' id='word_1_346' title='bbox 713 2271 784 2295; x_wconf 86' lang='lat' dir='ltr'>non</span> <span class='ocrx_word' id='word_1_347' title='bbox 807 2262 842 2295; x_wconf 90' lang='lat' dir='ltr'>et</span> <span class='ocrx_word' id='word_1_348' title='bbox 864 2261 908 2296; x_wconf 92' lang='lat' dir='ltr'>ab</span> <span class='ocrx_word' id='word_1_349' title='bbox 931 2259 1109 2297; x_wconf 85' lang='lat' dir='ltr'>Athenaeo</span> <span class='ocrx_word' id='word_1_350' title='bbox 1131 2261 1192 2297; x_wconf 89' lang='lat' dir='ltr'>lib.</span> <span class='ocrx_word' id='word_1_351' title='bbox 1208 2274 1260 2299; x_wconf 90' lang='lat'>111.</span> <span class='ocrx_word' id='word_1_352' title='bbox 1282 2262 1481 2299; x_wconf 79' lang='lat' dir='ltr'>Heraclides</span> <span class='ocrx_word' id='word_1_353' title='bbox 1504 2262 1724 2299; x_wconf 86' lang='lat' dir='ltr'>Tarentinus.</span> 
     </span>
     <span class='ocr_line' id='line_1_36' title="bbox 175 2313 814 2354; baseline 0.006 -6"><span class='ocrx_word' id='word_1_354' title='bbox 175 2313 271 2349; x_wconf 86' lang='lat' dir='ltr'>Idem</span> <span class='ocrx_word' id='word_1_355' title='bbox 286 2316 321 2348; x_wconf 92' lang='lat' dir='ltr'>et</span> <span class='ocrx_word' id='word_1_356' title='bbox 334 2313 490 2349; x_wconf 88' lang='lat' dir='ltr'>Andreae</span> <span class='ocrx_word' id='word_1_357' title='bbox 505 2313 632 2350; x_wconf 87' lang='lat' dir='ltr'>medici</span> <span class='ocrx_word' id='word_1_358' title='bbox 646 2316 814 2354; x_wconf 79' lang='lat' dir='ltr'>meminit.</span> 
     </span>
    </p>

    <p class='ocr_par' dir='ltr' id='par_1_12' title="bbox 177 2369 1728 2526">
     <span class='ocr_line' id='line_1_37' title="bbox 266 2369 1728 2423; baseline 0.007 -20"><span class='ocrx_word' id='word_1_359' title='bbox 266 2370 394 2412; x_wconf 77' lang='grc' dir='ltr'>Βᾶσσος</span> <span class='ocrx_word' id='word_1_360' title='bbox 411 2369 428 2404; x_wconf 83' lang='grc' dir='ltr'><strong>ὃ</strong></span> <span class='ocrx_word' id='word_1_361' title='bbox 445 2369 589 2416; x_wconf 58' lang='grc' dir='ltr'>Τάλως]</span> <span class='ocrx_word' id='word_1_362' title='bbox 613 2371 722 2418; x_wconf 72' lang='lat' dir='ltr'>Tylus</span> <span class='ocrx_word' id='word_1_363' title='bbox 737 2373 932 2410; x_wconf 81' lang='lat' dir='ltr'>Messeniae</span> <span class='ocrx_word' id='word_1_364' title='bbox 946 2375 1049 2420; x_wconf 89' lang='lat' dir='ltr'>urbs,</span> <span class='ocrx_word' id='word_1_365' title='bbox 1065 2387 1171 2423; x_wconf 88' lang='lat' dir='ltr'>quam</span> <span class='ocrx_word' id='word_1_366' title='bbox 1186 2377 1332 2412; x_wconf 90' lang='lat' dir='ltr'>nonnuli</span> <span class='ocrx_word' id='word_1_367' title='bbox 1347 2376 1510 2423; x_wconf 81' lang='lat' dir='ltr'>Oetylum</span> <span class='ocrx_word' id='word_1_368' title='bbox 1525 2380 1662 2420; x_wconf 85' lang='lat' dir='ltr'>vocant,</span> <span class='ocrx_word' id='word_1_369' title='bbox 1678 2377 1728 2413; x_wconf 88' lang='lat' dir='ltr'>ait</span> 
     </span>
     <span class='ocr_line' id='line_1_38' title="bbox 177 2427 1726 2481; baseline 0.004 -17"><span class='ocrx_word' id='word_1_370' title='bbox 177 2427 302 2464; x_wconf 83' lang='lat' dir='ltr'>Strabo</span> <span class='ocrx_word' id='word_1_371' title='bbox 318 2427 378 2463; x_wconf 90' lang='lat' dir='ltr'>lib.</span> <span class='ocrx_word' id='word_1_372' title='bbox 391 2439 466 2465; x_wconf 84' lang='lat' dir='ltr'>vm.</span> <span class='ocrx_word' id='word_1_373' title='bbox 491 2427 560 2463; x_wconf 88' lang='lat' dir='ltr'>Sed</span> <span class='ocrx_word' id='word_1_374' title='bbox 575 2432 736 2476; x_wconf 88' lang='lat' dir='ltr'>corrupta</span> <span class='ocrx_word' id='word_1_375' title='bbox 749 2428 907 2466; x_wconf 89' lang='lat' dir='ltr'>hocloco</span> <span class='ocrx_word' id='word_1_376' title='bbox 922 2443 994 2468; x_wconf 88' lang='lat' dir='ltr'>vox</span> <span class='ocrx_word' id='word_1_377' title='bbox 1009 2436 1077 2476; x_wconf 88' lang='lat' dir='ltr'>est,</span> <span class='ocrx_word' id='word_1_378' title='bbox 1093 2433 1348 2481; x_wconf 85' lang='lat' dir='ltr'>legendumque</span> <span class='ocrx_word' id='word_1_379' title='bbox 1364 2445 1410 2469; x_wconf 87' lang='lat' dir='ltr'>ex</span> <span class='ocrx_word' id='word_1_380' title='bbox 1425 2433 1624 2471; x_wconf 87' lang='lat' dir='ltr'>Dioscoride</span> <span class='ocrx_word' id='word_1_381' title='bbox 1639 2434 1726 2470; x_wconf 83' lang='grc' dir='ltr'>Βᾶσ-</span> 
     </span>
     <span class='ocr_line' id='line_1_39' title="bbox 178 2483 430 2526; baseline -0.004 -7"><span class='ocrx_word' id='word_1_382' title='bbox 178 2496 234 2526; x_wconf 86' lang='grc' dir='ltr'>σος</span> <span class='ocrx_word' id='word_1_383' title='bbox 251 2483 269 2519; x_wconf 84' lang='grc' dir='ltr'><strong>ὃ</strong></span> <span class='ocrx_word' id='word_1_384' title='bbox 283 2483 430 2526; x_wconf 76' lang='grc' dir='ltr'>Ἰούλιος.</span> 
     </span>
    </p>

    <p class='ocr_par' dir='ltr' id='par_1_13' title="bbox 177 2541 1726 2652">
     <span class='ocr_line' id='line_1_40' title="bbox 267 2541 1726 2593; baseline 0.007 -18"><span class='ocrx_word' id='word_1_385' title='bbox 267 2541 328 2576; x_wconf 73' lang='grc' dir='ltr'>Καὶ</span> <span class='ocrx_word' id='word_1_386' title='bbox 339 2541 520 2589; x_wconf 84' lang='grc' dir='ltr'>Πετρώνιος</span> <span class='ocrx_word' id='word_1_387' title='bbox 532 2542 657 2589; x_wconf 62' lang='grc' dir='ltr'>Νίγερ]</span> <span class='ocrx_word' id='word_1_388' title='bbox 679 2543 898 2580; x_wconf 86' lang='lat' dir='ltr'>Dioscorides</span> <span class='ocrx_word' id='word_1_389' title='bbox 912 2545 1092 2583; x_wconf 74' lang='lat' dir='ltr'>Petronius</span> <span class='ocrx_word' id='word_1_390' title='bbox 1106 2547 1218 2593; x_wconf 72' lang='lat' dir='ltr'>Niqer</span> <span class='ocrx_word' id='word_1_391' title='bbox 1233 2548 1445 2584; x_wconf 85' lang='lat' dir='ltr'>coniunctim</span> <span class='ocrx_word' id='word_1_392' title='bbox 1459 2547 1580 2592; x_wconf 79' lang='lat' dir='ltr'>habet3</span> <span class='ocrx_word' id='word_1_393' title='bbox 1595 2549 1726 2585; x_wconf 86' lang='lat' dir='ltr'>Plinius</span> 
     </span>
     <span class='ocr_line' id='line_1_41' title="bbox 177 2599 1620 2652; baseline 0.006 -17"><span class='ocrx_word' id='word_1_394' title='bbox 177 2610 258 2635; x_wconf 89' lang='lat' dir='ltr'>vero</span> <span class='ocrx_word' id='word_1_395' title='bbox 274 2599 466 2634; x_wconf 74' lang='lat' dir='ltr'>Petronium</span> <span class='ocrx_word' id='word_1_396' title='bbox 482 2599 663 2635; x_wconf 72' lang='lat' dir='ltr'>Diodotum</span> <span class='ocrx_word' id='word_1_397' title='bbox 679 2601 836 2647; x_wconf 89' lang='lat' dir='ltr'>copulat,</span> <span class='ocrx_word' id='word_1_398' title='bbox 852 2603 952 2648; x_wconf 87' lang='lat' dir='ltr'>quasi</span> <span class='ocrx_word' id='word_1_399' title='bbox 967 2603 1122 2639; x_wconf 90' lang='lat' dir='ltr'>eiusdem</span> <span class='ocrx_word' id='word_1_400' title='bbox 1137 2605 1207 2639; x_wconf 90' lang='lat' dir='ltr'>sint</span> <span class='ocrx_word' id='word_1_401' title='bbox 1220 2605 1469 2652; x_wconf 86' lang='lat' dir='ltr'>appellationes</span> <span class='ocrx_word' id='word_1_402' title='bbox 1485 2606 1620 2644; x_wconf 83' lang='lat' dir='ltr'>ambae.</span> 
     </span>
    </p>

    <p class='ocr_par' dir='ltr' id='par_1_14' title="bbox 179 2654 1730 3101">
     <span class='ocr_line' id='line_1_42' title="bbox 267 2654 1728 2707; baseline 0.009 -19"><span class='ocrx_word' id='word_1_403' title='bbox 267 2655 309 2692; x_wconf 87' lang='lat' dir='ltr'>N.</span> <span class='ocrx_word' id='word_1_404' title='bbox 324 2668 371 2694; x_wconf 72' lang='grc' dir='ltr'>ιν.</span> <span class='ocrx_word' id='word_1_405' title='bbox 396 2654 438 2690; x_wconf 86' lang='grc' dir='ltr'>δι’</span> <span class='ocrx_word' id='word_1_406' title='bbox 454 2654 535 2691; x_wconf 79' lang='grc' dir='ltr'>ἐτῶν</span> <span class='ocrx_word' id='word_1_407' title='bbox 558 2657 755 2704; x_wconf 82' lang='grc' dir='ltr'>δισχιλίων.]</span> <span class='ocrx_word' id='word_1_408' title='bbox 791 2657 871 2694; x_wconf 84' lang='grc' dir='ltr'>Νοιι</span> <span class='ocrx_word' id='word_1_409' title='bbox 892 2659 1000 2706; x_wconf 82' lang='lat' dir='ltr'>igitur</span> <span class='ocrx_word' id='word_1_410' title='bbox 1021 2661 1201 2707; x_wconf 86' lang='lat' dir='ltr'>vulgatam</span> <span class='ocrx_word' id='word_1_411' title='bbox 1222 2661 1260 2696; x_wconf 87' lang='lat' dir='ltr'>in</span> <span class='ocrx_word' id='word_1_412' title='bbox 1282 2663 1409 2698; x_wconf 89' lang='lat' dir='ltr'>nostris</span> <span class='ocrx_word' id='word_1_413' title='bbox 1432 2663 1640 2700; x_wconf 89' lang='lat' dir='ltr'>editionibus</span> <span class='ocrx_word' id='word_1_414' title='bbox 1655 2677 1728 2701; x_wconf 69' lang='lat' dir='ltr'>axx</span> 
     </span>
     <span class='ocr_line' id='line_1_43' title="bbox 179 2713 1727 2768; baseline 0.007 -21"><span class='ocrx_word' id='word_1_415' title='bbox 179 2713 362 2749; x_wconf 88' lang='lat' dir='ltr'>Seniorum</span> <span class='ocrx_word' id='word_1_416' title='bbox 376 2713 546 2749; x_wconf 85' lang='lat' dir='ltr'>rationem</span> <span class='ocrx_word' id='word_1_417' title='bbox 562 2717 700 2749; x_wconf 88' lang='lat' dir='ltr'>secutus</span> <span class='ocrx_word' id='word_1_418' title='bbox 717 2718 780 2758; x_wconf 87' lang='lat' dir='ltr'>est,</span> <span class='ocrx_word' id='word_1_419' title='bbox 802 2726 972 2751; x_wconf 90' lang='lat' dir='ltr'>annorum</span> <span class='ocrx_word' id='word_1_420' title='bbox 984 2727 1145 2761; x_wconf 76' lang='lat' dir='ltr'>uccxnn,</span> <span class='ocrx_word' id='word_1_421' title='bbox 1159 2717 1220 2753; x_wconf 90' lang='lat' dir='ltr'>sed</span> <span class='ocrx_word' id='word_1_422' title='bbox 1235 2719 1442 2766; x_wconf 73' lang='lat' dir='ltr'>castigatam</span> <span class='ocrx_word' id='word_1_423' title='bbox 1457 2731 1498 2756; x_wconf 86' lang='lat' dir='ltr'>ac</span> <span class='ocrx_word' id='word_1_424' title='bbox 1512 2732 1727 2768; x_wconf 86' lang='lat' dir='ltr'>germanam,</span> 
     </span>
     <span class='ocr_line' id='line_1_44' title="bbox 180 2769 1730 2826; baseline 0.007 -22"><span class='ocrx_word' id='word_1_425' title='bbox 180 2780 268 2816; x_wconf 88' lang='lat' dir='ltr'>quae</span> <span class='ocrx_word' id='word_1_426' title='bbox 284 2769 327 2805; x_wconf 90' lang='lat' dir='ltr'>ad</span> <span class='ocrx_word' id='word_1_427' title='bbox 341 2769 492 2818; x_wconf 86' lang='lat' dir='ltr'>priorem</span> <span class='ocrx_word' id='word_1_428' title='bbox 507 2781 619 2807; x_wconf 88' lang='lat' dir='ltr'>annos</span> <span class='ocrx_word' id='word_1_429' title='bbox 636 2770 731 2806; x_wconf 89' lang='lat' dir='ltr'>addit</span> <span class='ocrx_word' id='word_1_430' title='bbox 746 2784 804 2808; x_wconf 88' lang='lat' dir='ltr'>xx.</span> <span class='ocrx_word' id='word_1_431' title='bbox 828 2773 962 2820; x_wconf 82' lang='lat' dir='ltr'>Magna</span> <span class='ocrx_word' id='word_1_432' title='bbox 975 2774 1047 2809; x_wconf 88' lang='lat' dir='ltr'>iam</span> <span class='ocrx_word' id='word_1_433' title='bbox 1060 2777 1135 2810; x_wconf 88' lang='lat' dir='ltr'>tum</span> <span class='ocrx_word' id='word_1_434' title='bbox 1152 2775 1235 2811; x_wconf 92' lang='lat' dir='ltr'>olim</span> <span class='ocrx_word' id='word_1_435' title='bbox 1253 2775 1463 2814; x_wconf 85' lang='lat' dir='ltr'>Graecorum</span> <span class='ocrx_word' id='word_1_436' title='bbox 1477 2779 1730 2826; x_wconf 87' lang='lat' dir='ltr'>exemplarium</span> 
     </span>
     <span class='ocr_line' id='line_1_45' title="bbox 179 2826 1726 2883; baseline 0.007 -21"><span class='ocrx_word' id='word_1_437' title='bbox 179 2838 251 2862; x_wconf 90' lang='lat' dir='ltr'>non</span> <span class='ocrx_word' id='word_1_438' title='bbox 266 2837 344 2863; x_wconf 87' lang='lat' dir='ltr'>cum</span> <span class='ocrx_word' id='word_1_439' title='bbox 358 2826 525 2863; x_wconf 85' lang='lat' dir='ltr'>Hebraeis</span> <span class='ocrx_word' id='word_1_440' title='bbox 540 2827 743 2875; x_wconf 87' lang='lat' dir='ltr'>Latinisque</span> <span class='ocrx_word' id='word_1_441' title='bbox 758 2829 878 2872; x_wconf 91' lang='lat' dir='ltr'>modo,</span> <span class='ocrx_word' id='word_1_442' title='bbox 903 2829 964 2865; x_wconf 89' lang='lat' dir='ltr'>sed</span> <span class='ocrx_word' id='word_1_443' title='bbox 979 2841 1098 2866; x_wconf 86' lang='lat' dir='ltr'>secum</span> <span class='ocrx_word' id='word_1_444' title='bbox 1119 2832 1224 2867; x_wconf 88' lang='lat' dir='ltr'>etiam</span> <span class='ocrx_word' id='word_1_445' title='bbox 1246 2832 1415 2870; x_wconf 84' lang='lat' dir='ltr'>discordia</span> <span class='ocrx_word' id='word_1_446' title='bbox 1436 2835 1514 2871; x_wconf 77' lang='lat' dir='ltr'>fuit.</span> <span class='ocrx_word' id='word_1_447' title='bbox 1551 2835 1603 2872; x_wconf 93' lang='lat' dir='ltr'>De</span> <span class='ocrx_word' id='word_1_448' title='bbox 1617 2838 1726 2883; x_wconf 88' lang='lat' dir='ltr'>priori</span> 
     </span>
     <span class='ocr_line' id='line_1_46' title="bbox 182 2883 1728 2941; baseline 0.008 -23"><span class='ocrx_word' id='word_1_449' title='bbox 182 2883 319 2919; x_wconf 87' lang='lat' dir='ltr'>disserit</span> <span class='ocrx_word' id='word_1_450' title='bbox 333 2884 550 2932; x_wconf 80' lang='lat' dir='ltr'>Augustinus</span> <span class='ocrx_word' id='word_1_451' title='bbox 565 2885 640 2922; x_wconf 90' lang='lat' dir='ltr'>Lib.</span> <span class='ocrx_word' id='word_1_452' title='bbox 658 2886 699 2921; x_wconf 92' lang='lat' dir='ltr'>de</span> <span class='ocrx_word' id='word_1_453' title='bbox 716 2885 816 2921; x_wconf 89' lang='lat' dir='ltr'>Civit.</span> <span class='ocrx_word' id='word_1_454' title='bbox 832 2887 888 2922; x_wconf 88' lang='lat' dir='ltr'>dei</span> <span class='ocrx_word' id='word_1_455' title='bbox 902 2899 959 2930; x_wconf 89' lang='lat' dir='ltr'>xv,</span> <span class='ocrx_word' id='word_1_456' title='bbox 975 2898 1051 2935; x_wconf 89' lang='lat' dir='ltr'>cap.</span> <span class='ocrx_word' id='word_1_457' title='bbox 1067 2900 1145 2926; x_wconf 87' lang='lat' dir='ltr'>xm.</span> <span class='ocrx_word' id='word_1_458' title='bbox 1168 2889 1307 2927; x_wconf 83' lang='lat' dir='ltr'>Hieron.</span> <span class='ocrx_word' id='word_1_459' title='bbox 1324 2890 1464 2934; x_wconf 82' lang='lat' dir='ltr'>Quaest.</span> <span class='ocrx_word' id='word_1_460' title='bbox 1479 2893 1584 2929; x_wconf 88' lang='lat' dir='ltr'>Hebr.</span> <span class='ocrx_word' id='word_1_461' title='bbox 1600 2894 1728 2941; x_wconf 84' lang='lat' dir='ltr'>aliique</span> 
     </span>
     <span class='ocr_line' id='line_1_47' title="bbox 180 2940 1727 2996; baseline 0.008 -20"><span class='ocrx_word' id='word_1_462' title='bbox 180 2940 334 2976; x_wconf 82' lang='lat' dir='ltr'>maxime</span> <span class='ocrx_word' id='word_1_463' title='bbox 349 2942 565 2978; x_wconf 83' lang='lat' dir='ltr'>recentiores.</span> <span class='ocrx_word' id='word_1_464' title='bbox 600 2942 652 2978; x_wconf 90' lang='lat' dir='ltr'>De</span> <span class='ocrx_word' id='word_1_465' title='bbox 667 2943 850 2990; x_wconf 87' lang='lat' dir='ltr'>posteriori</span> <span class='ocrx_word' id='word_1_466' title='bbox 863 2943 941 2978; x_wconf 89' lang='lat' dir='ltr'>vide</span> <span class='ocrx_word' id='word_1_467' title='bbox 956 2943 1100 2984; x_wconf 68' lang='lat' dir='ltr'>Eusebii</span> <span class='ocrx_word' id='word_1_468' title='bbox 1112 2950 1278 2994; x_wconf 56' lang='lat' dir='ltr'>excerpta</span> <span class='ocrx_word' id='word_1_469' title='bbox 1288 2946 1547 2996; x_wconf 84' lang='lat' dir='ltr'>chronologica,</span> <span class='ocrx_word' id='word_1_470' title='bbox 1562 2951 1623 2987; x_wconf 90' lang='lat' dir='ltr'>ubi</span> <span class='ocrx_word' id='word_1_471' title='bbox 1633 2952 1727 2987; x_wconf 84' lang='lat' dir='ltr'>varie</span> 
     </span>
     <span class='ocr_line' id='line_1_48' title="bbox 181 2999 1726 3054; baseline 0.008 -21"><span class='ocrx_word' id='word_1_472' title='bbox 181 3003 352 3034; x_wconf 78' lang='lat' dir='ltr'>annorum</span> <span class='ocrx_word' id='word_1_473' title='bbox 367 3010 504 3034; x_wconf 90' lang='lat' dir='ltr'>summa</span> <span class='ocrx_word' id='word_1_474' title='bbox 519 2999 721 3047; x_wconf 83' lang='lat' dir='ltr'>concipitur.</span> <span class='ocrx_word' id='word_1_475' title='bbox 761 3000 810 3035; x_wconf 89' lang='lat' dir='ltr'>Ac</span> <span class='ocrx_word' id='word_1_476' title='bbox 831 3003 971 3047; x_wconf 89' lang='lat' dir='ltr'>propter</span> <span class='ocrx_word' id='word_1_477' title='bbox 985 3001 1174 3038; x_wconf 87' lang='lat' dir='ltr'>immanem</span> <span class='ocrx_word' id='word_1_478' title='bbox 1187 3004 1452 3051; x_wconf 86' lang='lat' dir='ltr'>absurditatem,</span> <span class='ocrx_word' id='word_1_479' title='bbox 1475 3018 1563 3054; x_wconf 89' lang='lat' dir='ltr'>quae</span> <span class='ocrx_word' id='word_1_480' title='bbox 1586 3019 1632 3044; x_wconf 83' lang='lat' dir='ltr'>ex</span> <span class='ocrx_word' id='word_1_481' title='bbox 1650 3010 1726 3044; x_wconf 82' lang='lat' dir='ltr'>Ma-</span> 
     </span>
     <span class='ocr_line' id='line_1_49' title="bbox 182 3053 1726 3101; baseline 0.007 -11"><span class='ocrx_word' id='word_1_482' title='bbox 182 3053 352 3091; x_wconf 86' lang='lat' dir='ltr'>thusalem</span> <span class='ocrx_word' id='word_1_483' title='bbox 365 3056 466 3092; x_wconf 87' lang='lat' dir='ltr'>annis</span> <span class='ocrx_word' id='word_1_484' title='bbox 482 3056 600 3100; x_wconf 78' lang='lat' dir='ltr'>oritur,</span> <span class='ocrx_word' id='word_1_485' title='bbox 622 3058 758 3093; x_wconf 83' lang='lat' dir='ltr'>animus</span> <span class='ocrx_word' id='word_1_486' title='bbox 781 3061 834 3092; x_wconf 88' lang='lat' dir='ltr'>est</span> <span class='ocrx_word' id='word_1_487' title='bbox 849 3058 893 3093; x_wconf 90' lang='lat' dir='ltr'>ad</span> <span class='ocrx_word' id='word_1_488' title='bbox 907 3069 1130 3096; x_wconf 85' lang='lat' dir='ltr'>numerorum</span> <span class='ocrx_word' id='word_1_489' title='bbox 1144 3061 1419 3099; x_wconf 87' lang='lat' dir='ltr'>emendationem</span> <span class='ocrx_word' id='word_1_490' title='bbox 1435 3063 1598 3100; x_wconf 88' lang='lat' dir='ltr'>adiectus.</span> <span class='ocrx_word' id='word_1_491' title='bbox 1636 3065 1726 3101; x_wconf 85' lang='lat' dir='ltr'>Nam</span> 
     </span>
    </p>
   </div>
  </div>
 </body>
</html>
