2008 3294
196 2318 222 2343 ρ.
238 2312 295 2338 ιιι.

329 257 357 294 G

329 360 534 407 ἆπορητικῶς
550 361 728 405 sumptum
743 367 935 405 paucorum
950 359 1087 393 tantum
1103 357 1252 399 dierum,
1269 358 1330 391 aut
1344 355 1447 391 unius
1464 355 1607 398 mensis,
1622 355 1693 390 imo
1711 354 1794 390 anni
1809 354 1878 389 dis-

328 418 458 452 crimen
471 416 564 451 facit.
587 414 657 451 Sed
669 415 729 461 qui
742 414 862 462 paucis
877 414 978 450 annis
992 414 1084 450 infra
1098 418 1160 449 aut
1174 423 1280 460 supra
1299 422 1484 448 numerum
1506 412 1680 455 consistit,
1705 409 1778 452 ὡςεὶ
1788 409 1878 459 τριά-

329 486 428 509 κοντα
443 471 524 507 ἐτῶν
541 472 610 508 dici
623 475 755 519 potest,
769 474 811 507 ut
823 471 1038 519 Epiphanius
1053 471 1181 519 alicubi
1196 470 1360 517 disputat.

418 529 518 572 Quod
532 530 649 576 ipsum
662 529 830 576 Keplerus
846 540 920 576 cap.
934 540 1012 565 xm.
1033 528 1173 564 alterius
1194 527 1264 562 loci
1286 527 1544 574 comparatione
1566 525 1698 562 erudite
1718 525 1878 562 declarat.

327 587 417 624 Nam
437 598 518 623 cum
532 586 657 623 Matth.
673 598 745 622 xvi.
767 586 935 633 scriptum
958 586 1020 629 sit,
1042 589 1124 632 post
1142 585 1342 620 institutum
1364 595 1386 619 a
1408 584 1548 620 domino
1571 593 1784 626 sermonem,
1807 581 1877 629 μεθ’

326 644 447 691 ἡμέρας
460 643 495 684 ἕξ
505 643 792 690 transfiguratum
807 654 884 679 esse
893 669 903 687 ‚
917 642 1030 679 Lucas
1047 642 1192 678 eandem
1203 641 1384 677 historiam
1400 652 1579 688 exponens
1596 651 1670 688 cap.
1683 653 1732 676 rx.
1749 639 1784 675 id
1798 643 1880 687 post

327 701 401 736 dies
417 698 489 742 ὧςέι
506 697 595 735 ὀκτὼ
611 701 656 736 ab
670 701 731 736 illo
745 700 822 747 ipso
843 711 1002 738 sermone
1022 699 1154 735 factum
1177 710 1253 735 esse
1273 702 1403 734 narrat.
1433 698 1502 734 Ubi
1523 698 1645 734 eadem
1668 695 1741 738 ὧςεὶ
1754 697 1880 733 vocula

326 769 411 794 usus
436 761 504 801 est,
528 769 608 794 cum
631 757 676 793 ad
689 768 811 794 verum
831 768 1016 793 numerum
1032 756 1194 800 biduum,
1215 756 1282 792 hoc
1305 758 1360 791 est
1380 756 1519 791 tertiam
1531 758 1667 802 partem
1681 753 1879 790 addidisset.

325 815 374 852 At
385 816 494 852 instat
509 815 677 862 Scaliger.
708 814 754 850 Et
763 814 905 857 Nulhw,
920 814 1050 862 inquit,
1069 814 1446 859 Graeciemuepatiture
1462 811 1530 859 ἐγὼ
1546 810 1692 859 ἄρχομαι
1706 810 1880 858 τριάκοντα

327 871 422 919 ἐτῶν,
441 885 509 919 pro
532 869 679 919 ἄρχομαι
699 874 759 906 τοῦ
776 874 974 919 τριακοοτοῦ
996 869 1096 911 ἔτους.
1129 872 1225 906 Iesus
1240 866 1280 915 ἦν
1299 868 1472 918 τριάκοντα
1487 867 1568 904 ἐτῶν
1585 875 1650 905 toto
1666 881 1755 904 anno
1770 880 1880 911 xxxr.,

326 931 388 967 sod
404 931 555 966 absoluto
576 931 743 966 vicesimo
763 931 879 964 statim
903 929 1082 964 dicebatur
1104 926 1262 975 ἄρχεσθαι
1285 927 1332 962 ὢν
1353 925 1526 974 τριάκοντα
1556 925 1649 963 ἐτῶν.
1697 926 1778 961 Non
1793 927 1880 961 enim

326 986 519 1033 inicuiqunt
526 988 756 1033 participium
771 984 818 1020 ὤν
834 989 974 1022 tacitum
979 1012 990 1029 ,
1013 987 1100 1032 quod
1119 988 1272 1021 omissum
1296 990 1346 1019 est
1365 997 1405 1020 ne
1427 989 1614 1031 repetatur,
1630 979 1670 1027 ἦν
1686 980 1879 1031 ἀρχόμενος,

325 1045 367 1080 id
379 1050 431 1080 eet
442 1043 574 1091 ἤρχετο.
605 1043 698 1080 Haec
713 1043 783 1079 ille.
813 1043 875 1080 Vis
892 1046 946 1079 est
959 1043 1067 1090 igitur
1083 1043 1196 1078 omnis
1213 1043 1250 1078 iu
1264 1042 1435 1078 vocabulo
1450 1042 1535 1084 isto,
1551 1039 1733 1088 ἀρχόμενος
1747 1040 1879 1087 posita3

327 1101 420 1148 quod
440 1101 486 1137 ad
504 1101 645 1138 initium
664 1101 787 1136 aetatis
807 1100 1012 1136 tricenariae
1032 1099 1186 1135 referunt
1208 1110 1340 1135 omnes.
1383 1099 1453 1135 Sed
1476 1098 1640 1134 Onufrius
1660 1109 1748 1134 xxrx
1769 1107 1879 1133 annos

327 1159 483 1194 evolutos
505 1169 545 1194 ac
560 1168 690 1205 paucos
702 1157 776 1194 dies
787 1157 961 1194 tricesimo
973 1157 1100 1193 libatos
1116 1157 1312 1200 existimat,
1334 1156 1437 1203 quasi
1458 1155 1552 1191 istud
1567 1155 1615 1191 sit
1629 1152 1787 1202 ἄρχεσθαι
1802 1149 1880 1189 εἶναι

327 1213 399 1256 ὧςεὶ
414 1214 496 1250 ἐτῶν
512 1215 544 1250 λ.
573 1215 729 1261 Scaliger
743 1218 852 1262 negat
865 1215 1011 1262 probam
1027 1225 1104 1250 esse
1118 1214 1345 1257 locutionem,
1360 1213 1429 1258 nisi
1443 1213 1588 1259 triginta
1601 1212 1674 1248 iam
1688 1212 1773 1248 anni
1786 1222 1881 1248 eom-

326 1273 411 1319 pleti
426 1273 507 1308 sint.
537 1271 626 1308 Mihi
640 1283 740 1315 vero,
761 1275 801 1307 ut
820 1272 972 1318 ingenue
988 1271 1101 1307 dicam
1125 1271 1217 1318 quod
1232 1271 1360 1314 sentio,
1382 1270 1452 1306 alia
1466 1270 1519 1305 vis
1534 1280 1611 1306 esse
1627 1269 1762 1305 videtur
1775 1269 1881 1316 parti-

326 1330 408 1376 cipii
421 1330 533 1372 illius,
550 1339 656 1375 quam
670 1332 711 1364 ut
724 1328 926 1364 inchoatum
941 1331 1002 1364 aut
1019 1329 1198 1375 expletum
1211 1327 1436 1363 tricenarium
1450 1327 1672 1363 demonstret.
1694 1326 1785 1363 Nam
1800 1337 1881 1363 cum

327 1387 499 1434 particula
520 1384 610 1432 ὦςεὶ,
632 1389 793 1433 utsupra
808 1385 1021 1421 deciaratum
1037 1389 1108 1429 est,
1129 1384 1343 1421 diminuendi
1357 1385 1412 1421 vel
1431 1383 1612 1421 dubitandi
1625 1383 1806 1420 notionem
1819 1382 1881 1420 ha-

327 1444 423 1487 beat,
447 1444 525 1490 quis
548 1447 601 1479 est
622 1444 683 1490 qui
706 1443 886 1490 scripsisse
901 1442 1034 1478 Lucam
1048 1445 1164 1489 putet:
1196 1442 1393 1488 Ince'piebat
1406 1453 1476 1478 esse
1491 1442 1681 1487 Iesus-plus
1695 1443 1808 1476 minue
1819 1453 1882 1477 απ-

327 1514 443 1539 norum
460 1502 628 1546 trt'yinta3
656 1500 731 1536 Hoc
754 1500 848 1535 enim
869 1502 960 1535 esset
982 1499 1027 1535 ad
1047 1499 1221 1535 infinitam
1235 1499 1442 1546 particulam
1461 1498 1638 1535 infinitum
1652 1498 1800 1535 verbum
1821 1497 1881 1534 ad-

326 1559 446 1602 iicere,
462 1569 541 1594 cum
556 1561 629 1593 tam
645 1556 717 1597 ὡςεὶ
745 1567 851 1605 quam
873 1554 1056 1604 ἀρχόμενος
1076 1556 1252 1592 infinitam
1266 1556 1478 1603 minimeque
1495 1555 1758 1592 determinatam
1772 1555 1882 1602 signi·
1907 1559 1921 1571 '¹

326 1615 525 1652 ficationem
547 1614 709 1651 habeant.
761 1613 883 1651 Placet
901 1614 1009 1660 igitur
1031 1613 1178 1649 verbum
1200 1610 1357 1660 ἄρχεσθαι
1379 1612 1424 1649 ad
1444 1613 1584 1649 initium
1604 1612 1881 1660 praedicationis,

328 1671 513 1719 οἰκονομίας
527 1673 584 1708 vel
599 1674 656 1716 τῆς
671 1669 854 1718 ἐπιφανείας
869 1670 1013 1714 referre3
1036 1670 1119 1718 quia
1140 1673 1221 1718 post
1240 1670 1472 1717 baptismum,
1495 1670 1556 1717 qui
1575 1669 1743 1706 hactenus
1759 1669 1882 1705 delitu-

327 1733 416 1774 erat,
438 1730 475 1766 in
497 1733 656 1776 apertum
675 1729 859 1775 lucemque
879 1727 1017 1776 prodire
1039 1727 1165 1774 coepit.
1210 1726 1322 1770 Quam
1345 1727 1414 1763 loci
1433 1726 1536 1763 huius
1563 1726 1883 1774 interpretationem

327 1790 450 1834 postea
470 1787 561 1834 apud
583 1786 783 1822 Iansenium
804 1785 1008 1832 scriptorem
1029 1784 1303 1821 eruditissimum
1322 1784 1451 1832 reperi,
1480 1784 1541 1831 qui
1567 1783 1715 1821 eandem
1736 1784 1882 1820 caeteris

328 1845 507 1891 anteponit
525 1844 697 1880 omnibus.
727 1843 935 1879 Praesertim
951 1853 1031 1878 cum
1046 1842 1122 1878 Act.
1138 1854 1162 1878 1.
1185 1852 1275 1878 com.
1291 1841 1346 1878 22.
1369 1841 1492 1877 eodem
1514 1852 1623 1877 sensu
1637 1841 1782 1877 verbum
1795 1840 1882 1876 illud

327 1905 532 1948 usurpatum
547 1901 667 1936 fuerit:
685 1898 717 1934 ἐν
733 1896 762 1946 ᾧ
780 1898 900 1944 εἰςῆλθε
922 1898 975 1935 καὶ
998 1898 1128 1944 ἕξῆλθιν
1151 1897 1203 1945 ἐφ’
1218 1898 1304 1946 ἡμᾶς
1322 1896 1340 1933 ὁ
1357 1898 1465 1945 κύριος
1481 1896 1608 1942 Ἰησοῦς
1624 1896 1800 1946 ἀρξάμενος
1816 1896 1880 1932 ἀπὸ

327 1961 385 1994 τοῦ
402 1958 627 2004 βαπτίσματος
641 1955 805 1992 Ἰωάννου.
830 1956 875 1993 Et
890 1967 966 2004 cap.
981 1968 1016 1999 x,
1031 1955 1087 1992 37.
1105 1954 1282 2003 ἀρξάμενον
1299 1953 1365 1991 ἀπὸ
1381 1957 1438 2000 τῆς
1454 1954 1630 1996 Γαλιλαίας
1647 1953 1729 2003 μετὰ
1743 1955 1782 1990 τὸ
1799 1953 1882 2002 βάπ-

328 2027 436 2061 τισμα.
484 2014 581 2057 Quae
603 2014 634 2050 si
649 2024 732 2050 vera
754 2017 854 2056 sunt,
877 2017 1022 2060 apparet
1042 2024 1088 2050 ex
1109 2013 1178 2049 illis
1199 2012 1316 2049 Lucae
1330 2013 1446 2049 verbis
1467 2015 1599 2049 certum
1615 2013 1738 2050 aetatis
1754 2011 1883 2049 Christi

327 2077 463 2119 tempus
488 2071 623 2107 definiri
644 2082 715 2107 non
736 2082 852 2118 posse.
882 2070 954 2106 Nec
970 2073 1024 2106 est
1039 2069 1132 2117 quod
1148 2074 1319 2106 certorum
1334 2069 1477 2106 Petrum
1492 2073 1685 2117 opponatur
1699 2070 1881 2113 autoritas,

328 2130 389 2176 qui
403 2141 473 2166 non
489 2127 581 2164 aliud
598 2127 773 2164 affirmare
788 2130 937 2175 possunt
951 2137 1058 2174 quam
1079 2126 1172 2174 quod
1195 2137 1242 2163 ex
1255 2127 1351 2163 Luca
1372 2127 1580 2170 didicerunt,
1601 2137 1715 2174 neque
1736 2130 1790 2163 est
1809 2128 1883 2163 ulla

327 2187 416 2223 ratio
439 2197 500 2222 cur
522 2196 567 2222 ex
588 2186 730 2222 illorum
743 2185 858 2221 verbis
873 2184 1004 2221 Lucam
1025 2184 1293 2231 interpretemur
1306 2184 1424 2231 potius
1439 2194 1545 2231 quam
1559 2194 1607 2219 ex
1620 2183 1718 2220 Luca
1732 2195 1821 2231 quae
1835 2185 1881 2221 ab

328 2244 396 2280 illis
412 2243 604 2280 asseverari
619 2242 788 2280 videntur.
819 2240 1028 2288 Quanquam
1041 2241 1181 2277 tametsi
1195 2252 1266 2277 non
1281 2241 1385 2277 modo
1399 2240 1536 2285 Patres,
1551 2240 1613 2276 sed
1629 2244 1664 2277 et
1678 2235 1790 2278 Lucas
1805 2242 1882 2289 ipse

327 2301 498 2348 perfectos
521 2303 854 2346 consummatosque
873 2298 1024 2335 tricenos
1044 2308 1156 2335 annos
1177 2297 1320 2342 diceret,
1341 2297 1430 2334 nihil
1449 2301 1567 2335 tamen
1588 2298 1759 2342 obstaret,
1785 2299 1881 2346 quin,

328 2358 490 2394 siminus
505 2368 585 2394 cum
599 2356 742 2394 historia
757 2357 981 2403 congrueret,
1003 2354 1126 2392 eodem
1147 2354 1183 2391 id
1206 2354 1439 2403 acciperemus
1461 2365 1570 2391 sensu
1585 2366 1654 2403 quo
1678 2366 1754 2403 cap.
1770 2368 1809 2400 ιι,
1824 2356 1880 2393 21.

328 2415 440 2452 Lucas
464 2414 556 2451 idem
579 2414 685 2451 dixitz
709 2413 792 2450 Pon
806 2418 1048 2449 consummatos
1062 2418 1136 2448 oceo
1153 2413 1243 2455 dice,-
1267 2423 1346 2449 cum
1362 2415 1484 2449 octavo
1498 2412 1575 2459 ipso
1592 2413 1815 2450 circumcisus
1834 2414 1882 2450 sit

329 2484 424 2519 puer,
448 2475 488 2508 ut
508 2471 689 2509 Ismenius
712 2471 884 2507 observat.
914 2469 1058 2506 Frustra
1072 2469 1180 2517 igitur
1194 2468 1324 2517 Ignatii
1337 2469 1435 2507 loeus
1451 2469 1510 2506 ille
1525 2480 1570 2506 ex
1586 2469 1695 2517 Epist.
1713 2470 1758 2507 ad
1772 2471 1878 2509 Tun.

328 2530 422 2567 velut
435 2531 679 2576 peremptorius
694 2527 870 2564 obiicitur:
892 2526 946 2563 καὶ
968 2528 1052 2574 τρεῖς
1076 2523 1213 2567 δεκάδας
1235 2524 1317 2562 trev
1333 2524 1604 2574 πολιτευσάμνος
1620 2525 1797 2574 ἐβαπτίσθη
1814 2526 1878 2563 ὑπὸ

329 2585 501 2631 Ἰωάννους
518 2587 683 2623 adversae
697 2596 792 2632 quem
806 2596 899 2621 nemo
913 2585 968 2620 vec
981 2586 1118 2627 mutire,
1136 2585 1256 2620 nedum
1270 2585 1452 2630 rqftoqan'
1464 2586 1539 2619 iure
1554 2585 1684 2622 debeat.
1715 2584 1769 2621 Διι
1785 2585 1880 2621 enim

329 2644 407 2690 plus
423 2648 476 2678 est
492 2642 620 2679 dicere:
645 2641 877 2677 ἰπολιτεύσατο
893 2642 977 2688 τρεῖς
998 2638 1154 2686 δεκάδας,
1176 2650 1297 2688 qum,
1318 2638 1527 2685 ἱπλήσθησαν
1547 2640 1665 2688 ἡμέραι
1689 2639 1795 2689 ὀκτὼ,
1818 2646 1880 2679 aut

329 2700 422 2746 quod
441 2700 526 2737 alibi
548 2700 590 2737 de
610 2699 916 2746 transfiguratione
936 2698 1074 2745 legitur,
1097 2695 1168 2745 μεθ’
1183 2696 1304 2746 ἡμέρας
1321 2695 1393 2739 eea
1408 2693 1498 2733 ὀκτὼ
1522 2707 1600 2734 οιιιιι
1621 2709 1684 2735 sex
1699 2702 1836 2736 tantum
1857 2709 1879 2734 a

329 2756 504 2794 mathaeo
521 2757 623 2795 solidi
638 2759 872 2794 numerentur.
896 2755 1004 2793 Miror
1018 2758 1154 2792 tentum
1170 2755 1206 2793 in
1220 2754 1290 2791 illis
1302 2754 1428 2802 Ignatii
1439 2754 1554 2791 verbis
1569 2755 1699 2803 aliquid
1710 2756 1880 2792 momenti

330 2814 372 2849 ad
385 2815 481 2851 illam
497 2814 705 2851 senteutiam
722 2813 835 2865 inesse
851 2812 1037 2850 nonnullos
1053 2811 1223 2849 arbitrari.
1253 2811 1303 2849 Ae
1317 2811 1348 2848 si
1362 2811 1546 2849 autoritate
1562 2823 1616 2848 res
1631 2813 1759 2859 agitur,
1773 2812 1878 2850 hebe-

332 2882 408 2908 ιιιιιε
424 2871 703 2918 antiquissimos,
727 2870 1023 2917 gravissimosque
1043 2870 1180 2914 Patres,
1201 2869 1262 2917 qui
1283 2879 1354 2907 nou
1382 2872 1423 2905 ut
1443 2868 1600 2915 ignatius
1629 2870 1794 2914 obscure,
1817 2870 1878 2907 sed

330 2932 465 2975 aperte,
481 2928 773 2975 quemadmodum
789 2927 903 2964 Lucae
918 2927 1025 2964 verbs
1039 2937 1062 2964 a
1075 2926 1176 2964 uobis
1198 2925 1455 2975 interpretenda
1476 2925 1608 2971 rorent,
1631 2927 1792 2974 opinione
1813 2937 1878 2964 sua

330 2985 530 3023 docuerunt.
563 2984 716 3021 lustinus
738 2985 871 3032 Martyr
894 2984 983 3022 Diui.
1007 2995 1086 3021 cum
1101 2982 1287 3033 Tryphone
1308 2993 1389 3031 pag.
1404 2982 1460 3020 92.
1483 2982 1562 3019 edit.
1584 2983 1671 3021 Reb.
1688 2984 1806 3031 Steph.
1823 2984 1877 3020 καὶ

330 3041 502 3089 τριάκοντα
522 3039 596 3086 ἔτη,
620 3043 640 3086 ἣ
665 3041 814 3087 πλείονα,
836 3042 858 3086 ἢ
880 3042 934 3078 καὶ
954 3039 1118 3078 ἐλάσσονα
1140 3039 1266 3088 μείνας,
1289 3039 1400 3087 μέχρις
1423 3034 1463 3076 οὔ
1486 3039 1706 3087 προελήλυθεν
1726 3039 1878 3086 Ἰωάννης

331 3099 427 3147 κῆρυξ
444 3099 556 3135 αὐτοῦ.
581 3098 724 3135 Dubitat
736 3102 852 3136 utrum
862 3109 973 3136 annos
985 3098 1130 3146 triginta
1141 3097 1298 3135 Christus
1313 3097 1519 3142 excesserit,
1535 3107 1580 3134 an
1595 3098 1687 3135 infra
1701 3098 1779 3135 illos
1795 3109 1876 3136 cou-
