2008 3294
210 1890 238 1915 p.
254 1883 310 1910 180.

350 223 440 260 CLX

349 327 531 363 emendare
548 327 725 373 cupientes
740 325 870 373 pascha
884 338 987 363 suum
1006 326 1045 362 in
1066 339 1124 364 xx.
1140 326 1259 363 Martii
1281 326 1372 362 diem
1388 325 1586 370 distulisse,
1610 337 1678 374 quo
1699 337 1824 374 passus
1847 331 1900 363 est

349 383 521 426 Christus,
545 395 615 430 quo
637 384 802 419 nimirum
817 385 960 431 propius
976 385 1020 419 ad
1036 385 1291 431 aequinoctium
1311 383 1526 428 accederent,
1548 385 1605 420 vel
1626 385 1732 420 etiam
1753 385 1899 420 coeleste

347 441 587 487 plenilunium.
633 440 723 476 Nam
742 441 807 476 hoc
822 441 929 476 verba
950 442 1027 488 ipsa
1046 442 1150 477 tacite
1174 442 1427 476 demonstrant:
1451 441 1505 476 καὶ
1528 439 1678 488 ἰσημερίαι
1700 440 1764 488 πρὸ
1788 441 1900 476 ἕνδεκα

349 497 528 531 Καλανδῶν
544 495 756 544 Ἀπριλλίων,
773 496 816 532 δι’
831 498 871 542 ἢν
887 498 1099 542 πλανηθέντες
1116 497 1296 544 ὑπέρβατον
1313 497 1389 545 μίαν
1404 497 1526 545 ἡμέραν
1543 496 1709 542 ἐποίησαν.
1737 498 1830 545 Ergo
1846 498 1900 534 διὰ

347 553 404 598 τὴν
421 552 598 601 ἰσημερίαν,
615 558 651 589 et
664 555 812 590 fortasse
827 559 968 602 propter
982 556 1101 590 lunam
1117 555 1239 598 etiam,
1262 566 1306 590 ne
1329 558 1508 602 tantopere
1531 556 1576 591 ab
1599 560 1745 602 utroque
1765 556 1899 591 recede-

346 615 441 654 rent,
457 611 548 646 diem
561 611 779 648 diffuderant.
804 612 944 647 Poterat
955 613 1049 647 enim
1060 613 1115 647 vel
1128 613 1201 659 ipse
1214 612 1336 648 sideris
1349 616 1509 660 aspectus
1521 613 1597 648 vitii
1607 613 1686 648 illos
1695 613 1898 656 admonere3

348 668 440 715 quod
456 669 579 703 saltem
594 669 826 704 minuendum
835 680 912 705 esse
924 669 1159 704 decreverunt.

437 725 527 760 Cum
541 725 627 760 haec
642 725 856 773 Epiphanius
871 727 1054 762 manifeste
1069 727 1213 770 sentiat,
1230 730 1367 762 caetera
1381 737 1471 774 quae
1487 727 1530 763 ab
1547 738 1588 762 eo
1605 727 1764 763 dicuntur
1779 726 1902 762 eodem

347 782 526 828 dirigenda
547 787 631 818 sunt
651 787 757 830 atque
775 782 842 819 hoo
863 784 967 820 modo
989 784 1246 819 constituenda:
1271 783 1428 820 Christus
1442 785 1556 830 legale
1570 783 1701 831 pascha
1714 785 1903 820 celebravit

347 851 427 874 cum
446 840 620 886 plerisque
642 840 778 876 Iudaeis
801 853 872 876 xvr.
888 840 964 877 Kal.
984 842 1083 888 Apr.,
1105 841 1193 876 feria
1214 853 1283 884 111„
1307 842 1392 876 luna
1411 841 1553 877 Iudaica
1573 842 1699 877 vitiosa
1717 853 1797 884 111„
1821 852 1899 877 eum

345 897 433 932 feria
447 909 481 933 v.
498 897 583 932 luna
597 909 668 933 x1v.
684 898 811 933 vitiosa
825 898 944 944 perfici
960 898 1126 934 debuerit.
1171 898 1282 933 Biduo
1298 899 1406 945 igitur
1420 899 1614 935 antevertit.
1654 899 1701 934 At
1714 898 1900 941 Pharisaei,

346 954 533 1001 Iudaeique
548 955 607 989 alii
622 955 706 990 luna
720 955 860 990 Iudaica
872 967 940 998 xv„
956 956 1074 991 Martii
1086 967 1158 999 xx„
1176 967 1244 1002 quo
1261 955 1315 991 die
1329 966 1452 1002 passus
1469 959 1523 991 est
1534 954 1702 1003 Christus,
1718 954 1791 990 καθ’
1804 954 1900 1002 ὑπέρ-

348 1011 440 1057 βασιν
457 1011 525 1046 diei
539 1012 644 1047 unius
660 1023 681 1046 a
695 1012 780 1047 luna
795 1024 866 1047 xiv.
883 1012 928 1047 ad
943 1025 1000 1047 xv.
1045 1013 1100 1047 Ex
1122 1013 1165 1048 iis
1186 1013 1294 1048 falsos
1314 1023 1374 1048 eos
1391 1023 1466 1048 esse
1482 1016 1618 1048 constat
1632 1013 1692 1060 qui
1705 1012 1899 1060 Epiphanio

348 1068 559 1104 Graecorum
582 1069 790 1104 sententiam
813 1069 1028 1112 adscribunt3
1059 1069 1151 1116 quod
1174 1069 1330 1105 Christus
1352 1069 1481 1116 pascha
1501 1070 1587 1105 luna
1607 1082 1685 1107 xm.
1708 1069 1900 1113 celebrarit,

345 1131 425 1161 ante
440 1126 586 1162 Iudaeos
596 1153 605 1169 ‚
622 1126 731 1172 quiid
746 1127 911 1173 postridie
925 1127 1132 1173 peregerint.
1163 1127 1241 1162 Non
1257 1127 1350 1162 enim
1366 1139 1442 1164 1111.
1453 1127 1554 1170 luna,
1570 1126 1632 1162 sed
1647 1137 1710 1162 xri.
1725 1126 1901 1163 Christum

344 1183 380 1218 id
395 1183 511 1230 egisse
527 1187 662 1227 censet,
685 1189 856 1230 quatenus
877 1183 964 1219 feria
978 1197 1031 1220 111.
1052 1185 1242 1230 contigisse
1257 1187 1368 1231 putat.
1416 1183 1515 1226 Quod
1531 1183 1562 1219 si
1577 1195 1623 1220 ex
1638 1184 1815 1220 communi
1829 1195 1900 1219 cer—

344 1241 550 1287 tissimaque
566 1241 739 1276 sententia
754 1241 840 1276 feria
855 1253 888 1276 v.
905 1241 1097 1276 celebrasse
1114 1240 1289 1277 Christum
1305 1241 1492 1276 arbitratus
1508 1245 1614 1285 esset,
1637 1253 1709 1277 non
1731 1241 1799 1276 alia
1817 1241 1901 1276 luna

345 1309 451 1344 qnam
467 1309 556 1344 quae
572 1309 616 1332 ex
628 1298 754 1333 vitioso
771 1298 868 1344 cyclo
881 1309 951 1334 xxv.
967 1297 1058 1333 foret
1072 1298 1203 1334 factum
1220 1302 1399 1335 assereret.
1423 1298 1520 1334 Unde
1535 1309 1580 1334 ex
1597 1298 1811 1345 castigatiori
1821 1296 1900 1346 Epi-

344 1354 464 1402 phanii
474 1356 602 1390 iudicio
615 1354 850 1390 definiendum
866 1359 920 1390 est
931 1354 1107 1390 Christum
1122 1356 1208 1391 feria
1220 1369 1266 1399 v.,
1282 1356 1367 1391 luna
1378 1367 1450 1392 xxv.
1469 1366 1550 1391 curn
1561 1355 1739 1391 nonnullis
1751 1354 1899 1398 Iudaeis,

345 1416 500 1448 caeteros
515 1424 597 1447 vero
613 1423 693 1447 cum
709 1411 903 1447 Pharisaeis
917 1412 1005 1447 feria
1019 1425 1065 1448 vr.
1081 1412 1210 1459 pascha
1225 1412 1428 1449 comedisse.
1475 1412 1551 1455 Qua
1565 1423 1611 1448 ex
1626 1411 1812 1460 Epiphanii
1824 1412 1899 1459 epi-

344 1470 448 1504 nione
465 1469 532 1505 duo
548 1458 769 1516 colliguntur,
788 1479 876 1516 quae
893 1480 973 1504 cum
990 1469 1031 1504 de
1046 1470 1219 1516 passionis
1235 1480 1328 1506 anno
1352 1470 1527 1516 quaeritur
1546 1470 1713 1506 acerrime
1733 1469 1901 1516 disputari

343 1528 473 1562 solent:
498 1528 645 1562 alterum
667 1526 873 1562 Iudaeorum
896 1527 1069 1574 principes
1092 1538 1163 1562 non
1186 1527 1307 1562 eodem
1323 1538 1404 1563 cum
1421 1525 1555 1563 Christo
1572 1527 1628 1562 die
1642 1527 1800 1574 legitimo
1816 1527 1900 1574 agni

344 1585 447 1631 epulo
463 1584 681 1630 perfunctos,
699 1585 844 1619 alterum
862 1594 941 1619 cum
956 1584 1316 1620 sine'commutatione
1332 1585 1449 1631 aliqua
1463 1587 1660 1631 temporum
1675 1595 1716 1620 ac
1730 1585 1900 1621 festorum

343 1641 379 1676 id
394 1642 550 1677 accidere
564 1653 636 1677 non
652 1641 819 1688 potuerit,
835 1642 1099 1677 translationem
1114 1642 1267 1688 aliquam
1282 1642 1351 1677 illis
1365 1641 1581 1688 temporibus
1597 1641 1764 1678 extitisse.
1788 1641 1899 1685 Quare

344 1699 388 1734 ad
403 1698 492 1734 hanc
508 1698 692 1746 Epiphanii
711 1698 983 1746 disputationem
1004 1698 1246 1735 illustrandam
1267 1698 1412 1734 totidem
1433 1698 1514 1735 illae
1535 1699 1758 1746 quaestiones
1779 1699 1900 1747 paucis

342 1755 408 1792 hoc
424 1756 501 1792 loco
518 1748 763 1803 disceptandas
777 1759 869 1792 sunt.

405 1881 567 1919 UTRUM
589 1882 743 1918 IUDAEI
767 1881 1112 1919 TRANSLATIONE
1135 1881 1379 1919 FESTORUM
1402 1881 1515 1918 OLIM
1537 1881 1611 1919 Usi
1632 1881 1838 1919 FUERINT.

432 1962 473 2000 In
488 1962 669 1999 recentiori
684 1962 890 1998 Iudaeorum
907 1966 1069 2010 computo
1085 1963 1310 2011 scrupulosus
1332 1966 1368 1998 et
1389 1963 1516 1999 anxius
1537 1962 1680 2010 quidam
1696 1966 1749 1999 est
1764 1962 1896 1999 dierum

343 2019 496 2056 delectus
518 2019 562 2055 ad
584 2020 786 2055 neomenias
806 2019 978 2066 figendas.
1023 2019 1076 2056 De
1097 2031 1166 2067 quo
1189 2021 1300 2056 multa
1319 2020 1357 2056 in
1372 2018 1607 2059 Thalmudicis
1623 2019 1897 2062 Commentariis,

342 2077 506 2113 Tractatu
522 2076 563 2113 de
579 2077 671 2112 Anni
687 2076 824 2124 Capite,
842 2080 877 2112 et
892 2077 928 2112 in
944 2080 1040 2112 tomo
1055 2077 1168 2124 primo
1183 2076 1246 2112 iad
1261 2076 1302 2113 R.
1315 2077 1433 2119 Mose,
1449 2076 1563 2112 Ttact.
1578 2074 1756 2112 Kiddusch
1770 2075 1896 2112 hacho-

342 2132 464 2178 desch,
480 2144 544 2170 nec
560 2144 631 2169 non
647 2138 683 2169 et
696 2133 733 2169 in
756 2137 870 2174 0³2⁵&
894 2137 1002 2176 5³:237
1026 2132 1066 2170 R.
1083 2132 1221 2169 isachar
1242 2133 1310 2169 ben
1333 2131 1531 2169 Mordechai
1551 2132 1697 2179 aliisque
1718 2133 1832 2176 libris;
1859 2134 1896 2170 in

342 2191 469 2238 quibus
484 2190 640 2227 infinitae
656 2190 796 2237 regulae
813 2200 853 2225 ac
869 2189 1046 2226 cautiones
1062 2190 1295 2238 praescriptae
1311 2193 1402 2225 sunt.
1444 2189 1600 2225 Duorum
1615 2182 1895 2234 vero'mensiunn

341 2247 432 2284 Tisri
443 2258 484 2283 ac
497 2247 605 2284 Nisan
617 2246 804 2295 imprimis,
816 2246 1020 2282 neomeniae
1033 2247 1076 2282 ab
1089 2246 1158 2282 iliis
1171 2246 1408 2290 observantur,
1422 2257 1568 2294 quarum
1580 2240 1896 2298 transferendorum

342 2315 469 2342 caussa
483 2304 612 2352 duplex
628 2303 757 2340 ibidem
772 2303 926 2348 affertur,
941 2304 1110 2340 naturalis
1125 2307 1187 2340 aut
1202 2302 1323 2339 civilis.
1347 2302 1485 2339 Etenim
1500 2314 1579 2339 cum
1595 2313 1701 2351 supra
1714 2304 1819 2340 ferias
1835 2316 1894 2341 ex-

342 2366 519 2398 currentes
537 2362 703 2398 minutiae
719 2360 762 2396 ad
777 2359 881 2396 horas
897 2359 938 2397 18
952 2361 1174 2408 perveniunt,
1191 2363 1226 2396 et
1239 2360 1371 2396 lunaris
1388 2359 1552 2408 ψηφισμδς
1568 2361 1746 2397 meridiem
1761 2359 1830 2398 diei
1843 2362 1894 2398 in-

342 2419 519 2467 sequentis
535 2418 678 2466 attingit
693 2419 790 2465 (nam
806 2417 924 2454 Iudaei
939 2417 1030 2455 diem
1047 2416 1092 2453 ab
1107 2417 1205 2454 initio
1222 2417 1334 2454 noctis
1350 2416 1582 2464 auspicantur,
1604 2428 1626 2454 a
1645 2429 1713 2465 quo
1734 2417 1774 2454 18
1788 2417 1894 2455 horae

342 2480 562 2524 computatae
579 2475 646 2512 diei
662 2474 773 2512 civilis
789 2474 966 2522 sequentis
981 2473 1159 2511 meridiem
1175 2474 1437 2522 assequuntunj:
1459 2477 1534 2510 tum
1556 2474 1592 2510 in
1614 2474 1758 2512 alteram
1772 2475 1895 2512 feriam

342 2533 509 2570 naturalis
523 2532 724 2569 neomeniae
737 2531 917 2569 translatio
929 2531 1005 2568 fieri
1016 2530 1148 2568 dicitur.
1173 2530 1242 2567 Sed
1254 2542 1334 2567 cum
1347 2531 1612 2579 opportunitatis
1625 2531 1770 2568 alicuius
1781 2533 1895 2580 gratia

342 2591 415 2628 dies
432 2589 634 2627 diffunditur
658 2589 755 2625 civile
778 2588 845 2625 hoc
869 2593 982 2625 totum
1005 2592 1074 2633 est,
1100 2592 1135 2624 et
1156 2588 1198 2624 ab
1221 2586 1400 2625 hominum
1415 2587 1594 2625 voluntate
1617 2591 1652 2624 et
1677 2589 1893 2630 institutione

342 2647 521 2696 dependet.
567 2646 620 2683 Ex
644 2646 708 2683 hoc
727 2646 824 2682 fonte
846 2645 1012 2682 feriarum
1034 2644 1126 2694 apud
1141 2645 1286 2683 Iudaeos
1303 2648 1444 2682 suntne
1497 2644 1654 2681 divortia.
1700 2644 1789 2686 Nam
1805 2647 1892 2683 aliae

342 2705 502 2741 feliculae
519 2708 615 2747 snut,
634 2703 722 2739 aliae
739 2704 868 2750 probae
884 2714 924 2739 ao
938 2702 1125 2751 legitimae.
1173 2701 1344 2747 Relicula,
1366 2712 1453 2750 quse
1507 2705 1596 2744 505
1612 2702 1655 2740 ab
1672 2702 1740 2740 illis
1757 2702 1892 2755 dicitur,

342 2778 395 2808 est
410 2773 536 2820 triplex
553 2783 641 2820 quae
658 2773 694 2808 in
709 2772 800 2808 Tisri
816 2774 955 2819 τιχνικῷ
972 2770 1037 2807 hoe
1052 2770 1220 2808 vocabulo
1236 2770 1429 2808 condiretur
1444 2755 1529 2811 ²1¹¹}ss
1543 2771 1636 2808 Δάν.
1666 2770 1787 2819 itaque
1802 2772 1892 2809 Tisri

343 2842 524 2877 neomenia
540 2851 718 2887 nunquam
736 2840 857 2887 incipit
877 2851 899 2875 a
919 2840 1005 2875 seria
1024 2850 1064 2884 1.,
1089 2851 1150 2883 m,
1173 2839 1227 2876 vel
1243 2851 1289 2876 vr.
1335 2838 1375 2876 In
1390 2837 1497 2875 Nisan
1514 2849 1594 2875 vero
1611 2843 1663 2875 est
1674 2825 1760 2880 ²542*
1779 2840 1890 2884 Bada,

342 2898 586 2945 significatque
601 2898 819 2934 neomeniam
838 2897 945 2933 Nisan
962 2907 1141 2944 nunquam
1164 2897 1199 2933 111
1223 2896 1344 2933 {eriam
1365 2895 1485 2932 eadere
1501 2908 1556 2939 11.,
1578 2908 1640 2941 1v.‚
1662 2897 1718 2933 vei
1733 2909 1779 2934 vr.
1825 2896 1890 2933 Re-

343 2955 457 3001 iiquae
474 2959 621 3001 quatuor
636 2955 741 2991 seriae
758 2958 920 3017 ΠἾῩΒΡ
936 2954 1124 2990 Katamana·
1140 2953 1308 2998 dicuntur,
1332 2952 1422 3000 quod
1445 2953 1479 2988 111
1496 2953 1538 2988 iis
1554 2953 1706 3000 figantur
1719 2954 1889 2991 retinean—

343 3017 465 3058 terque
483 3013 692 3048 neomeniae.
707 3017 716 3025 ⁴
739 3011 1033 3058 Negligendarum
1055 3022 1156 3058 porro
1178 3011 1341 3047 feriarum
1364 3010 1478 3046 cautio
1501 3010 1579 3046 inde
1600 3010 1808 3058 profluxisse
1827 3022 1888 3059 pu-

343 3074 445 3111 tatur,
468 3069 559 3115 qumi
584 3069 651 3103 duo
673 3070 833 3110 sabbata,
864 3069 935 3104 sive
959 3068 1064 3111 festa,
1091 3069 1125 3103 in
1151 3067 1238 3103 Tisri
1262 3067 1441 3115 praecipue
1464 3068 1627 3103 continua
1649 3079 1724 3105 esse
1747 3068 1888 3115 nollent,
