2008 3294
1569 197 1720 234 CXXXI

172 301 406 348 praedicasse,
427 312 499 338 non
514 304 651 337 tantum
666 313 754 345 uno,
774 301 984 338 validissime
1001 300 1229 345 demonstrat,
1251 313 1331 337 cum
1353 302 1492 338 interim
1513 304 1630 337 tamen
1645 303 1718 349 ipse

172 357 278 405 longe
292 359 394 406 plura
406 363 489 406 post
502 359 716 406 baptismum
730 358 948 407 praeteriisse
962 358 1055 394 velit.
1095 357 1194 400 Quod
1216 359 1301 394 adeo
1322 359 1473 395 rationes
1492 359 1571 395 illae
1592 360 1719 406 quibus

172 418 294 451 contra
310 414 494 453 Gnosticos
514 416 623 452 utitur
643 415 826 452 manifeste
844 415 1005 463 probant.
1051 414 1226 451 Christum
1245 417 1338 451 enim
1360 428 1402 451 ea
1422 419 1534 452 aetate
1549 416 1718 460 docuisse,

173 482 243 519 qua
256 473 424 520 magister
437 473 606 520 appellari
619 474 742 510 merito
763 476 897 521 posset,
917 471 982 509 hoc
1005 475 1059 507 est
1079 472 1233 520 perfecta
1249 478 1283 508 et
1297 474 1404 516 virili,
1425 474 1562 517 statuit,
1578 484 1683 520 quam
1699 485 1719 509 a

173 541 218 565 xr.
235 529 280 565 ad
294 541 316 566 1.
332 540 442 566 annos
458 530 629 574 extendit,
655 542 722 578 quo
741 530 919 567 intervallo
940 529 1157 578 praedicasse
1179 540 1218 565 ac
1243 530 1383 566 demum
1403 542 1546 578 passum
1568 542 1644 567 esse
1659 531 1719 566 do-

171 586 308 623 minum
333 587 526 631 existimat,
557 587 661 635 idque
688 588 847 636 sequenti
871 587 983 635 capite
1008 586 1215 622 Iudaeorum
1243 598 1288 622 ex
1315 588 1382 623 illis
1409 589 1522 623 verbis
1554 588 1719 624 ostendit:

176 643 430 691 Quinquaqinaea
447 657 554 680 annos
569 647 711 681 nondum
727 646 842 683 habeo,
888 643 1121 688 Quamobrem
1142 645 1225 680 licet
1246 655 1339 680 anno
1356 657 1438 680 xxx.
1454 646 1595 682 ineunte
1610 646 1720 693 bapti-

171 704 290 736 zatum
304 711 327 737 a
340 701 469 737 Ioanne
485 701 662 739 Christum
677 714 722 738 ex
736 702 832 740 Luca
846 702 1004 750 colligat,
1026 713 1099 738 non
1118 705 1235 737 tamen
1256 702 1374 738 statim
1397 703 1441 737 ad
1457 703 1649 739 docendum
1664 714 1719 738 ac-

172 758 319 794 cessisse
339 759 446 795 sentit
465 759 640 797 Irenaeus.
670 760 808 808 Alioqui
831 762 989 796 constare
1003 759 1078 807 ipse
1093 759 1161 795 sibi
1175 770 1246 795 non
1261 763 1385 806 potest.
1416 760 1647 796 Tertullianus
1661 761 1720 795 ad-

170 826 291 852 versus
305 815 453 852 Iudaeos
469 828 544 864 cap.
559 829 634 855 vm.
653 817 830 854 Christum
844 816 1099 863 decimoquinto
1115 816 1244 852 Tiberii
1259 827 1350 852 anuo
1367 828 1510 864 passum
1525 819 1719 853 arbitratur.

171 872 380 921 Quanquam
394 874 626 921 Hieronymus
650 875 694 910 ad
717 885 792 922 cap.
803 886 853 911 rx.
873 874 1028 911 Danielis
1050 885 1165 910 xxxm
1181 885 1308 917 anuos,
1331 885 1402 910 non
1419 887 1506 918 xxx,
1528 886 1572 910 ex
1588 875 1720 910 Tertul-

170 930 255 967 liani
270 932 443 968 sententia
459 930 594 968 Christo
610 932 741 969 tribuit.
772 931 942 969 Eusebius
957 931 994 967 in
1009 930 1178 967 Chronico
1195 942 1275 967 cum
1290 932 1442 967 natalem
1459 931 1585 967 Christi
1607 933 1643 967 in
1660 943 1719 967 an-

170 999 255 1024 num
269 987 421 1036 Augusti
436 1001 538 1032 ηιμ,
554 990 599 1025 ab
610 989 784 1025 Abraamo
795 1001 923 1034 mv„
938 989 1087 1039 reiiciat,
1102 988 1303 1036 passionem
1318 1000 1400 1024 vero
1416 990 1451 1024 in
1470 1002 1567 1026 xvur.
1581 990 1720 1031 Tiberii,

170 1045 215 1081 ab
230 1045 405 1082 Abraamo
421 1058 600 1091 auxum,
623 1058 734 1083 annos
755 1050 837 1095 post
857 1047 1010 1083 natalem
1024 1058 1110 1082 xxxr
1132 1057 1212 1082 cum
1234 1047 1412 1082 mensibus
1436 1047 1568 1094 aliquot
1590 1048 1720 1082 vixisse

159 1103 308 1147 ‚statuit3
330 1103 362 1139 si
382 1103 522 1151 quidem
543 1104 695 1140 natalem
710 1104 825 1151 ipsum
840 1104 877 1140 in
891 1103 1118 1140 Decembrem
1133 1103 1304 1147 conferat,
1327 1104 1383 1139 sin
1398 1115 1442 1139 ex
1459 1104 1720 1150 Aegyptiorum,

170 1171 258 1206 quos
273 1161 430 1208 sequitur
443 1160 677 1208 Epiphanius,
693 1161 845 1206 decreto,
860 1161 1012 1198 Ianuarii
1028 1173 1075 1198 vr.
1093 1161 1185 1197 diem
1201 1160 1328 1196 Christi
1342 1162 1514 1197 nativitati
1529 1161 1720 1208 praefiniat,

169 1229 240 1253 uno
256 1218 423 1265 amplius,
442 1218 479 1255 id
500 1221 555 1254 eat
568 1230 683 1262 xxxn,
705 1229 816 1254 anuos
837 1229 915 1256 cum
939 1219 1119 1255 mensibus
1134 1218 1244 1254 tribus
1261 1218 1372 1254 eidem
1386 1224 1465 1266 post
1481 1223 1593 1254 ortum
1608 1220 1719 1266 impu-

170 1275 267 1311 tabit.
297 1275 460 1323 Longum
482 1279 537 1311 est
558 1286 758 1312 enumerare
781 1281 950 1319 caeteros,
975 1276 1036 1323 qui
1050 1288 1155 1319 xxxr,
1179 1281 1238 1311 aut
1254 1288 1372 1319 xxxu,
1396 1280 1457 1311 aut
1479 1276 1522 1311 ad
1545 1287 1721 1312 summum

170 1344 286 1369 xxxru
300 1336 474 1380 arrogant.
497 1331 565 1376 Qui
580 1336 696 1370 autem
712 1333 857 1380 triginta
871 1336 1020 1381 quatuor
1034 1333 1249 1380 assignaret,
1266 1338 1347 1369 ante
1362 1333 1495 1369 Bedam
1510 1334 1619 1369 fuisse
1635 1339 1719 1381 puto

169 1390 356 1427 neminem.
404 1389 472 1433 Qui
493 1401 538 1426 ne
559 1391 634 1438 ipse
657 1390 798 1438 quidem
820 1403 928 1428 xxxxv
944 1391 1075 1427 vixisse
1098 1391 1238 1434 statuit,
1261 1391 1322 1427 sed
1339 1403 1439 1428 xxxu
1455 1391 1626 1426 duntaxat
1641 1402 1721 1426 cum

170 1447 280 1483 tribus
301 1447 490 1484 mensibus.
521 1446 610 1483 Nam
631 1459 677 1484 ex
699 1449 767 1484 isto
790 1459 935 1484 numero
955 1448 1089 1496 primus
1111 1449 1169 1484 ille
1185 1448 1276 1484 vitae
1299 1449 1474 1494 aetatique
1490 1447 1721 1484 detrahendus

171 1508 240 1548 est,
265 1515 334 1551 quo
357 1505 394 1540 in
408 1505 553 1552 virginis
576 1508 674 1541 utero
697 1505 783 1550 tuit,
802 1508 842 1541 ut
863 1516 921 1541 sae
946 1506 1001 1540 ius
1025 1505 1280 1541 admonuimus.
1323 1505 1398 1548 Quo
1422 1506 1537 1551 magis
1561 1506 1722 1542 admirari

171 1561 266 1597 soleo
287 1562 501 1609 persuasisse
524 1561 592 1598 sibi
611 1563 796 1598 nonnullos
817 1566 917 1598 vetus
966 1563 1133 1598 simorum
1154 1563 1313 1605 Patrum,
1334 1564 1406 1598 imo
1427 1563 1533 1598 totius
1556 1564 1721 1599 ecclesiae

170 1618 258 1655 hauc
274 1630 351 1654 esse
365 1618 488 1663 fidem,
504 1618 678 1655 Christum
695 1620 816 1655 aetatis
832 1630 964 1655 annum
980 1625 1141 1666 quartum
1157 1626 1192 1656 et
1206 1621 1421 1656 tricesimum
1436 1621 1605 1666 attigisse.
1629 1620 1720 1656 Cedo

170 1677 225 1712 vel
240 1687 350 1712 unum
366 1687 412 1712 ex
434 1676 530 1712 omni
550 1677 766 1724 antiquitatis
788 1677 971 1720 memoria,
993 1678 1053 1723 qui
1073 1681 1134 1712 aut
1155 1678 1206 1712 ita
1227 1678 1392 1720 senserit,
1415 1681 1492 1720 aut,
1514 1678 1546 1712 si
1566 1678 1601 1712 id
1617 1678 1720 1713 verbo

169 1738 271 1769 tenus
285 1734 445 1771 inieeisse
457 1733 553 1769 visus
569 1737 638 1777 est,
662 1745 733 1770 non
749 1745 830 1770 eum
845 1745 976 1770 anuum
991 1745 1060 1780 quo
1076 1735 1113 1769 in
1127 1735 1249 1770 matris
1266 1738 1363 1770 utero
1380 1739 1537 1781 gestatus
1559 1739 1612 1769 est
1633 1736 1721 1770 inter

170 1802 281 1827 annos
296 1791 374 1827 illos
388 1791 590 1828 numerarit.
613 1791 766 1826 Tantum
781 1791 887 1837 igitur
902 1792 1001 1827 abest
1016 1796 1055 1826 ut
1069 1790 1155 1827 haec
1171 1793 1366 1827 communis
1382 1793 1426 1827 sit
1438 1792 1480 1826 de
1493 1804 1612 1828 xxxxv.
1628 1796 1721 1827 aeta-

170 1849 215 1884 tis
236 1859 328 1884 anno
352 1848 486 1895 opinio,
508 1852 549 1883 ut
569 1848 766 1895 antiquitati
788 1849 883 1883 omni
901 1859 1043 1895 prorsus
1066 1849 1221 1884 inaudita
1235 1849 1354 1892 fuerit,
1377 1850 1507 1895 vixque
1525 1851 1645 1896 paucis
1661 1850 1721 1886 ab-

169 1904 249 1941 hinc
271 1905 436 1948 saeculis,
457 1916 498 1941 eo
522 1905 598 1952 ipso
621 1905 760 1952 quidem
777 1916 846 1952 quo
862 1906 970 1952 vulgo
993 1905 1138 1942 traditur
1161 1917 1266 1942 sensu
1288 1911 1322 1945 et
1343 1907 1638 1953 interpretatione,
1662 1907 1721 1942 ob-

168 1963 278 1998 tinere
293 1962 455 2010 coeperit.

339 2098 632 2136 EXPENDITUR.
658 2099 1065 2136 CHRONOLOGORUM
1089 2100 1374 2144 QUORUNDAM
1398 2102 1547 2138 OPINIO

206 2154 282 2200 QUI
305 2156 410 2192 XXII
429 2155 579 2193 ANNOS
602 2156 751 2192 AERAE
775 2157 1080 2194 DIONYSIANAE
1102 2158 1275 2195 DEESSE
1298 2159 1530 2195 SUSPICATI
1554 2159 1681 2196 SUNT.

259 2248 556 2292 Quemadmodum
578 2260 670 2285 anno
694 2250 883 2296 passionis,
907 2251 956 2286 sic
979 2251 1016 2286 in
1040 2251 1094 2286 die
1118 2262 1158 2286 ac
1181 2263 1301 2287 mense
1324 2252 1496 2298 quaedam
1511 2253 1605 2287 velut
1627 2256 1721 2286 certa

170 2307 348 2342 communi
361 2305 430 2343 fide
445 2306 632 2342 constituta
646 2310 744 2342 suut:
767 2303 828 2342 'sed
843 2307 927 2343 illud
943 2308 1130 2355 imprimis,
1152 2308 1327 2344 Christum
1344 2309 1428 2344 luna
1444 2321 1499 2344 xv.
1516 2310 1552 2343 in
1567 2310 1642 2355 ipso
1659 2320 1719 2355 pa-

170 2362 303 2406 schate,
324 2363 398 2399 sive
412 2363 524 2411 primo
540 2363 595 2398 die
611 2374 828 2409 azymorum,
851 2375 927 2400 esse
948 2375 1091 2411 passum
1114 2370 1148 2400 et
1163 2366 1303 2412 quidem
1317 2366 1444 2401 Martio
1462 2377 1592 2402 mense.
1625 2365 1720 2408 Quae

169 2420 237 2456 duo
253 2432 333 2456 cum
348 2420 537 2457 multorum
558 2420 683 2455 animis
705 2421 928 2464 insedissent,
951 2422 1043 2468 quod
1065 2427 1336 2458 consentaneum
1358 2427 1431 2458 erat
1453 2422 1594 2465 accidit,
1618 2427 1656 2457 ut
1679 2423 1721 2458 de

169 2478 340 2525 passionis
363 2481 518 2525 tempore
541 2477 677 2513 infinita
692 2477 866 2524 quaedam·
878 2479 1080 2526 opinionum
1097 2479 1245 2514 divortia
1259 2483 1493 2514 nascerentur.
1524 2479 1616 2515 Inter
1632 2490 1719 2526 quas

170 2535 215 2571 ad
236 2539 414 2582 stuporem
436 2546 546 2582 usque
568 2535 713 2570 ridicula
735 2539 787 2570 est
807 2535 868 2571 illa
888 2546 994 2582 quam
1017 2547 1063 2571 ex
1087 2536 1287 2582 SigebertO,
1310 2536 1484 2579 Mariano,
1512 2548 1552 2571 ac
1575 2538 1719 2573 caeteris

171 2596 272 2628 antea
285 2593 477 2629 retulimus.
501 2591 633 2634 Quibus
649 2603 729 2627 cum
744 2593 1048 2638 persuasissimum
1063 2593 1153 2628 foret
1164 2592 1339 2628 Christum
1350 2594 1468 2628 Martii
1480 2605 1560 2629 xxv.
1576 2606 1718 2641 passum

171 2659 264 2692 esse,
287 2649 374 2685 teria
389 2662 452 2692 vr..
475 2648 540 2686 hoe
565 2653 620 2684 est
642 2661 715 2684 vm.
738 2649 815 2685 Kal.
836 2650 934 2695 Apu,
957 2651 1189 2684 resurrexisse
1212 2661 1294 2686 vero
1318 2663 1364 2686 vr.
1386 2650 1462 2686 Kal.
1482 2651 1581 2698 Apr.‚
1602 2653 1719 2688 Martii

172 2716 298 2749 xxm„
319 2717 400 2743 eum
421 2707 459 2742 in
473 2706 688 2752 Diouysiano
710 2706 808 2752 cyclo
823 2717 972 2752 aeraque
987 2707 1166 2742 communi
1180 2709 1309 2742 certam
1319 2707 1457 2742 nullam
1473 2709 1643 2744 rationem
1658 2721 1718 2745 ex-

172 2762 296 2799 tricare
316 2767 476 2809 possent,
500 2775 541 2798 eo
563 2764 705 2798 tandem
727 2762 930 2798 difficultate
950 2764 1028 2810 ipsa
1048 2764 1262 2809 quaestionis
1285 2764 1414 2801 redacti
1435 2769 1536 2808 sunt,
1563 2771 1602 2801 ut
1627 2778 1719 2802 anno

174 2829 274 2854 aerae
289 2817 501 2856 Christianae
517 2833 579 2856 xrr.
595 2831 736 2867 passum
754 2820 932 2855 dominum
948 2824 1185 2856 asseverantes
1195 2847 1204 2864 ,
1227 2822 1271 2856 ab
1293 2822 1530 2858 incarnatione
1545 2824 1718 2860 tricesimo

175 2879 313 2921 quarto,
328 2887 409 2920 xxr,
423 2877 495 2914 sivo
510 2879 626 2924 potius
644 2889 736 2919 xxn,
758 2877 858 2912 annis
875 2877 1054 2912 aberrasse
1068 2877 1275 2924 Dionysium
1291 2879 1482 2914 crederent:
1504 2884 1544 2915 ut
1559 2882 1618 2927 qui
1634 2882 1717 2917 duo-

174 2931 346 2967 decimum
361 2943 491 2970 annum
504 2935 604 2970 illum
616 2935 832 2970 constituerit
843 2944 947 2980 quem
963 2947 1082 2970 xxxrv.
1097 2945 1279 2972 numerare
1294 2935 1478 2972 debuisset.
1505 2937 1642 2973 Etenim
1658 2941 1718 2974 uni

173 2999 264 3024 anno
277 2988 478 3026 duodecimo
490 2992 661 3038 quadrant
671 2992 731 3026 illa
743 3002 831 3038 quae
844 2991 1014 3033 diximus;
1030 2993 1080 3026 uti
1091 2992 1177 3028 feria
1188 3005 1234 3029 v1.
1250 2993 1286 3028 in
1297 3005 1378 3028 xxv.
1390 2995 1510 3030 Martii
1525 2997 1716 3038 conveniat,

175 3046 272 3090 cyclo
292 3047 376 3081 solis
392 3059 485 3091 xxr.,
505 3049 605 3084 litera
620 3049 694 3091 CB,
718 3050 820 3084 lunae
836 3060 911 3086 xm.
941 3048 1031 3085 Vide
1052 3059 1141 3095 quae
1164 3061 1209 3085 ex
1231 3050 1388 3088 Mariano
1413 3063 1452 3086 ac
1476 3044 1658 3099 sigeberto
1679 3051 1718 3086 in

1411 3120 1448 3152 ι.

1756 482 1782 508 p.
1798 476 1853 501 146.

1755 2787 1782 2813 ρ.
1796 2781 1852 2807 147.
