2008 3294
1597 149 1718 187 CXLV

173 261 256 288 vero
269 251 413 288 totidem
422 279 431 296 ,
447 251 521 288 dies
537 252 660 290 40681.
685 252 836 291 Biduum
850 261 934 300 ergo
949 248 1047 288 deest
1061 249 1532 300 ogdoecontatessaraassteridi
1546 254 1658 290 lunari
1674 253 1718 289 ad

173 310 258 346 solis
272 310 424 347 rationes
438 309 690 356 adipiscendas.

262 367 391 403 Verum
412 365 506 402 aliud
527 370 581 402 est
603 369 758 415 τεχνικῶς
781 366 874 403 etad
887 365 1088 402 methodum
1105 369 1240 414 cyclum
1256 367 1468 411 describere,
1489 368 1582 405 aliud
1607 368 1649 403 ad
1670 369 1717 403 ci-

148 448 151 452 ›
172 422 277 459 vilem
302 426 443 471 ceptum
471 423 706 460 accomodare.
752 423 1086 461 Tesseradeeeeteris
1107 423 1247 459 Iudaica
1268 436 1312 460 ex
1334 424 1496 461 methodo
1517 429 1552 460 et
1575 427 1715 471 φυσικῶς

173 479 246 516 dies
261 479 384 516 habuit
397 479 502 525 5108,
519 479 622 516 horas
637 481 677 525 4,
693 481 826 517 Iuliane
840 492 920 518 vero
935 479 1042 523 5113,
1058 479 1132 516 hor.
1148 481 1198 516 12.
1225 482 1336 517 Maior
1351 481 1436 518 haec
1453 486 1508 518 est
1521 483 1580 519 illa
1595 482 1715 518 diebus

171 535 210 580 5,
231 536 306 575 hor.
325 536 358 574 8.
405 537 451 573 At
465 537 640 579 πολιτικῶς
655 539 722 574 soli
737 537 810 574 dies
829 540 1063 580 numerantur,
1084 537 1190 573 horae
1205 537 1418 582 differuntur,
1442 540 1550 575 donec
1567 539 1716 575 solidum

172 592 264 630 diem
279 594 470 640 attigerint.
501 593 670 637 Quocirca
684 596 778 642 prior
792 595 910 642 cyclus
924 594 996 630 dies
1013 594 1146 630 obtinet
1160 594 1265 638 5108,
1288 597 1450 643 syzygias
1469 596 1548 640 173,
1570 607 1717 644 quarum

170 650 294 698 plenas
308 654 392 687 sunt
406 651 466 694 91,
483 662 590 688 cavae
601 651 664 696 823
680 664 769 700 quae
784 653 939 695 elur-is,
955 651 1069 699 quoad
1084 651 1159 687 fleri
1173 655 1305 699 potest,
1322 653 1576 700 dispensantur,
1591 665 1717 690 novem

172 708 344 756 exceptis,
367 708 493 755 quibus
513 709 638 756 plenae
659 721 762 747 cavas
784 709 966 748 excedunt.
995 709 1109 745 Horae
1125 709 1147 744 4
1168 709 1204 744 in
1220 709 1308 755 cycli
1331 710 1472 745 maioris
1488 711 1594 747 finem
1610 723 1717 747 reser-

170 768 306 802 ventur.
337 764 471 802 Rursus
486 765 622 802 Iuliana
636 766 958 805 tessusdscasooeis
974 766 1119 803 civiliter
1134 765 1255 801 diebus
1270 771 1406 802 constat
1421 767 1520 803 5113.
1551 768 1641 803 Nam
1656 768 1717 804 ho·

170 832 230 857 ree
246 822 287 858 12
301 822 529 869 relinquntur.
575 823 711 860 Desunt
724 824 841 871 itaque
852 824 956 861 lunae
970 823 1015 859 sd
1030 823 1179 859 solarem
1195 822 1337 858 modum
1361 824 1432 859 dies
1447 824 1480 859 5.
1528 825 1621 868 Quos
1638 826 1716 872 Epi-

169 877 319 927 phe-nim
335 880 372 916 in
389 881 665 927 octuagesimum
682 885 844 928 quartum
862 892 1010 924 annum,
1033 881 1106 916 sive
1127 881 1217 926 cycli
1237 880 1376 916 maioris
1398 881 1504 916 finem
1524 887 1716 918 reservatos

171 934 288 981 docet,
309 940 350 973 ut
369 939 445 972 tum
465 936 605 974 demum
627 937 759 976 solidus
780 938 912 975 mensis
927 941 1026 974 extra
1041 937 1195 975 ordinem
1210 937 1432 973 intercalatus
1447 938 1560 976 fuerit.
1606 941 1716 986 Igitur

169 993 207 1030 in
224 1006 247 1030 v
261 994 434 1042 prioribus
451 995 576 1041 cyclis,
591 995 653 1043 qui
666 995 797 1044 singuli
811 995 883 1031 dies
898 994 1026 1037 hebent
1038 994 1140 1038 5108,
1156 995 1320 1041 syzygiae
1334 999 1418 1030 sunt
1435 995 1508 1039 173,
1524 997 1716 1043 plenaefll,

171 1060 280 1088 cevas
293 1050 350 1087 82.
384 1050 585 1088 Postremus
595 1078 605 1096 ,
621 1052 694 1088 slve
708 1056 850 1096 sextus,
865 1052 938 1088 dies
953 1051 1088 1098 colligit
1099 1051 1205 1094 5109,
1221 1051 1336 1087 addito
1351 1063 1436 1095 uno,
1454 1054 1573 1100 quiex
1589 1053 1682 1090 horis
1693 1055 1715 1090 4

169 1108 420 1155 appendicibus
436 1108 616 1145 confletur.
660 1109 796 1146 Accidit
810 1109 931 1145 deinde
945 1109 1069 1157 plenus
1085 1120 1130 1144 ex
1146 1108 1266 1145 diebus
1282 1109 1304 1144 5
1318 1110 1449 1145 mensis
1459 1136 1468 1152 ‚
1490 1111 1550 1156 qui
1569 1112 1715 1158 singulis

169 1165 576 1203 tessaradeeeeteridibus
595 1165 707 1202 relicti
726 1170 819 1204 sunt.
866 1166 919 1202 lta
941 1166 1095 1214 syzygiis
1118 1170 1255 1203 constat
1275 1165 1332 1202 hic
1346 1167 1464 1213 cyclus
1481 1168 1623 1203 ultimus
1642 1169 1715 1212 174,

169 1223 282 1270 plenis
295 1221 349 1268 93,
365 1223 459 1266 cavis
470 1223 527 1260 81.
556 1222 773 1270 colliguntur
787 1224 951 1271 syzygiae
966 1223 1003 1259 in
1017 1223 1063 1258 84
1077 1224 1196 1267 annis,
1216 1223 1319 1266 10393
1336 1235 1481 1270 querum
1495 1225 1620 1272 plenae
1634 1230 1716 1261 sunt

169 1275 253 1324 548,
275 1290 382 1317 cavae
396 1279 475 1318 491.
518 1279 721 1318 Diffieronus
733 1281 915 1328 plenarum
930 1284 967 1316 et
981 1291 1161 1324 cavarum,
1179 1280 1235 1316 45.
1280 1280 1362 1316 Dies
1378 1293 1480 1329 porro
1495 1286 1579 1318 sunt
1593 1283 1714 1320 40679.

169 1335 223 1372 Ad
232 1335 326 1373 hunc
336 1336 478 1375 modum
491 1337 641 1375 ordinari
650 1341 814 1386 poterunt
826 1338 979 1374 minores
993 1338 1053 1374 isti
1068 1338 1168 1384 cycli.
1190 1337 1319 1381 Verum
1334 1338 1366 1374 si
1380 1339 1520 1375 alternis
1535 1341 1715 1386 plenorum

169 1403 402 1443 cavommque
416 1394 589 1431 mensium
604 1399 832 1443 propagatam
847 1395 1102 1431 successionem
1117 1395 1280 1438 velimus,
1302 1396 1491 1432 bellissime
1510 1397 1545 1432 id
1566 1397 1640 1432 fieri
1655 1409 1715 1444 po-

169 1451 253 1495 tait,
267 1451 548 1498 quandoquidem
562 1451 638 1488 dies
650 1451 763 1488 40679
778 1463 838 1499 per
852 1451 897 1489 59
912 1451 1015 1488 divisi
1029 1451 1113 1488 dant
1127 1453 1291 1498 syzygias
1305 1453 1426 1499 plenas
1440 1453 1518 1496 520,
1534 1465 1637 1490 cavas
1650 1455 1715 1490 519

169 1511 206 1544 et
219 1507 264 1544 28
278 1508 352 1544 dies
366 1509 536 1556 reliquos,
559 1509 620 1555 qui
639 1512 680 1545 ut
699 1508 744 1544 ad
766 1509 893 1545 iustam
913 1509 1095 1556 syzygiam
1115 1510 1336 1556 perveniant,
1359 1521 1452 1546 unus
1475 1510 1548 1546 dies
1571 1522 1590 1546 e
1614 1513 1716 1558 plena

169 1565 334 1613 quopiam
350 1560 484 1602 detrahi
498 1568 634 1612 potest,
651 1576 718 1613 quo
735 1566 806 1602 siut
819 1566 943 1614 plenae
957 1566 1041 1610 519,
1064 1577 1170 1602 cavae
1185 1566 1263 1602 521.
1308 1567 1383 1603 Hoc
1397 1568 1428 1602 si
1442 1567 1559 1603 Iudaei
1573 1572 1648 1604 tum
1662 1569 1714 1604 in-

169 1621 361 1666 stituerint,
373 1622 759 1659 tenandecefiteridem
773 1623 817 1659 ad
832 1622 1032 1659 methodum
1049 1623 1221 1659 duntaxat
1234 1628 1459 1671 usurparunt,
1474 1635 1553 1661 cum
1570 1626 1715 1660 civiliter

168 1689 307 1717 meuses
323 1679 464 1716 alternis
479 1678 524 1716 80
539 1683 574 1717 et
588 1679 632 1716 29
647 1679 720 1716 dies
737 1680 942 1717 obtinerent.
985 1681 1126 1716 Atenim
1141 1680 1234 1716 orbis
1249 1679 1304 1717 hic
1321 1692 1491 1717 annorum
1507 1693 1637 1718 nxxxrv
1654 1683 1713 1717 ab-

169 1739 223 1773 est
236 1736 380 1773 scabri
391 1737 572 1773 ratiocinio
587 1737 692 1774 biduo
707 1737 861 1784 integro,
884 1743 906 1773 a
927 1737 1041 1774 lunari
1055 1749 1135 1773 vero
1157 1738 1236 1785 plus
1258 1738 1381 1774 triduo.
1427 1738 1515 1774 Nam
1530 1739 1654 1774 Iuliani
1669 1738 1714 1773 34

169 1793 252 1831 enni
267 1793 340 1829 dies
355 1793 543 1831 confidunt
556 1793 685 1838 40681,
703 1794 843 1830 lunares
858 1805 940 1830 vero
956 1794 1146 1830 secundum
1161 1794 1294 1830 medios
1308 1799 1425 1831 motus
1440 1795 1568 1837 40682,
1588 1794 1662 1831 hor.
1680 1795 1711 1831 6.

167 1848 236 1886 51'.
258 1849 394 1887 Desunt
406 1851 523 1898 itaque
539 1850 1010 1899 ogdoecontatessareiteridi
1025 1851 1183 1886 Iudaicae
1198 1851 1270 1886 dies
1279 1851 1314 1894 -3,
1329 1851 1401 1887 hor.
1415 1852 1446 1887 7.
1470 1851 1562 1887 Sane
1578 1852 1712 1887 Iudaeis

167 1906 210 1944 in-
226 1905 292 1943 Ῑιοο
315 1917 487 1945 annorum
508 1908 654 1944 ohcuitu
673 1919 753 1945 cum
767 1908 940 1943 lunarium
956 1908 1215 1943 neomeniarum
1239 1906 1499 1943 ἀποκατάστασιν
1522 1908 1614 1950 fieri;
1638 1914 1712 1945 tum

167 1963 279 2007 solem
293 1974 373 2001 cum
383 1964 469 2001 luna
479 1965 578 2012 paria
586 1964 700 2001 facere
712 1975 918 2012 persuasum
933 1976 1010 2000 esse
1026 1966 1185 2012 oportuit.
1208 1965 1347 2011 Alioqui
1362 1966 1495 2001 nullam
1510 1967 1595 2012 cycli
1610 1965 1711 2001 huius

167 2019 371 2057 instituendi
385 2029 547 2060 caussam
561 2020 776 2058 habuissent.
822 2022 935 2064 Quare
957 2025 1030 2058 tam
1050 2022 1088 2058 in
1106 2022 1227 2057 solaris
1243 2022 1327 2056 anni
1343 2033 1448 2068 quam
1462 2023 1593 2058 lunaris
1607 2024 1710 2059 modo

167 2076 361 2116 definiendo
385 2079 563 2115 aberrasse
584 2089 728 2116 necesse
750 2082 807 2115 est
827 2079 871 2115 ab
894 2079 1073 2126 utriusque
1094 2079 1303 2121 rationibus,
1327 2082 1364 2115 et
1388 2080 1545 2115 lunarem
1574 2081 1711 2127 quidem

167 2133 300 2171 dierum
314 2134 399 2179 354,
421 2134 584 2172 horarum
601 2135 639 2180 8,
656 2136 810 2183 praecise
831 2137 1069 2179 constituisse;
1092 2136 1240 2171 solarem
1256 2146 1338 2171 vero
1354 2135 1437 2179 365,
1460 2136 1535 2174 hor.
1552 2138 1574 2172 5
1595 2139 1709 2173 minus

167 2191 244 2238 “lu
260 2192 334 2228 sive
348 2192 405 2240 y„
420 2203 545 2240 nsanpe
561 2193 694 2228 dierum
709 2192 792 2236 365,
808 2192 881 2228 hor.
893 2193 926 2236 5,
941 2191 1042 2238 34²ss
1058 2193 1113 2227 vel
1128 2192 1205 2227 365.
1221 2192 1276 2227 34.
1296 2191 1404 2239 17¹s,¹.
1451 2193 1550 2236 Quod
1564 2195 1710 2230 fortasse

166 2258 288 2286 verum
302 2252 365 2285 ost
387 2249 478 2286 Nm
493 2249 585 2296 quod
597 2250 643 2285 ad
656 2251 764 2286 solem
778 2253 928 2297 spectat,
944 2261 1023 2285 cum
1038 2250 1153 2285 minus
1170 2260 1274 2296 quam
1291 2249 1312 2284 6
1327 2249 1429 2285 horas
1446 2251 1650 2297 appendices
1666 2251 1710 2286 ad

166 2305 233 2342 365
249 2305 322 2342 dies
337 2305 531 2344 addendum
547 2318 624 2342 esse
639 2307 782 2350 scirent,
804 2307 835 2342 si
854 2307 1010 2347 lunarem
1032 2317 1163 2342 aunum
1181 2307 1336 2353 praecise
1351 2307 1481 2342 dierum
1497 2307 1579 2350 354,
1601 2307 1673 2344 hor.
1688 2308 1709 2342 3

166 2362 336 2407 fecerent,
356 2374 435 2402 eam
449 2364 516 2400 soli
530 2364 758 2411 quantitatem
772 2364 920 2399 tribuere
935 2368 1136 2411 potuerunt,
1160 2374 1249 2410 quae
1265 2375 1357 2399 anno
1373 2365 1566 2410 septenario
1577 2391 1585 2406 ,
1607 2365 1641 2399 id
1658 2370 1710 2399 est

167 2417 228 2463 84,
243 2420 347 2457 lunae
361 2421 511 2457 tationes
527 2420 744 2467 adaequaret.
765 2419 819 2455 Ex
832 2431 899 2467 qno
911 2421 996 2456 illud
1007 2421 1111 2456 etiam
1129 2425 1287 2467 apparet,
1304 2421 1402 2455 cuius
1417 2431 1542 2456 caussa
1557 2422 1709 2468 disputa—

165 2476 298 2515 tionem
307 2476 398 2513 hanc
407 2477 559 2524 ingressi
575 2488 714 2519 sumus,
731 2477 1019 2524 quemadmodum
1031 2477 1189 2513 Iudaicus
1201 2477 1319 2522 cyclus
1331 2478 1531 2513 neomenias
1544 2479 1708 2514 coelestes

165 2533 282 2573 triduo
294 2534 351 2569 vel
366 2534 565 2581 quatriduo,
582 2534 798 2580 aequinoctia
814 2534 917 2570 biduo
933 2534 1102 2580 paulatim
1117 2537 1319 2569 antevertat.
1343 2533 1417 2568 Etsi
1431 2545 1502 2570 non
1516 2536 1596 2582 plus
1613 2536 1707 2571 bidui

167 2591 403 2628 successione
418 2591 495 2628 fieri
509 2591 651 2626 credidit
665 2589 876 2637 Epiphanius
885 2617 895 2633 ‚
916 2590 982 2626 hoc
997 2594 1052 2626 est
1072 2590 1174 2626 annis
1189 2601 1320 2626 »xxxxv
1335 2590 1514 2627 lunaribus
1529 2593 1670 2628 totidem
1687 2604 1708 2628 a

167 2644 301 2697 Induis
316 2648 513 2695 assignatos
526 2648 614 2690 dies,
632 2650 716 2694 quot
727 2647 763 2682 in
774 2647 875 2682 aunis
886 2647 1028 2683 Iulianis
1040 2647 1160 2682 insunt
1169 2673 1177 2689 ,
1192 2657 1317 2693 nempe
1329 2647 1438 2683 40681
1450 2662 1459 2690 ;
1474 2652 1514 2684 ut
1526 2653 1600 2685 tum
1616 2651 1707 2686 iuste.

169 2705 426 2743 numeni-rum
441 2703 701 2744 ἀποκατάστασις
717 2715 793 2740 esse
808 2705 967 2750 potuerit.
1011 2703 1102 2738 Nam
1121 2714 1167 2738 ex
1186 2704 1280 2739 illius
1303 2703 1368 2740 hoc
1379 2706 1495 2740 verbis
1510 2711 1623 2753 potest
1638 2709 1706 2742 col-

169 2759 233 2806 ligi
244 2761 372 2806 quibus
378 2762 636 2808 aequinoctium
649 2772 688 2796 ac
702 2761 930 2808 plenilunium
942 2761 996 2794 die
1011 2760 1127 2795 martii
1139 2771 1225 2795 xxn.
1241 2761 1428 2807 contigisse
1443 2761 1558 2798 docuit
1573 2764 1659 2798 feria
1670 2777 1705 2807 1.,

171 2826 252 2851 cum
265 2817 303 2852 in
313 2817 437 2854 vitioso
449 2819 654 2855 Iudaeorum
666 2818 761 2864 cyclo
773 2817 808 2852 id
821 2817 982 2852 acciderit
993 2817 1047 2852 die
1058 2828 1116 2852 xx.
1139 2816 1230 2852 Nam
1244 2829 1314 2853 xrv.
1327 2819 1446 2854 lunam
1461 2820 1510 2854 ait
1522 2821 1705 2856 incurrisse

171 2872 208 2907 in
221 2872 344 2908 feriam
358 2886 392 2911 v.
414 2885 504 2922 quae
526 2875 752 2911 conveniebat
773 2874 890 2908 Martii
903 2886 975 2909 xix.
1021 2873 1170 2908 Biduum
1191 2874 1297 2920 igitur
1318 2875 1362 2910 ad
1384 2876 1559 2912 Iudaicum
1574 2889 1705 2913 annum

171 2932 245 2964 tam
255 2929 405 2967 solarem
415 2941 519 2979 quam
530 2933 686 2968 lunarem
699 2931 807 2966 defnit
816 2930 998 2977 Epiphanii
1011 2931 1196 2974 sententia3
1213 2932 1303 2977 quod
1319 2936 1357 2967 ut
1371 2933 1579 2977 ostenderet,
1595 2939 1705 2969 totam

172 2985 268 3020 illam
284 2985 325 3020 de
340 2987 476 3024 Iudaico
498 2991 596 3035 cyclo
619 2989 893 3024 dissertationem
915 2997 1100 3033 aggressus
1123 2994 1192 3031 est,
1215 2988 1407 3036 ididemque
1430 2991 1466 3025 id
1489 2991 1579 3038 quod
1602 2992 1703 3027 modo

241 3059 325 3095 Corp.
344 3061 506 3090 Heereseol.
517 3064 568 3091 111.
1407 3059 1437 3094 K

1751 903 1778 928 p.
1792 894 1850 923 163.
