2008 3294
1533 179 1706 217 CCLXXI

1307 287 1314 294 ο
1354 287 1361 293 ι
1401 286 1407 294 ι
1446 286 1452 293 u

153 350 190 378 ut
202 344 341 382 iubeant
352 343 522 381 iudicibue
538 345 624 378 dare
635 337 760 389 'petitos
774 342 841 377 sibi
866 343 1059 387 defensores
1078 341 1314 383 scholasticos,
1337 344 1394 388 qui
1411 344 1446 376 in
1464 347 1543 377 acm
1558 343 1641 383 sint,
1656 341 1710 375 vel

152 403 190 435 in
204 402 316 447 officio
332 401 558 447 defensionum
582 412 783 435 caussarum
804 399 1130 441 ecclesiasticarum,
1154 411 1244 434 more
1265 400 1479 434 sacerdotum
1494 400 1707 445 provinciae,

153 463 191 492 ut
202 459 304 494 iidem
318 459 389 504 ipsi
400 463 464 498 etc.
481 457 838 503 habeantfacultatem
851 456 989 501 inqreda·
1003 457 1153 490 iudicum
1165 458 1369 491 secretaria.
1404 455 1564 492 Meminit
1579 458 1615 491 et
1626 454 1708 491 Gat-

151 513 286 561 thagin.
299 526 332 550 v.
350 513 490 550 canone
506 526 554 551 1x.
579 517 614 549 et
629 514 831 551 Africanum
846 516 940 550 tomo
959 524 980 549 ι.
998 511 1231 548 Conciliorum
1249 512 1332 549 Can.
1346 525 1444 556 ηιμ,
1469 516 1504 548 et
1525 512 1607 549 alibi
1629 523 1708 560 pas·

153 571 230 609 sim.
267 570 429 607 Zosimus
444 571 554 618 Epist.
568 584 592 607 1.
623 571 714 607 Sane
729 577 767 607 ut
780 572 971 617 defensores
987 570 1161 611 eeclesiae,
1179 573 1236 616 qm*
1252 582 1291 604 ex
1307 571 1410 604 laicis
1417 571 1517 616 fiunt,
1532 582 1640 616 supra
1657 571 1708 605 dn·-

154 635 210 663 cta
223 627 453 663 observatione
465 634 651 670 teneantur,
664 631 696 662 εἰ
706 629 888 663 meruerint
898 639 967 662 eece
980 629 1014 661 in
1028 628 1146 661 ordine
1160 628 1353 662 clericatus.
1370 625 1526 668 Ἔκδικος
1539 626 1708 663 aGraecis

152 687 314 721 vocatur„
353 685 393 720 In
417 685 570 722 Concilio
595 685 800 721 Chalcedon.
817 683 900 721 Gan.
914 696 951 720 11.
975 688 1197 719 recensentur
1220 682 1410 730 οἰκονόμος,
1435 682 1560 724 ἔκδικος
1570 711 1578 726 ,
1603 696 1709 731 παροι-

153 739 314 789 μονάριος.
339 741 572 784 Quamobrem
589 740 773 790 προστάτην
790 741 936 779 eundem
953 752 1030 777 esse
1045 741 1263 788 suspicamur
1275 745 1380 787 atque
1393 738 1531 777 ἔκδικον.
1554 741 1710 778 Tametsi

151 797 313 835 Baleamo
331 799 373 834 ad
390 787 632 836 A‘fricanarum
655 799 868 846 synodorum
889 809 1057 842 canones,
1083 799 1142 845 qui
1163 799 1199 835 in
1220 809 1327 833 unum
1348 799 1444 834 misti
1465 802 1563 842 sunt,
1585 798 1629 834 ad
1645 798 1709 834 Ca·

151 866 278 890 nonem
295 867 453 900 Lxxvnr„
470 857 530 903 qui
546 860 600 893 est
614 857 704 893 inter
719 855 881 895 Africana
898 856 1060 898 concilia,
1077 866 1167 903 quae
1182 855 1248 890 sub
1266 855 1462 891 coelestino
1479 860 1514 891 et
1527 855 1708 892 Bonifacio

151 913 324 948 celebrata
340 917 432 956 sunt,
449 913 735 960 quadragesimus
751 913 935 956 secundus,
951 912 1086 948 dubitat
1102 916 1216 948 utrum
1230 912 1430 947 defensores
1444 917 1475 947 et
1491 911 1611 947 ἔκδικοι
1627 917 1708 948 ante

151 968 216 1004 hoe
233 970 368 1005 concilii
382 974 519 1018 tempus
535 971 587 1006 illi
601 970 738 1006 fuerint.
763 970 808 1004 Σὺ
826 968 861 1004 δὲ
877 969 1016 1018 γίνωσκε
1033 967 1083 1003 ὅτι
1098 968 1118 1014 ἡ
1136 970 1225 1009 δόσις
1243 970 1308 1003 τῶν
1325 968 1473 1015 ἐκδίκων,
1490 971 1510 1014 ἢ
1529 970 1582 1004 καὶ
1599 971 1708 1016 δεφεν-

152 1026 260 1074 σόρων
273 1027 471 1075 λεγομένων,
489 1025 548 1062 εἴτε
565 1026 628 1062 ἀπὸ
646 1029 704 1062 τοῦ
721 1028 881 1074 παρόντος
898 1027 1032 1067 κανόνος
1046 1023 1144 1071 ἔλαβε
1155 1025 1213 1071 τὴν
1227 1024 1349 1073 ἀρχὴν,
1368 1026 1427 1060 εἴτε
1441 1027 1493 1061 καὶ
1506 1027 1623 1062 τούτου
1637 1026 1709 1062 ἐπε-

152 1082 340 1130 γινώσκετο,
355 1082 567 1131 δι’ἕπιλογῶν
575 1085 641 1119 τῶν
653 1084 892 1119 κατοικούντων
905 1082 1040 1127 ἐκάστης
1054 1083 1182 1124 πόλεως
1196 1082 1327 1130 ἐγίνετο.
1347 1083 1414 1118 Sed
1428 1084 1485 1119 diu
1500 1088 1580 1119 ante
1593 1084 1709 1120 defen-

153 1151 248 1176 sores
262 1141 419 1177 extitisse
432 1141 617 1179 verisimile
631 1145 692 1184 est,
707 1141 917 1189 eosdemque
930 1139 1114 1188 προστάτας
1126 1141 1161 1176 in
1178 1141 1239 1176 illa
1255 1141 1507 1188 subscriptione
1523 1143 1707 1179 nominari.

342 1244 402 1280 AD
427 1243 658 1281 HAERESIM
680 1244 852 1297 Lxxm„
877 1243 997 1288 QUAE
1021 1243 1105 1281 EST
1129 1243 1521 1282 SEMIARIANORUM.

241 1311 284 1350 N.
301 1324 325 1349 1.
357 1312 418 1348 Καὶ
433 1312 594 1360 Γεώργιος
612 1311 630 1348 ὁ
646 1313 834 1354 Λαοδικείας
851 1315 906 1358 τῆς
922 1313 1004 1360 πρὸς
1020 1312 1249 1360 Ἀντιόχειαν]
1288 1314 1390 1350 Hunc
1405 1315 1520 1350 locum
1533 1314 1710 1360 integrum

151 1380 223 1405 uon
246 1380 323 1405 esse
347 1370 515 1417 suspicari
536 1370 661 1417 aliquis
681 1370 803 1418 possit.
850 1370 940 1406 Nam
954 1370 1126 1407 Laodicea
1142 1371 1265 1417 Syriae
1286 1370 1372 1407 nihil
1392 1371 1435 1407 ad
1450 1361 1617 1418 Da'phnen
1632 1383 1708 1419 per-

149 1426 247 1462 tinet.
277 1426 479 1464 Antiochiae
493 1438 596 1475 porro
611 1426 734 1474 Syriae
749 1431 854 1475 caput
869 1432 1103 1475 cognomento
1120 1426 1172 1462 ἐπὶ
1189 1427 1337 1475 Δάφνης,
1361 1428 1406 1464 ab
1430 1429 1709 1465 amoenisissimo

151 1483 335 1528 suburbio,
359 1494 381 1519 a
402 1483 535 1521 Latinis
557 1484 663 1520 etiam
679 1484 920 1532 Epidapmees,
944 1489 984 1520 ut
1006 1485 1100 1532 apud
1121 1485 1209 1521 Plin.
1226 1485 1284 1520 lib.
1302 1498 1334 1520 v.
1359 1496 1435 1533 cap.
1453 1497 1534 1523 xxv.
1567 1486 1709 1523 Tacitus

152 1541 211 1576 lib.
223 1553 262 1577 ιι.
276 1540 367 1577 Anu.
383 1541 432 1577 ait
450 1542 652 1578 Germanice
667 1543 856 1588 sepulcrum
870 1542 1078 1579 Antiochiae
1095 1545 1317 1584 comtitutum,
1334 1543 1393 1577 ubi
1407 1549 1587 1586 crematus,
1605 1544 1708 1578 m'bu-

124 1634 127 1638 Α
152 1597 214 1636 nal
227 1597 476 1645 Epidaphnae,
499 1611 560 1645 quo
582 1601 618 1634 in
639 1600 711 1635 loco
726 1601 992 1645 vitamfinierat.
1038 1599 1211 1636 Nimirum
1234 1599 1326 1646 quod
1350 1598 1402 1635 ἐπὶ
1425 1598 1555 1647 Δάφνῃ,
1578 1602 1634 1636 vel
1657 1599 1710 1637 ἐπὶ

153 1652 282 1701 Δάφνης
304 1655 423 1691 crebro
445 1656 692 1700 nominaretur,
714 1657 812 1703 vulgi
833 1656 1082 1693 consuetudine
1103 1656 1251 1699 factum,
1274 1660 1314 1692 ut
1336 1667 1404 1692 una
1424 1668 1508 1692 voce
1524 1655 1707 1704 Ἐπιδάφνη

152 1711 296 1759 Daphne
318 1712 396 1759 ipsa
419 1712 602 1759 diceretur-3
631 1713 922 1760 quemadmodum
949 1725 992 1749 ex
1018 1713 1153 1750 duabus
1180 1714 1257 1750 istis
1280 1713 1472 1751 Homericis
1496 1715 1640 1750 vocibus
1665 1713 1708 1750 εἰν

152 1767 312 1816 Ἀρίμοις,
327 1769 505 1806 Inarimen
521 1769 692 1806 conflasse
703 1770 889 1817 Virgilium
904 1771 1123 1817 grammatici
1145 1771 1377 1817 suspicantur.
1424 1770 1538 1814 Quare
1559 1783 1630 1807 non
1652 1783 1708 1807 ae-

153 1826 282 1863 sentior
299 1825 440 1870 Ortelio,
456 1827 517 1873 qui
532 1827 624 1874 apud
636 1827 796 1863 Tacitum
811 1831 847 1863 et
860 1827 1011 1864 Plinium
1027 1839 1090 1875 pro
1106 1828 1326 1874 Epidapkne,
1342 1828 1399 1863 vel
1414 1828 1640 1876 Epidaphnae
1654 1841 1708 1865 re-

152 1882 370 1920 scribendum
385 1883 492 1921 eredit
505 1883 639 1920 Latinis
654 1885 816 1927 vocibus,
839 1887 934 1931 apud
950 1885 1132 1932 Daphnen.
1162 1885 1215 1920 Ex
1237 1885 1282 1920 iis
1305 1885 1429 1921 merito
1452 1886 1578 1922 eoniiei
1591 1890 1709 1934 potest

152 1939 244 1986 apud
253 1939 484 1987 Epiphmium
498 1941 636 1978 inverso
647 1941 832 1978 verborum
844 1942 963 1979 ordine
975 1942 1026 1978 ita
1035 1942 1107 1988 legi
1119 1942 1233 1989 potius
1248 1946 1416 1989 oportere,
1432 1945 1489 1987 τῆς
1502 1942 1584 1989 πρὸς
1593 1942 1706 1990 Δάφνῃ

153 1995 346 2044 Ἀντιχιίας,
370 2007 475 2044 quam
492 1999 548 2042 τῆς
565 1998 647 2045 πρὸς
663 1996 806 2046 Ἀντιοχ.
819 2000 903 2045 Δαφ.
950 1999 1070 2046 Neque
1093 2003 1211 2035 tamen
1233 2003 1417 2046 propterea
1432 2000 1636 2046 explicatior
1651 2000 1707 2036 hie
1763 2028 1771 2037 .

151 2054 225 2101 ipae
239 2054 336 2090 locus
349 2053 465 2093 fuerit.
490 2053 732 2098 Quaerendum
750 2056 843 2091 enim
858 2059 1038 2103 praeterea
1053 2067 1114 2092 cur
1124 2056 1296 2092 Laodicea
1310 2058 1366 2101 τῆς
1378 2055 1575 2104 Ἀντιοχείας
1590 2059 1708 2105 appel·

151 2111 264 2147 letur?
294 2111 349 2147 An
364 2109 429 2148 hoe
446 2111 717 2149 existimandum
733 2116 802 2156 est,
824 2112 1047 2150 Antiochiam
1062 2114 1116 2149 vel
1133 2113 1302 2161 Daphnen
1325 2125 1388 2161 pro
1409 2114 1552 2160 regione
1573 2115 1652 2162 ipsa
1673 2119 1708 2150 et

153 2166 348 2217 eoelesyria
362 2179 614 2215 nonnunqum
628 2170 813 2216 usurpari?
836 2170 929 2216 quod
949 2171 1129 2218 sequentia
1152 2171 1294 2214 docent,
1317 2182 1396 2207 cum
1418 2171 1513 2206 addit
1531 2171 1634 2218 ἤγουν
1650 2175 1706 2216 τῆς

152 2222 270 2269 Κοίλης
285 2223 413 2272 Συρίας.
434 2225 697 2272 Daphnousium
715 2227 854 2273 quidem
870 2227 1157 2264 comitatensium
1172 2228 1261 2263 inter
1275 2228 1432 2275 legiones
1447 2228 1572 2263 notitia
1585 2230 1706 2264 memi-

152 2281 213 2319 nit.
236 2280 394 2320 Dicerem
405 2282 612 2319 Antiocheni
625 2283 770 2320 alieuius
783 2285 936 2332 episcopi
951 2296 1079 2320 nomen
1091 2283 1148 2320 hie
1160 2285 1358 2328 desiderari,
1374 2285 1405 2320 si
1420 2286 1498 2331 quis
1511 2290 1708 2321 occurreret

153 2338 444 2379 Semiarianerum
454 2339 571 2377 fautor
587 2343 622 2376 et
637 2340 793 2386 signiter,
810 2341 1004 2378 cuiusmodi
1017 2342 1153 2378 nullum
1168 2342 1312 2389 reperio.
1334 2342 1410 2378 Imo
1422 2353 1503 2378 vero
1516 2342 1708 2387 Eudoxias,

152 2395 213 2442 qui
225 2395 477 2438 Antiochenam
492 2397 610 2434 sedem
625 2401 706 2444 post
719 2396 856 2434 Leontii
877 2399 1010 2434 obitum
1035 2400 1234 2446 occupavit,
1258 2398 1380 2434 Basilii
1403 2410 1444 2434 ae
1462 2398 1604 2446 Georgii
1616 2399 1706 2436 Lao·

152 2452 263 2489 diceui
277 2464 338 2500 per
351 2453 413 2490 illa
427 2458 585 2501 tempora
599 2452 710 2489 hostis
726 2454 914 2491 acerrimus
929 2455 1006 2492 fuit.
1038 2455 1125 2491 Vide
1148 2455 1284 2491 Sozom.
1300 2455 1361 2492 lib.
1373 2467 1420 2492 iv.
1436 2466 1510 2503 cap.
1523 2468 1586 2492 ιιι.
1602 2461 1638 2492 et
1651 2468 1706 2493 se-

152 2509 355 2555 quentibus.·
371 2509 494 2547 Credat
508 2511 615 2558 igitur
630 2511 757 2556 aliquis
773 2511 817 2546 ab
833 2511 1024 2558 Epiphanio
1042 2511 1099 2556 τὴν
1116 2510 1168 2546 ἐπὶ
1183 2510 1368 2558 Ἀντιοχείᾳ
1380 2512 1510 2559 Δάφνην
1525 2525 1589 2560 pro
1601 2513 1706 2551 Coele

152 2565 255 2612 Syria
268 2565 423 2604 hocloco
439 2569 546 2610 sumi,
571 2567 663 2614 quod
687 2578 818 2604 novum
832 2567 919 2604 mihi
933 2574 968 2604 et
982 2569 1175 2604 inauditum
1192 2579 1268 2604 esse
1283 2568 1404 2606 fateor.
1451 2569 1550 2612 Quod
1564 2571 1633 2609 nisi
1647 2573 1706 2609 cui

154 2623 350 2662 coniectura
370 2625 438 2661 ista
459 2625 612 2672 placeat,
636 2624 894 2671 simplicissima
923 2629 958 2660 et
979 2625 1128 2661 fortasse
1149 2636 1232 2660 vera
1254 2626 1343 2661 ratio
1375 2630 1444 2669 est,
1473 2630 1513 2662 ut
1533 2627 1706 2670 Laodicea

155 2684 384 2726 cognomento
400 2682 567 2728 Daphnes
582 2682 757 2728 appellata
772 2681 938 2724 videatur,
961 2682 1053 2728 quod
1075 2683 1108 2717 ei
1129 2683 1206 2718 loco
1228 2683 1334 2729 longe
1354 2683 1571 2720 nobilissimo
1593 2696 1634 2721 ae
1649 2697 1704 2722 ce·

155 2734 334 2776 leberrimo
348 2739 544 2786 propinqua
559 2739 665 2781 foret,
689 2737 772 2772 κατὰ
788 2737 963 2782 διαστολὴν
979 2738 1170 2774 Laodiceae
1187 2740 1344 2783 alterius,
1365 2741 1436 2776 imo
1451 2741 1602 2788 plurium
1618 2744 1703 2779 alia-

155 2803 234 2829 rum
255 2795 511 2840 cognominum.
556 2795 650 2830 Inter
672 2794 762 2830 hane
777 2805 876 2836 vero,
901 2795 957 2830 cui
973 2799 1007 2830 et
1023 2795 1190 2831 Gabia-eae
1205 2807 1332 2833 nomen
1348 2797 1510 2842 inditum,
1534 2803 1569 2834 et
1582 2800 1703 2836 Antio-

157 2847 271 2886 chiam
285 2849 328 2885 ad
343 2849 524 2896 Orontem,
546 2852 725 2887 interiecta
744 2851 811 2886 fuit
832 2851 988 2899 Daphne.
1035 2851 1134 2895 Quod
1157 2857 1195 2888 ut
1216 2864 1401 2901 expressus
1420 2855 1609 2892 declararet
1622 2857 1703 2904 Epi-

157 2904 322 2965 phpnius,
350 2907 474 2945 adieeit
492 2908 595 2955 ,ἤγουν
620 2907 738 2951 Κοίλης
762 2907 895 2954 Συρίας,
926 2919 970 2944 ne
1002 2909 1078 2956 quis
1107 2908 1294 2957 Phrygiam
1322 2915 1478 2959 putaret,
1506 2918 1568 2948 aut
1597 2915 1702 2950 aliam

159 2963 356 3009 quamlibet.

246 3018 288 3056 N.
300 3031 343 3058 ιι.
372 3019 412 3056 Ἥ
430 3020 507 3069 ἁγία
520 3022 685 3067 σύνοδος.]
729 3023 861 3070 Magna
882 3023 983 3059 nobis
998 3035 1070 3059 non
1085 3025 1199 3060 solum
1213 3024 1255 3061 de
1270 3024 1463 3073 Epiphanio
1482 3031 1618 3071 nostro,
1640 3028 1700 3063 sed
