2008 3294
239 564 264 588 p.
277 555 335 582 237.

370 216 506 253 CCVIII

369 328 405 356 et
418 321 575 355 humanis
589 319 718 364 leqibus
735 331 804 354 non
811 319 1006 365 prohibeor,
1027 323 1065 355 in
1085 323 1208 355 scortis
1229 322 1379 365 omnique
1399 320 1554 363 luxuria,
1569 319 1768 366 {damnabili
1787 322 1917 367 quidem

371 379 468 423 apud
488 363 669 419 dominum‘,
690 377 753 410 sed
773 377 868 422 apud
889 376 1036 412 homines
1051 378 1231 423 plerosque
1251 379 1351 412 etiam
1367 378 1546 413 laudabili.
1593 380 1667 412 Aut
1679 380 1711 412 si
1724 389 1775 412 me
1790 378 1834 412 ab
1849 377 1917 413 bac

370 437 520 483 nequitia
535 436 723 476 revocatis,
747 435 851 468 dicite
871 439 982 469 amm
999 434 1084 468 mihi
1099 435 1231 479 aliquid
1239 436 1354 479 prosit
1374 435 1423 468 ad
1441 437 1546 469 vitam
1557 437 1732 480 flaturam,
1753 437 1785 470 si
1797 437 1835 469 in
1848 437 1917 470 ista

370 494 444 526 vita
472 491 786 525 illecebrosissimae
814 491 998 537 voluptatis
1026 491 1255 526 blandimenta
1280 497 1521 537 contempsero,
1543 494 1576 526 si
1597 492 1772 527 libidinum
1793 494 1917 527 incita-

369 554 481 583 menta
495 550 726 593 fraenavero‚
747 550 780 581 si
803 549 851 583 ad
874 549 1110 593 cast-‘qondam
1135 560 1258 593 corpus
1279 559 1384 582 meum
1405 549 1510 583 multa
1532 549 1615 583 milii
1636 551 1737 584 etiam
1763 549 1861 584 licita
1887 555 1920 583 et

371 616 533 640 concessa
547 617 733 650 nequem-o,
748 607 782 639 si
794 617 845 640 me
854 606 1056 651 poenitendo
1072 617 1170 651 quam
1181 607 1282 651 prius
1296 604 1518 640 vehementius
1533 609 1790 648 excruciavero,
1812 608 1844 640 si
1857 608 1917 640 nii·

369 663 552 697 ser-abilius
566 665 775 708 inyemuero,
789 663 824 697 si
826 663 956 708 flevero
971 663 1122 704 uberius,
1138 665 1170 696 si
1183 665 1300 697 vixero
1315 663 1447 704 melius,
1462 665 1495 697 si
1502 675 1676 710 pauperes
1689 669 1917 698 sustentavero

370 721 519 765 largius,
541 722 574 754 si
588 722 752 762 caritate,
772 731 860 765 quae
873 722 986 765 operit
998 720 1241 755 multitudinem
1251 725 1490 764 peccatorum,
1501 721 1703 766 flagravero
1724 721 1917 756 ardentius.-

369 780 443 823 quis
455 784 602 812 nostrum
613 779 666 811 ita
678 778 814 823 desipit,
830 783 868 811 ut
878 776 957 811 kuic
969 776 1097 811 bomini
1109 777 1220 818 dicat,
1237 776 1325 810 nibil
1336 776 1400 810 tibi
1409 779 1478 812 ista
1482 778 1675 822 proderunt
1685 781 1723 812 in
1728 771 1916 824 posterum,-

368 836 458 869 vade
472 835 592 868 saltem
606 833 705 869 buius
717 836 810 868 vitae
824 836 994 870 suavitate
1003 835 1210 879 perfruere.¹
1254 833 1405 868 Avertat
1424 835 1505 869 deus
1527 839 1595 869 tam
1614 837 1789 870 immanem
1806 837 1917 885 sacri-

369 892 542 938 leqamque
557 893 766 926 dementiam.
813 890 976 931 Quamvis
991 903 1071 935 erqo
1087 896 1185 926 caute
1200 890 1446 936 salubriterque
1455 893 1630 938 prouisum
1644 894 1703 934 sit,
1718 898 1755 927 ut
1770 893 1861 927 locus
1874 892 1916 926 il-

368 950 435 984 Iius
449 949 656 984 humillimae
665 950 895 995 poenitentiae
909 949 1011 982 semel
1023 950 1061 982 in
1077 949 1223 982 ecclesia
1244 949 1462 991 concedatur,
1485 959 1526 983 ne
1546 950 1714 984 medicina
1733 950 1813 984 vilis
1834 955 1920 984 esset

367 1009 534 1051 acyrone,
557 1018 643 1052 quae
666 1011 759 1041 tanto
772 1007 885 1050 mayis
899 1005 1048 1039 salubris
1064 1012 1128 1047 est,
1151 1011 1274 1051 quanto
1297 1007 1406 1039 minus
1428 1005 1682 1052 contemptibilis
1695 1008 1821 1051 fierit,
1843 1009 1918 1052 quis

367 1070 480 1098 tamen
495 1064 625 1099 audeat
637 1064 769 1105 dicere,
790 1074 896 1109 quare
912 1062 992 1096 huic
1008 1062 1149 1105 homini,
1172 1065 1229 1108 qui
1244 1068 1327 1108 post
1334 1065 1486 1108 primam
1494 1065 1736 1109 poenitentiam
1748 1075 1870 1099 rursus
1881 1075 1918 1098 se

366 1122 500 1167 laqueis
514 1122 705 1167 iniquitatis
720 1121 911 1164 obstrinyit,
935 1119 1048 1154 adbuc
1070 1123 1190 1154 iterum
1206 1122 1354 1165 parcis?
1377 1125 1439 1156 etc.
1485 1119 1681 1166 Augustino
1707 1119 1918 1167 suffragem-

366 1177 573 1215 Ambrosius
589 1177 696 1219 lib.u.
713 1177 755 1212 de
769 1176 905 1213 Poenit.
921 1186 1038 1223 (κομι.
1069 1176 1193 1211 Merito
1209 1176 1512 1223 reprehenduntur,
1528 1179 1586 1223 qui
1598 1180 1734 1223 saepius
1750 1179 1918 1224 aqendam

362 1238 607 1283 poenitentiam
617 1241 759 1281 putant,
776 1236 858 1280 quia
873 1234 1092 1268 luxuriantur
1106 1236 1143 1268 in
1161 1233 1304 1270 Christo.
1350 1233 1445 1268 Nam
1459 1236 1492 1268 si
1505 1245 1584 1268 vere
1599 1237 1918 1281 aqerentpoeniten-

368 1295 467 1336 tiam,
489 1294 684 1328 iterandam
705 1304 771 1326 non
785 1296 968 1337 putav-enm
991 1293 1072 1336 quia
1093 1293 1184 1326 sicut
1203 1303 1304 1325 uerum
1327 1291 1514 1337 baptisma,
1535 1294 1588 1326 ita
1610 1303 1680 1327 una
1696 1294 1917 1339 poenitentia,

367 1362 453 1396 quae
469 1356 580 1384 tamen
589 1349 727 1395 publice
744 1350 871 1393 ayitur.
904 1347 998 1382 Nam
1014 1349 1206 1393 quotidiani
1221 1360 1281 1382 nos
1297 1348 1391 1382 debet
1400 1350 1574 1394 poenitere
1584 1351 1740 1394 peccati,
1752 1350 1817 1385 sed
1830 1349 1917 1385 lsaec

368 1408 564 1442 delictorum
581 1408 758 1447 leviorum,
774 1406 839 1439 illa
849 1407 1058 1450 yraviorum.
1081 1404 1232 1440 Demnm
1247 1404 1415 1451 Origenes
1431 1404 1531 1440 Hom.
1544 1417 1601 1442 xv.
1619 1405 1654 1440 in
1670 1418 1749 1442 xxv.
1763 1416 1837 1453 cap.
1853 1405 1917 1442 Le-

366 1465 427 1500 vit,
459 1465 504 1499 In
517 1463 738 1510 qravioribus
753 1464 840 1497 enim
856 1462 1054 1496 criminibus
1068 1463 1169 1497 semel
1184 1468 1331 1505 tantum,
1350 1463 1405 1497 vel
1423 1475 1507 1498 raro
1521 1465 1747 1509 poenitentiae
1763 1465 1917 1500 concedi-

370 1528 425 1556 tur
441 1522 550 1556 locus.-
573 1523 642 1556 ista
663 1532 742 1555 vero
759 1522 963 1561 eommunia,
985 1531 1072 1565 quae
1084 1509 1283 1566 frequenter
1297 1522 1518 1563 incurrimus,
1540 1532 1668 1566 semper
1678 1521 1917 1567 poenitentiam

366 1581 552 1625 recipiunt,
574 1585 607 1612 et
611 1580 684 1624 fine
698 1579 942 1612 intermissione
956 1578 1176 1612 redimuntur.
1224 1575 1335 1619 Quam
1356 1577 1483 1612 caeteri
1502 1588 1679 1624 nunquam
1698 1577 1815 1613 iterari
1834 1588 1916 1613 con·

364 1635 531 1680 tendunt,
548 1635 716 1682 Origenes
730 1633 921 1677 interdum,
938 1633 1000 1669 sed
1013 1644 1110 1677 raro,
1126 1633 1205 1680 plus
1222 1634 1331 1669 semel
1346 1633 1501 1671 adhiberi
1516 1634 1699 1681 significat.
1732 1633 1845 1678 Quare
1861 1634 1915 1671 hic

365 1693 464 1729 locus
479 1693 631 1739 insignis
647 1697 712 1728 est..
742 1692 872 1727 Verum
886 1690 1119 1726 Alexandriae
1128 1717 1137 1734 ‚
1153 1694 1258 1737 atque
1272 1690 1310 1726 in
1325 1691 1403 1727 aliis
1412 1718 1421 1735 ,
1444 1691 1475 1727 si
1488 1691 1593 1736 forte,
1607 1691 1791 1738 provinciis
1806 1691 1916 1728 diver-

365 1762 446 1786 sum
461 1753 566 1797 atque
580 1750 618 1786 in
634 1749 778 1786 caeteris
793 1759 897 1784 usum
912 1748 1021 1784 fuisse
1036 1748 1215 1795 probabile
1230 1752 1294 1785 est.
1323 1748 1444 1795 Neque
1463 1749 1557 1784 enim
1572 1749 1701 1796 opinor,
1715 1749 1916 1797 posterioris

365 1808 490 1844 aetatis
504 1807 650 1854 rigidior
665 1806 848 1854 disciplina
861 1805 946 1849 fuit,
960 1809 1017 1850 nt,
1037 1816 1118 1841 cum
1132 1809 1236 1841 antea
1250 1805 1483 1853 poenitentiae
1498 1817 1540 1842 ac
1554 1806 1839 1844 reconciliationis
1853 1806 1916 1843 ite-

365 1864 494 1901 randae
509 1868 663 1912 potestas
678 1864 793 1907 fieret,
810 1873 852 1899 ea
866 1866 947 1910 post
961 1863 1110 1910 primam
1123 1862 1286 1910 deinceps
1297 1863 1420 1910 negari
1431 1863 1591 1910 coeperit.
1617 1863 1670 1900 Ita
1684 1863 1823 1911 quidem
1836 1875 1916 1912 pro-

366 1921 604 1958 nunciandum
617 1921 770 1963 videtur,
791 1920 862 1957 nisi
882 1920 983 1956 aliter
999 1919 1160 1967 Origenis
1178 1919 1311 1956 Graeca
1333 1931 1371 1956 se
1391 1919 1556 1964 habeant,
1579 1924 1639 1956 aut
1656 1919 1714 1958 hic
1726 1921 1803 1959 eius
1817 1921 1915 1958 locus

365 1979 594 2026 interpolatus
609 1978 723 2014 fuerit.
753 1977 844 2013 Nam
859 1977 896 2013 in
912 1988 954 2013 eo
970 1976 1150 2013 doctorum
1166 1981 1399 2014 consentanea
1413 1977 1539 2014 iudicia
1553 1981 1650 2023 sunt,
1667 1978 1915 2026 poenitentiam

366 2036 541 2083 publicam
556 2047 627 2071 uon
642 2034 791 2082 amplius
808 2045 914 2081 qnam
929 2034 1039 2069 semel
1051 2033 1274 2081 impetratam
1286 2034 1406 2070 fuisse.

456 2093 509 2129 Ex
526 2103 595 2140 qno
612 2091 826 2139 perdifficilis
842 2090 961 2127 existit
975 2090 1151 2137 quaestio,
1173 2090 1256 2137 quid
1270 2091 1338 2127 illis
1358 2090 1498 2127 tandem
1516 2090 1711 2128 hominibus
1725 2091 1855 2128 factum
1871 2092 1916 2128 sit

367 2151 427 2197 qui
441 2154 521 2198 post
534 2150 685 2197 priorem
699 2148 948 2196 poenitentiam
963 2147 1001 2184 in
1015 2147 1138 2183 eadem
1153 2147 1284 2183 scelera
1298 2158 1418 2184 rursus
1437 2148 1664 2192 incurrerent,
1685 2144 1850 2186 rerumne
1871 2150 1916 2186 sit

367 2208 412 2244 ab
426 2207 576 2244 ecclesia
591 2206 734 2243 reiectos
749 2205 828 2242 illos
843 2205 999 2252 penitus,
1020 2215 1086 2240 nec
1108 2203 1151 2240 ad
1173 2204 1344 2251 privatam
1359 2205 1484 2241 saltem
1498 2205 1650 2252 aliquam
1663 2210 1841 2254 receptum
1854 2205 1915 2243 ha-

368 2265 502 2308 buisse,
524 2264 623 2302 cuius
645 2262 813 2300 beneficio
829 2262 865 2299 in
881 2261 1055 2308 integrum
1069 2261 1220 2297 restituti
1235 2260 1279 2296 sd
1294 2261 1489 2298 divinorum
1503 2263 1746 2309 mysteriorum
1761 2274 1915 2300 commu·

366 2322 508 2359 nionem
523 2321 683 2358 redirent.
722 2319 789 2363 Qui
804 2318 1008 2367 antiquioris
1022 2318 1190 2355 ecclesiae
1203 2318 1352 2355 formam
1368 2329 1408 2356 ac
1423 2319 1705 2356 consuetudinem
1720 2331 1764 2357 ex
1780 2319 1914 2358 hodier-

366 2380 421 2417 nis
437 2378 604 2416 institntis
621 2381 656 2414 et
670 2377 826 2414 moribus
838 2376 1021 2413 aestimare
1037 2376 1200 2420 voluerit,
1221 2375 1324 2412 facile
1340 2376 1510 2413 mitiorem
1525 2377 1559 2413 in
1575 2380 1710 2424 partem
1723 2378 1914 2423 inclinabit,

366 2448 430 2474 nec
450 2436 496 2473 ab
519 2436 616 2473 omni
635 2434 800 2472 ecclesiae
821 2437 1186 2480 sacramentorumque
1204 2433 1378 2470 consortio
1394 2433 1588 2482 repudiatos
1608 2434 1686 2471 illos
1707 2434 1913 2483 persuadere

365 2494 433 2531 sibi
447 2493 583 2542 poterit.
623 2492 735 2536 Quam
750 2492 788 2528 in
804 2491 1013 2528 sententiam
1027 2490 1168 2538 copiose
1183 2490 1325 2538 quidam
1338 2501 1448 2539 nuper
1461 2490 1511 2528 ita
1524 2490 1694 2528 disseruit.
1729 2491 1913 2540 'triplicem

366 2552 415 2587 ait
430 2550 522 2599 apud
538 2550 700 2598 antiquos
714 2549 824 2587 fuisse
839 2547 1103 2596 poenitentiam:
1125 2547 1301 2595 publicam
1316 2557 1421 2584 unam
1437 2547 1480 2585 ob
1495 2548 1632 2596 publica
1647 2552 1808 2596 peccata,
1829 2549 1912 2586 alte-

367 2620 440 2645 ram
463 2608 633 2655 privatam
656 2618 697 2642 ac
719 2609 888 2643 secretam
909 2610 1048 2653 propter
1069 2605 1221 2650 occulta,
1244 2605 1381 2642 tertiam
1402 2604 1447 2642 ob
1469 2604 1588 2642 eadem
1612 2606 1747 2643 occulta
1769 2606 1913 2643 crimina

367 2666 503 2713 publice
519 2668 726 2711 susceptam.
750 2663 848 2699 Hauc
865 2673 944 2699 vero
960 2666 1171 2710 postremam
1187 2673 1259 2699 non
1274 2673 1354 2699 eum
1368 2665 1504 2699 tantum
1517 2660 1681 2699 habuisse
1696 2662 1857 2707 fructum,
1874 2668 1913 2701 ut

367 2726 587 2769 peccatorum
603 2721 741 2768 culpam
757 2731 798 2756 sc
813 2719 1015 2767 sempiterni
1031 2719 1192 2768 supplicii
1206 2730 1337 2756 noxam
1353 2719 1578 2766 abstergerem
1601 2718 1662 2755 sed
1684 2724 1724 2756 ut
1742 2724 1912 2768 tempora·

367 2779 435 2815 rias
452 2780 594 2827 insuper
606 2789 736 2826 poenas
749 2777 913 2821 dilueret,
929 2788 970 2813 ac
982 2780 1180 2824 peccatores
1193 2776 1229 2813 in
1240 2776 1415 2824 integrum
1425 2776 1695 2813 cumulatissime
1708 2778 1912 2814 restitueret.

368 2835 512 2871 Proinde
529 2847 599 2872 non
615 2835 689 2871 eins
705 2834 841 2882 copiam
858 2834 1054 2882 promiscue
1070 2844 1148 2871 esse
1162 2833 1308 2879 tactam,
1331 2843 1443 2881 neque
1458 2833 1592 2881 quoties
1609 2834 1755 2881 quisque
1770 2837 1911 2882 peteret,

367 2893 468 2929 facile
485 2893 705 2939 permissam,
720 2891 781 2928 sed
797 2891 834 2928 in
850 2891 946 2928 omni
963 2891 1033 2927 vita
1048 2891 1156 2927 semel
1172 2890 1352 2927 duntaxat.
1382 2889 1474 2928 nuo
1488 2889 1554 2926 ille.
1586 2890 1640 2926 Ex
1663 2892 1789 2938 quibus
1809 2895 1846 2928 et
1865 2902 1910 2928 ex

368 2949 410 2986 iis
423 2960 512 2997 quse
524 2953 774 2996 consequenter
786 2948 955 2996 disputat,
971 2948 1059 2985 velle
1071 2947 1164 2986 istud
1175 2947 1320 2992 videtur,
1335 2947 1530 2985 istiusmodi
1541 2948 1724 2985 criminum
1739 2960 1816 2985 reos
1832 2952 1912 2996 post

367 3006 516 3054 priorem
544 3006 791 3053 poenitentiam
818 3005 861 3042 ad
888 3006 1059 3053 privatam
1085 3004 1301 3053 confugisse,
1328 3004 1469 3052 eiusque
1496 3004 1660 3042 beneficio
1687 3004 1909 3043 nihilominus

367 3063 645 3101 communionem
664 3067 843 3100 assecutos
858 3073 947 3101 esse.
