<?xml version="1.0" encoding="UTF-8"?>
<!DOCTYPE html PUBLIC "-//W3C//DTD XHTML 1.0 Transitional//EN"
    "http://www.w3.org/TR/xhtml1/DTD/xhtml1-transitional.dtd">
<html xmlns="http://www.w3.org/1999/xhtml" xml:lang="en" lang="en">
 <head>
  <title>
</title>
<meta http-equiv="Content-Type" content="text/html;charset=utf-8" />
  <meta name='ocr-system' content='tesseract 3.04.00' />
  <meta name='ocr-capabilities' content='ocr_page ocr_carea ocr_par ocr_line ocrx_word'/>
</head>
<body>
  <div class='ocr_page' id='page_1' title='image "./corporishaereseo03epip_0266.png"; bbox 0 0 2008 3294; ppageno 0'>
   <div class='ocr_carea' id='block_1_1' title="bbox 288 197 530 250">
    <p class='ocr_par' dir='ltr' id='par_1_1' title="bbox 288 197 530 250">
     <span class='ocr_line' id='line_1_1' title="bbox 288 197 530 250; baseline 0.004 -1"><span class='ocrx_word' id='word_1_1' title='bbox 288 197 291 205; x_wconf 90' lang='lat'>&#39;</span> <span class='ocrx_word' id='word_1_2' title='bbox 313 211 530 250; x_wconf 78' lang='lat' dir='ltr'><strong><em>cxxxvm</em></strong></span> 
     </span>
    </p>
   </div>
   <div class='ocr_carea' id='block_1_2' title="bbox 299 315 1913 2143">
    <p class='ocr_par' dir='ltr' id='par_1_2' title="bbox 299 315 1913 2143">
     <span class='ocr_line' id='line_1_2' title="bbox 310 315 1866 364; baseline -0.001 -11"><span class='ocrx_word' id='word_1_3' title='bbox 310 318 397 353; x_wconf 86' lang='lat' dir='ltr'><strong><em>tiam</em></strong></span> <span class='ocrx_word' id='word_1_4' title='bbox 417 320 530 352; x_wconf 86' lang='lat' dir='ltr'><strong><em>mutat</em></strong></span> <span class='ocrx_word' id='word_1_5' title='bbox 551 327 592 352; x_wconf 85' lang='lat' dir='ltr'><strong><em>ac</em></strong></span> <span class='ocrx_word' id='word_1_6' title='bbox 611 317 824 352; x_wconf 81' lang='lat' dir='ltr'><strong><em>contrarium</em></strong></span> <span class='ocrx_word' id='word_1_7' title='bbox 845 315 946 352; x_wconf 85' lang='lat' dir='ltr'><strong><em>docet</em></strong></span> <span class='ocrx_word' id='word_1_8' title='bbox 965 316 1024 352; x_wconf 91' lang='lat' dir='ltr'><strong><em>lib.</em></strong></span> <span class='ocrx_word' id='word_1_9' title='bbox 1039 329 1072 353; x_wconf 89' lang='lat' dir='ltr'><strong><em>v.</em></strong></span> <span class='ocrx_word' id='word_1_10' title='bbox 1089 328 1123 364; x_wconf 87' lang='lat' dir='ltr'><strong><em>p.</em></strong></span> <span class='ocrx_word' id='word_1_11' title='bbox 1136 315 1214 352; x_wconf 87' lang='grc'><strong>339.</strong></span> <span class='ocrx_word' id='word_1_12' title='bbox 1260 315 1407 352; x_wconf 84' lang='lat' dir='ltr'><strong><em>Iudaeos</em></strong></span> <span class='ocrx_word' id='word_1_13' title='bbox 1431 316 1525 352; x_wconf 87' lang='lat' dir='ltr'><strong><em>enim</em></strong></span> <span class='ocrx_word' id='word_1_14' title='bbox 1541 317 1666 352; x_wconf 86' lang='lat' dir='ltr'><strong><em>asserit</em></strong></span> <span class='ocrx_word' id='word_1_15' title='bbox 1682 316 1866 364; x_wconf 79' lang='lat' dir='ltr'><strong><em>C&#39;alippica</em></strong></span> 
     </span>
     <span class='ocr_line' id='line_1_3' title="bbox 306 374 1868 422; baseline -0.001 -12"><span class='ocrx_word' id='word_1_16' title='bbox 306 377 450 422; x_wconf 81' lang='lat' dir='ltr'><em>periodo</em></span> <span class='ocrx_word' id='word_1_17' title='bbox 474 376 523 409; x_wconf 87' lang='lat' dir='ltr'><strong><em>ad</em></strong></span> <span class='ocrx_word' id='word_1_18' title='bbox 543 382 695 421; x_wconf 85' lang='lat' dir='ltr'><strong><em>tempora</em></strong></span> <span class='ocrx_word' id='word_1_19' title='bbox 715 386 816 420; x_wconf 81' lang='lat' dir='ltr'><strong><em>usque</em></strong></span> <span class='ocrx_word' id='word_1_20' title='bbox 832 374 1044 409; x_wconf 73' lang='lat' dir='ltr'><strong><em>Diocletiani</em></strong></span> <span class='ocrx_word' id='word_1_21' title='bbox 1053 375 1132 420; x_wconf 83' lang='lat' dir='ltr'><strong><em>plus</em></strong></span> <span class='ocrx_word' id='word_1_22' title='bbox 1147 376 1256 408; x_wconf 77' lang='lat' dir='ltr'><strong><em>minus</em></strong></span> <span class='ocrx_word' id='word_1_23' title='bbox 1268 386 1346 408; x_wconf 82' lang='lat' dir='ltr'><strong><em>usos</em></strong></span> <span class='ocrx_word' id='word_1_24' title='bbox 1361 386 1442 410; x_wconf 84' lang='lat' dir='ltr'><strong><em>esse.</em></strong></span> <span class='ocrx_word' id='word_1_25' title='bbox 1489 374 1559 409; x_wconf 85' lang='lat' dir='ltr'><strong><em>Sed</em></strong></span> <span class='ocrx_word' id='word_1_26' title='bbox 1573 386 1646 409; x_wconf 86' lang='lat' dir='ltr'><strong><em>cum</em></strong></span> <span class='ocrx_word' id='word_1_27' title='bbox 1665 374 1868 421; x_wconf 84' lang='lat' dir='ltr'><strong><em>Calippicae</em></strong></span> 
     </span>
     <span class='ocr_line' id='line_1_4' title="bbox 312 430 1867 476; baseline -0.001 -9"><span class='ocrx_word' id='word_1_28' title='bbox 312 435 502 468; x_wconf 80' lang='lat' dir='ltr'><em>neomeniae</em></span> <span class='ocrx_word' id='word_1_29' title='bbox 519 432 617 467; x_wconf 83' lang='lat' dir='ltr'><strong><em>biduo</em></strong></span> <span class='ocrx_word' id='word_1_30' title='bbox 634 443 735 466; x_wconf 79' lang='lat' dir='ltr'><strong><em>veras</em></strong></span> <span class='ocrx_word' id='word_1_31' title='bbox 751 433 940 467; x_wconf 70' lang='lat' dir='ltr'><strong><em>neomenias</em></strong></span> <span class='ocrx_word' id='word_1_32' title='bbox 953 437 1178 473; x_wconf 78' lang='lat' dir='ltr'><strong><em>morarentur,</em></strong></span> <span class='ocrx_word' id='word_1_33' title='bbox 1194 430 1394 476; x_wconf 71' lang='lat' dir='ltr'><strong><em>synedrium</em></strong></span> <span class='ocrx_word' id='word_1_34' title='bbox 1415 431 1447 465; x_wconf 89' lang='lat' dir='ltr'><em>T</em></span> <span class='ocrx_word' id='word_1_35' title='bbox 1443 431 1655 466; x_wconf 82' lang='lat' dir='ltr'><strong><em>iberiadense</em></strong></span> <span class='ocrx_word' id='word_1_36' title='bbox 1673 435 1867 467; x_wconf 82' lang='lat' dir='ltr'><strong><em>convocatis</em></strong></span> 
     </span>
     <span class='ocr_line' id='line_1_5' title="bbox 305 487 1866 536; baseline 0 -12"><span class='ocrx_word' id='word_1_37' title='bbox 305 492 431 536; x_wconf 77' lang='lat' dir='ltr'><strong><em>peritis</em></strong></span> <span class='ocrx_word' id='word_1_38' title='bbox 447 491 676 523; x_wconf 78' lang='lat' dir='ltr'><strong><em>astronomiae</em></strong></span> <span class='ocrx_word' id='word_1_39' title='bbox 692 491 884 534; x_wconf 64' lang='lat' dir='ltr'><strong><em>magristris,</em></strong></span> <span class='ocrx_word' id='word_1_40' title='bbox 905 490 995 524; x_wconf 83' lang='lat' dir='ltr'><strong><em>inter</em></strong></span> <span class='ocrx_word' id='word_1_41' title='bbox 1009 501 1102 534; x_wconf 77' lang='lat' dir='ltr'><strong><em>quos,</em></strong></span> <span class='ocrx_word' id='word_1_42' title='bbox 1124 495 1162 522; x_wconf 81' lang='lat' dir='ltr'><strong><em>ut</em></strong></span> <span class='ocrx_word' id='word_1_43' title='bbox 1182 490 1347 530; x_wconf 78' lang='lat' dir='ltr'><strong><em>existimo,</em></strong></span> <span class='ocrx_word' id='word_1_44' title='bbox 1370 487 1484 524; x_wconf 74' lang='lat' dir='ltr'><strong><em>Rabbi</em></strong></span> <span class='ocrx_word' id='word_1_45' title='bbox 1499 489 1607 524; x_wconf 81' lang='lat' dir='ltr'><strong><em>Adda</em></strong></span> <span class='ocrx_word' id='word_1_46' title='bbox 1622 491 1705 532; x_wconf 81' lang='lat' dir='ltr'><strong><em>fuit,</em></strong></span> <span class='ocrx_word' id='word_1_47' title='bbox 1722 501 1783 523; x_wconf 82' lang='lat' dir='ltr'><strong><em>usu</em></strong></span> <span class='ocrx_word' id='word_1_48' title='bbox 1801 489 1866 524; x_wconf 79' lang='lat' dir='ltr'><strong><em>Ca-</em></strong></span> 
     </span>
     <span class='ocr_line' id='line_1_6' title="bbox 311 546 1866 593; baseline -0.001 -12"><span class='ocrx_word' id='word_1_49' title='bbox 311 549 462 593; x_wconf 85' lang='lat' dir='ltr'><strong><em>lippicae</em></strong></span> <span class='ocrx_word' id='word_1_50' title='bbox 472 547 613 592; x_wconf 84' lang='lat' dir='ltr'><strong><em>periodi</em></strong></span> <span class='ocrx_word' id='word_1_51' title='bbox 628 558 702 580; x_wconf 88' lang='lat' dir='ltr'><strong><em>cum</em></strong></span> <span class='ocrx_word' id='word_1_52' title='bbox 718 551 868 592; x_wconf 81' lang='lat' dir='ltr'><strong><em>computo</em></strong></span> <span class='ocrx_word' id='word_1_53' title='bbox 885 558 1048 581; x_wconf 83' lang='lat' dir='ltr'><strong><em>annorum</em></strong></span> <span class='ocrx_word' id='word_1_54' title='bbox 1064 546 1261 580; x_wconf 79' lang='lat' dir='ltr'><strong><em>Alexandri</em></strong></span> <span class='ocrx_word' id='word_1_55' title='bbox 1274 547 1375 580; x_wconf 80' lang='lat' dir='ltr'><strong><em>simul</em></strong></span> <span class='ocrx_word' id='word_1_56' title='bbox 1389 546 1555 591; x_wconf 79' lang='lat' dir='ltr'><strong><em>abroqato</em></strong></span> <span class='ocrx_word' id='word_1_57' title='bbox 1571 559 1691 581; x_wconf 69' lang='lat' dir='ltr'><strong><em>not-am</em></strong></span> <span class='ocrx_word' id='word_1_58' title='bbox 1709 549 1794 581; x_wconf 86' lang='lat' dir='ltr'><strong><em>anni</em></strong></span> <span class='ocrx_word' id='word_1_59' title='bbox 1807 559 1866 581; x_wconf 81' lang='lat' dir='ltr'><strong><em>ra-</em></strong></span> 
     </span>
     <span class='ocr_line' id='line_1_7' title="bbox 311 594 1867 650; baseline 0 -12"><span class='ocrx_word' id='word_1_60' title='bbox 311 606 431 639; x_wconf 83' lang='lat' dir='ltr'><strong><em>tionem</em></strong></span> <span class='ocrx_word' id='word_1_61' title='bbox 446 606 608 645; x_wconf 83' lang='lat' dir='ltr'><strong><em>instituit,</em></strong></span> <span class='ocrx_word' id='word_1_62' title='bbox 629 610 668 638; x_wconf 81' lang='lat' dir='ltr'><strong><em>ut</em></strong></span> <span class='ocrx_word' id='word_1_63' title='bbox 682 605 873 638; x_wconf 79' lang='lat' dir='ltr'><strong><em>neomeniae</em></strong></span> <span class='ocrx_word' id='word_1_64' title='bbox 887 615 951 637; x_wconf 86' lang='lat' dir='ltr'><strong><em>non</em></strong></span> <span class='ocrx_word' id='word_1_65' title='bbox 961 615 1029 649; x_wconf 85' lang='lat' dir='ltr'><strong><em>per</em></strong></span> <span class='ocrx_word' id='word_1_66' title='bbox 1038 604 1218 649; x_wconf 81' lang='lat' dir='ltr'><strong><em>periodos,</em></strong></span> <span class='ocrx_word' id='word_1_67' title='bbox 1241 604 1303 638; x_wconf 84' lang='lat' dir='ltr'><strong><em>sed</em></strong></span> <span class='ocrx_word' id='word_1_68' title='bbox 1321 615 1385 649; x_wconf 84' lang='lat' dir='ltr'><strong><em>per</em></strong></span> <span class='ocrx_word' id='word_1_69' title='bbox 1398 594 1642 650; x_wconf 32' lang='lat' dir='ltr'><strong><em>ipsum-motum</em></strong></span> <span class='ocrx_word' id='word_1_70' title='bbox 1659 605 1803 638; x_wconf 84' lang='lat' dir='ltr'><strong><em>medium</em></strong></span> <span class='ocrx_word' id='word_1_71' title='bbox 1817 604 1867 638; x_wconf 86' lang='lat' dir='ltr'><strong><em>lu-</em></strong></span> 
     </span>
     <span class='ocr_line' id='line_1_8' title="bbox 310 659 1867 707; baseline 0 -12"><span class='ocrx_word' id='word_1_72' title='bbox 310 673 428 695; x_wconf 80' lang='lat' dir='ltr'><strong><em>narem</em></strong></span> <span class='ocrx_word' id='word_1_73' title='bbox 438 667 656 707; x_wconf 78' lang='lat' dir='ltr'><strong><em>putarentur.</em></strong></span> <span class='ocrx_word' id='word_1_74' title='bbox 689 659 770 695; x_wconf 79' lang='lat' dir='ltr'><strong><em>oum</em></strong></span> <span class='ocrx_word' id='word_1_75' title='bbox 784 663 893 706; x_wconf 61' lang='lat' dir='ltr'><strong><em>ipimr</em></strong></span> <span class='ocrx_word' id='word_1_76' title='bbox 909 662 1014 702; x_wconf 86' lang='lat' dir='ltr'><strong><em>diem,</em></strong></span> <span class='ocrx_word' id='word_1_77' title='bbox 1035 661 1094 695; x_wconf 78' lang='lat' dir='ltr'><strong><em>ubi</em></strong></span> <span class='ocrx_word' id='word_1_78' title='bbox 1109 666 1187 695; x_wconf 84' lang='lat' dir='ltr'><strong><em>erat</em></strong></span> <span class='ocrx_word' id='word_1_79' title='bbox 1200 661 1292 695; x_wconf 82' lang='lat' dir='ltr'><strong><em>loeus</em></strong></span> <span class='ocrx_word' id='word_1_80' title='bbox 1308 661 1379 695; x_wconf 81' lang='lat' dir='ltr'><strong><em>diei</em></strong></span> <span class='ocrx_word' id='word_1_81' title='bbox 1391 661 1640 703; x_wconf 71' lang='lat' dir='ltr'><strong><em>intercalandi,</em></strong></span> <span class='ocrx_word' id='word_1_82' title='bbox 1663 661 1726 695; x_wconf 73' lang='lat' dir='ltr'><strong><em>hoc</em></strong></span> <span class='ocrx_word' id='word_1_83' title='bbox 1743 668 1793 696; x_wconf 78' lang='lat' dir='ltr'><strong><em>est</em></strong></span> <span class='ocrx_word' id='word_1_84' title='bbox 1805 673 1867 697; x_wconf 86' lang='lat' dir='ltr'><strong><em>vn.</em></strong></span> 
     </span>
     <span class='ocr_line' id='line_1_9' title="bbox 314 718 1868 764; baseline 0 -12"><span class='ocrx_word' id='word_1_85' title='bbox 314 719 403 760; x_wconf 64' lang='lat' dir='ltr'><strong><em>Oct„</em></strong></span> <span class='ocrx_word' id='word_1_86' title='bbox 415 724 582 764; x_wconf 85' lang='lat' dir='ltr'><strong><em>putarent</em></strong></span> <span class='ocrx_word' id='word_1_87' title='bbox 584 720 698 764; x_wconf 77' lang='lat' dir='ltr'><strong><em>fitisee</em></strong></span> <span class='ocrx_word' id='word_1_88' title='bbox 707 721 860 764; x_wconf 72' lang='lat' dir='ltr'><strong><em>primam</em></strong></span> <span class='ocrx_word' id='word_1_89' title='bbox 877 719 980 761; x_wconf 80' lang='lat' dir='ltr'><strong><em>diem,</em></strong></span> <span class='ocrx_word' id='word_1_90' title='bbox 996 722 1033 752; x_wconf 87' lang='lat' dir='ltr'><strong><em>in</em></strong></span> <span class='ocrx_word' id='word_1_91' title='bbox 1049 730 1115 763; x_wconf 83' lang='lat' dir='ltr'><strong><em>qua</em></strong></span> <span class='ocrx_word' id='word_1_92' title='bbox 1131 719 1273 752; x_wconf 80' lang='lat' dir='ltr'><strong><em>mundus</em></strong></span> <span class='ocrx_word' id='word_1_93' title='bbox 1288 718 1459 760; x_wconf 78' lang='lat' dir='ltr'><strong><em>conditus,</em></strong></span> <span class='ocrx_word' id='word_1_94' title='bbox 1475 718 1556 752; x_wconf 75' lang='lat' dir='ltr'><strong><em>hinc</em></strong></span> <span class='ocrx_word' id='word_1_95' title='bbox 1573 723 1759 764; x_wconf 77' lang='lat' dir='ltr'><strong><em>computum</em></strong></span> <span class='ocrx_word' id='word_1_96' title='bbox 1773 730 1868 752; x_wconf 73' lang='lat' dir='ltr'><strong><em>sutem</em></strong></span> 
     </span>
     <span class='ocr_line' id='line_1_10' title="bbox 309 774 1868 822; baseline 0 -12"><span class='ocrx_word' id='word_1_97' title='bbox 309 779 399 810; x_wconf 83' lang='lat' dir='ltr'><strong><em>inire</em></strong></span> <span class='ocrx_word' id='word_1_98' title='bbox 415 777 645 811; x_wconf 80' lang='lat' dir='ltr'><strong><em>decreverunt.</em></strong></span> <span class='ocrx_word' id='word_1_99' title='bbox 693 774 743 810; x_wconf 85' lang='lat' dir='ltr'><strong><em>Et</em></strong></span> <span class='ocrx_word' id='word_1_100' title='bbox 763 777 844 821; x_wconf 81' lang='lat' dir='ltr'><strong><em>quia</em></strong></span> <span class='ocrx_word' id='word_1_101' title='bbox 867 776 940 810; x_wconf 80' lang='lat' dir='ltr'><strong><em>dies</em></strong></span> <span class='ocrx_word' id='word_1_102' title='bbox 956 778 1161 821; x_wconf 78' lang='lat' dir='ltr'><strong><em>aequinoctii</em></strong></span> <span class='ocrx_word' id='word_1_103' title='bbox 1177 782 1209 810; x_wconf 82' lang='lat' dir='ltr'><strong><em>et</em></strong></span> <span class='ocrx_word' id='word_1_104' title='bbox 1222 777 1298 810; x_wconf 89' lang='lat' dir='ltr'><strong><em>ideo</em></strong></span> <span class='ocrx_word' id='word_1_105' title='bbox 1319 775 1351 808; x_wconf 89' lang='grc' dir='ltr'><em>Τ</em></span> <span class='ocrx_word' id='word_1_106' title='bbox 1348 775 1500 822; x_wconf 75' lang='lat' dir='ltr'><strong><em>ekuplzae</em></strong></span> <span class='ocrx_word' id='word_1_107' title='bbox 1517 777 1723 811; x_wconf 76' lang='lat' dir='ltr'><strong><em>autumnalis</em></strong></span> <span class='ocrx_word' id='word_1_108' title='bbox 1738 781 1819 810; x_wconf 84' lang='lat' dir='ltr'><strong><em>erat</em></strong></span> <span class='ocrx_word' id='word_1_109' title='bbox 1830 778 1868 810; x_wconf 81' lang='lat' dir='ltr'><strong><em>in</em></strong></span> 
     </span>
     <span class='ocr_line' id='line_1_11' title="bbox 309 833 1866 879; baseline 0 -11"><span class='ocrx_word' id='word_1_110' title='bbox 309 845 405 869; x_wconf 80' lang='lat' dir='ltr'><strong><em>xxiv.</em></strong></span> <span class='ocrx_word' id='word_1_111' title='bbox 421 833 530 879; x_wconf 64' lang='lat' dir='ltr'><strong><em>Sept„</em></strong></span> <span class='ocrx_word' id='word_1_112' title='bbox 554 833 816 867; x_wconf 81' lang='lat' dir='ltr'><strong><em>considerarunt</em></strong></span> <span class='ocrx_word' id='word_1_113' title='bbox 827 835 865 867; x_wconf 79' lang='lat' dir='ltr'><strong><em>in</em></strong></span> <span class='ocrx_word' id='word_1_114' title='bbox 880 839 958 878; x_wconf 81' lang='lat' dir='ltr'><strong><em>quot</em></strong></span> <span class='ocrx_word' id='word_1_115' title='bbox 973 835 1072 867; x_wconf 80' lang='lat' dir='ltr'><strong><em>annis</em></strong></span> <span class='ocrx_word' id='word_1_116' title='bbox 1094 833 1186 866; x_wconf 81' lang='lat' dir='ltr'><strong><em>Tisri</em></strong></span> <span class='ocrx_word' id='word_1_117' title='bbox 1201 845 1224 866; x_wconf 86' lang='lat' dir='ltr'><strong><em>a</em></strong></span> <span class='ocrx_word' id='word_1_118' title='bbox 1241 840 1357 867; x_wconf 67' lang='lat' dir='ltr'><strong><em>centro</em></strong></span> <span class='ocrx_word' id='word_1_119' title='bbox 1373 833 1616 875; x_wconf 83' lang='lat' dir='ltr'><strong><em>Macedonico,</em></strong></span> <span class='ocrx_word' id='word_1_120' title='bbox 1639 834 1680 868; x_wconf 84' lang='lat' dir='ltr'><strong><em>id</em></strong></span> <span class='ocrx_word' id='word_1_121' title='bbox 1701 839 1751 867; x_wconf 89' lang='lat' dir='ltr'><strong><em>est</em></strong></span> <span class='ocrx_word' id='word_1_122' title='bbox 1766 846 1790 867; x_wconf 88' lang='lat' dir='ltr'><strong><em>a</em></strong></span> <span class='ocrx_word' id='word_1_123' title='bbox 1805 844 1866 869; x_wconf 82' lang='lat' dir='ltr'><strong><em>vu.</em></strong></span> 
     </span>
     <span class='ocr_line' id='line_1_12' title="bbox 314 886 1913 938; baseline -0.001 -13"><span class='ocrx_word' id='word_1_124' title='bbox 314 891 386 927; x_wconf 79' lang='lat' dir='ltr'><strong><em>Oet.</em></strong></span> <span class='ocrx_word' id='word_1_125' title='bbox 405 892 455 925; x_wconf 88' lang='lat' dir='ltr'><strong><em>ad</em></strong></span> <span class='ocrx_word' id='word_1_126' title='bbox 467 902 564 925; x_wconf 79' lang='lat' dir='ltr'><strong><em>xm.</em></strong></span> <span class='ocrx_word' id='word_1_127' title='bbox 578 889 670 936; x_wconf 83' lang='lat' dir='ltr'><strong><em>Sept.</em></strong></span> <span class='ocrx_word' id='word_1_128' title='bbox 685 892 722 924; x_wconf 89' lang='lat' dir='ltr'><strong><em>in</em></strong></span> <span class='ocrx_word' id='word_1_129' title='bbox 738 892 914 924; x_wconf 81' lang='lat' dir='ltr'><strong><em>anteriora</em></strong></span> <span class='ocrx_word' id='word_1_130' title='bbox 927 901 1129 938; x_wconf 75' lang='lat' dir='ltr'><strong><em>proqressus</em></strong></span> <span class='ocrx_word' id='word_1_131' title='bbox 1136 892 1283 935; x_wconf 84' lang='lat' dir='ltr'><strong><em>fecerit;</em></strong></span> <span class='ocrx_word' id='word_1_132' title='bbox 1307 891 1397 936; x_wconf 80' lang='lat' dir='ltr'><strong><em>quod</em></strong></span> <span class='ocrx_word' id='word_1_133' title='bbox 1410 902 1475 925; x_wconf 84' lang='lat' dir='ltr'><strong><em>non</em></strong></span> <span class='ocrx_word' id='word_1_134' title='bbox 1485 896 1670 936; x_wconf 75' lang='lat' dir='ltr'><strong><em>potuerunt</em></strong></span> <span class='ocrx_word' id='word_1_135' title='bbox 1684 890 1867 936; x_wconf 71' lang='lat' dir='ltr'><strong><em>deprehen-</em></strong></span> <span class='ocrx_word' id='word_1_136' title='bbox 1908 886 1913 895; x_wconf 73' lang='lat'><strong><em>‘</em></strong></span> 
     </span>
     <span class='ocr_line' id='line_1_13' title="bbox 311 946 1868 994; baseline -0.001 -11"><span class='ocrx_word' id='word_1_137' title='bbox 311 950 392 983; x_wconf 84' lang='lat' dir='ltr'><strong><em>dere</em></strong></span> <span class='ocrx_word' id='word_1_138' title='bbox 413 950 486 982; x_wconf 85' lang='lat' dir='ltr'><strong><em>sine</em></strong></span> <span class='ocrx_word' id='word_1_139' title='bbox 508 949 667 982; x_wconf 64' lang='lat' dir='ltr'><strong><em>doctrina</em></strong></span> <span class='ocrx_word' id='word_1_140' title='bbox 689 949 774 982; x_wconf 74' lang='lat' dir='ltr'><strong><em>areni</em></strong></span> <span class='ocrx_word' id='word_1_141' title='bbox 789 947 831 983; x_wconf 80' lang='lat' dir='ltr'><strong><em>R.</em></strong></span> <span class='ocrx_word' id='word_1_142' title='bbox 846 948 964 982; x_wconf 80' lang='lat' dir='ltr'><strong><em>Adda.</em></strong></span> <span class='ocrx_word' id='word_1_143' title='bbox 1008 947 1123 992; x_wconf 77' lang='lat' dir='ltr'><strong><em>Iyitur</em></strong></span> <span class='ocrx_word' id='word_1_144' title='bbox 1139 961 1161 981; x_wconf 84' lang='lat' dir='ltr'><strong><em>a</em></strong></span> <span class='ocrx_word' id='word_1_145' title='bbox 1178 958 1239 982; x_wconf 86' lang='lat' dir='ltr'><strong><em>vn.</em></strong></span> <span class='ocrx_word' id='word_1_146' title='bbox 1256 946 1328 983; x_wconf 86' lang='lat' dir='ltr'><strong><em>Oct.</em></strong></span> <span class='ocrx_word' id='word_1_147' title='bbox 1345 949 1395 982; x_wconf 87' lang='lat' dir='ltr'><strong><em>ad</em></strong></span> <span class='ocrx_word' id='word_1_148' title='bbox 1408 955 1503 982; x_wconf 75' lang='lat' dir='ltr'><strong><em>xxiv.</em></strong></span> <span class='ocrx_word' id='word_1_149' title='bbox 1520 947 1611 994; x_wconf 84' lang='lat' dir='ltr'><strong><em>Sep&#39;t.</em></strong></span> <span class='ocrx_word' id='word_1_150' title='bbox 1628 949 1701 982; x_wconf 77' lang='lat' dir='ltr'><strong><em>dies</em></strong></span> <span class='ocrx_word' id='word_1_151' title='bbox 1715 953 1794 982; x_wconf 86' lang='lat' dir='ltr'><strong><em>sunt</em></strong></span> <span class='ocrx_word' id='word_1_152' title='bbox 1802 958 1868 983; x_wconf 85' lang='lat' dir='ltr'><strong><em>xm</em></strong></span> 
     </span>
     <span class='ocr_line' id='line_1_14' title="bbox 304 1003 1870 1052; baseline -0.001 -12"><span class='ocrx_word' id='word_1_153' title='bbox 304 1010 467 1052; x_wconf 83' lang='lat' dir='ltr'><strong><em>praecise</em></strong></span> <span class='ocrx_word' id='word_1_154' title='bbox 473 1019 484 1047; x_wconf 88' lang='lat'><strong><em>‚·</em></strong></span> <span class='ocrx_word' id='word_1_155' title='bbox 500 1005 619 1052; x_wconf 79' lang='lat' dir='ltr'><strong><em>quibus</em></strong></span> <span class='ocrx_word' id='word_1_156' title='bbox 634 1010 823 1051; x_wconf 78' lang='lat' dir='ltr'><strong><em>competunt</em></strong></span> <span class='ocrx_word' id='word_1_157' title='bbox 837 1007 923 1039; x_wconf 83' lang='lat' dir='ltr'><strong><em>anni</em></strong></span> <span class='ocrx_word' id='word_1_158' title='bbox 938 1003 1031 1039; x_wconf 76' lang='lat'><em>4104</em></span> <span class='ocrx_word' id='word_1_159' title='bbox 1047 1016 1087 1038; x_wconf 77' lang='lat' dir='ltr'><strong><em>ex</em></strong></span> <span class='ocrx_word' id='word_1_160' title='bbox 1103 1005 1261 1039; x_wconf 75' lang='lat' dir='ltr'><strong><em>doctrina</em></strong></span> <span class='ocrx_word' id='word_1_161' title='bbox 1277 1004 1319 1039; x_wconf 81' lang='lat' dir='ltr'><strong><em>R.</em></strong></span> <span class='ocrx_word' id='word_1_162' title='bbox 1333 1004 1452 1039; x_wconf 84' lang='lat' dir='ltr'><strong><em>Adda.</em></strong></span> <span class='ocrx_word' id='word_1_163' title='bbox 1506 1004 1658 1039; x_wconf 78' lang='lat' dir='ltr'><strong><em>Totidem</em></strong></span> <span class='ocrx_word' id='word_1_164' title='bbox 1681 1007 1768 1039; x_wconf 84' lang='lat' dir='ltr'><strong><em>enim</em></strong></span> <span class='ocrx_word' id='word_1_165' title='bbox 1785 1007 1870 1039; x_wconf 82' lang='lat' dir='ltr'><strong><em>anni</em></strong></span> 
     </span>
     <span class='ocr_line' id='line_1_15' title="bbox 311 1060 1868 1109; baseline -0.001 -11"><span class='ocrx_word' id='word_1_166' title='bbox 311 1065 397 1098; x_wconf 85' lang='lat' dir='ltr'><strong><em>dant</em></strong></span> <span class='ocrx_word' id='word_1_167' title='bbox 410 1061 624 1109; x_wconf 84' lang='grc' dir='ltr'>προηγήσεως</span> <span class='ocrx_word' id='word_1_168' title='bbox 640 1060 831 1106; x_wconf 79' lang='grc' dir='ltr'>σεληνιακῆς</span> <span class='ocrx_word' id='word_1_169' title='bbox 848 1063 920 1096; x_wconf 78' lang='lat' dir='ltr'><strong><em>dies</em></strong></span> <span class='ocrx_word' id='word_1_170' title='bbox 935 1073 1019 1105; x_wconf 84' lang='lat' dir='ltr'><strong><em>xm,</em></strong></span> <span class='ocrx_word' id='word_1_171' title='bbox 1043 1062 1161 1096; x_wconf 77' lang='lat' dir='ltr'><strong><em>horam</em></strong></span> <span class='ocrx_word' id='word_1_172' title='bbox 1178 1074 1203 1097; x_wconf 93' lang='lat'><strong><em>1.</em></strong></span> <span class='ocrx_word' id='word_1_173' title='bbox 1249 1061 1344 1096; x_wconf 90' lang='lat' dir='ltr'><strong><em>Idem</em></strong></span> <span class='ocrx_word' id='word_1_174' title='bbox 1362 1065 1397 1097; x_wconf 90' lang='lat' dir='ltr'><strong><em>et</em></strong></span> <span class='ocrx_word' id='word_1_175' title='bbox 1411 1062 1472 1098; x_wconf 92' lang='lat' dir='ltr'><strong><em>lib.</em></strong></span> <span class='ocrx_word' id='word_1_176' title='bbox 1487 1073 1534 1096; x_wconf 72' lang='grc' dir='ltr'><strong><em>ιν.</em></strong></span> <span class='ocrx_word' id='word_1_177' title='bbox 1549 1073 1583 1108; x_wconf 90' lang='lat' dir='ltr'><strong><em>p.</em></strong></span> <span class='ocrx_word' id='word_1_178' title='bbox 1597 1061 1675 1098; x_wconf 81' lang='lat'>261.</span> <span class='ocrx_word' id='word_1_179' title='bbox 1692 1062 1868 1109; x_wconf 80' lang='lat' dir='ltr'><strong><em>repetitur.</em></strong></span> 
     </span>
     <span class='ocr_line' id='line_1_16' title="bbox 308 1117 1869 1165; baseline -0.001 -10"><span class='ocrx_word' id='word_1_180' title='bbox 308 1120 439 1155; x_wconf 82' lang='lat' dir='ltr'><strong><em>Verum</em></strong></span> <span class='ocrx_word' id='word_1_181' title='bbox 453 1118 540 1155; x_wconf 83' lang='lat' dir='ltr'><strong><em>nihil</em></strong></span> <span class='ocrx_word' id='word_1_182' title='bbox 555 1117 620 1154; x_wconf 85' lang='lat' dir='ltr'><strong><em>hac</em></strong></span> <span class='ocrx_word' id='word_1_183' title='bbox 635 1118 804 1165; x_wconf 84' lang='lat' dir='ltr'><strong><em>Scaligeri</em></strong></span> <span class='ocrx_word' id='word_1_184' title='bbox 819 1119 977 1154; x_wconf 82' lang='lat' dir='ltr'><strong><em>doctriua</em></strong></span> <span class='ocrx_word' id='word_1_185' title='bbox 991 1119 1113 1154; x_wconf 83' lang='lat' dir='ltr'><strong><em>vanius</em></strong></span> <span class='ocrx_word' id='word_1_186' title='bbox 1129 1122 1232 1165; x_wconf 84' lang='lat' dir='ltr'><strong><em>atque</em></strong></span> <span class='ocrx_word' id='word_1_187' title='bbox 1247 1119 1502 1154; x_wconf 81' lang='lat' dir='ltr'><strong><em>inconstantius</em></strong></span> <span class='ocrx_word' id='word_1_188' title='bbox 1518 1122 1582 1154; x_wconf 86' lang='lat' dir='ltr'><strong><em>est.</em></strong></span> <span class='ocrx_word' id='word_1_189' title='bbox 1604 1118 1760 1154; x_wconf 86' lang='lat' dir='ltr'><strong><em>Primum</em></strong></span> <span class='ocrx_word' id='word_1_190' title='bbox 1775 1119 1869 1155; x_wconf 89' lang='lat' dir='ltr'><strong><em>enim</em></strong></span> 
     </span>
     <span class='ocr_line' id='line_1_17' title="bbox 308 1175 1869 1223; baseline -0.001 -10"><span class='ocrx_word' id='word_1_191' title='bbox 308 1179 474 1213; x_wconf 73' lang='lat' dir='ltr'><strong><em>retractat</em></strong></span> <span class='ocrx_word' id='word_1_192' title='bbox 487 1177 523 1212; x_wconf 88' lang='lat' dir='ltr'><strong><em>id</em></strong></span> <span class='ocrx_word' id='word_1_193' title='bbox 539 1176 631 1223; x_wconf 88' lang='lat' dir='ltr'><strong><em>quod</em></strong></span> <span class='ocrx_word' id='word_1_194' title='bbox 647 1175 799 1220; x_wconf 78' lang='lat' dir='ltr'><strong><em>dixerat,</em></strong></span> <span class='ocrx_word' id='word_1_195' title='bbox 819 1175 1032 1223; x_wconf 80' lang='lat' dir='ltr'><strong><em>Calippicam</em></strong></span> <span class='ocrx_word' id='word_1_196' title='bbox 1046 1175 1196 1211; x_wconf 82' lang='lat' dir='ltr'><strong><em>formam</em></strong></span> <span class='ocrx_word' id='word_1_197' title='bbox 1211 1181 1291 1223; x_wconf 87' lang='lat' dir='ltr'><strong><em>post</em></strong></span> <span class='ocrx_word' id='word_1_198' title='bbox 1306 1175 1527 1212; x_wconf 75' lang='lat' dir='ltr'><strong><em>Constantini</em></strong></span> <span class='ocrx_word' id='word_1_199' title='bbox 1541 1179 1700 1223; x_wconf 86' lang='lat' dir='ltr'><strong><em>tempora</em></strong></span> <span class='ocrx_word' id='word_1_200' title='bbox 1713 1175 1869 1212; x_wconf 88' lang='lat' dir='ltr'><strong><em>nondum</em></strong></span> 
     </span>
     <span class='ocr_line' id='line_1_18' title="bbox 308 1233 1868 1282; baseline 0 -12"><span class='ocrx_word' id='word_1_201' title='bbox 308 1234 525 1282; x_wconf 77' lang='lat' dir='ltr'><strong><em>repudiatam</em></strong></span> <span class='ocrx_word' id='word_1_202' title='bbox 551 1233 676 1276; x_wconf 80' lang='lat' dir='ltr'><strong><em>fuisse,</em></strong></span> <span class='ocrx_word' id='word_1_203' title='bbox 703 1237 738 1268; x_wconf 91' lang='lat' dir='ltr'><strong><em>et</em></strong></span> <span class='ocrx_word' id='word_1_204' title='bbox 765 1244 857 1268; x_wconf 87' lang='lat' dir='ltr'><strong><em>anno</em></strong></span> <span class='ocrx_word' id='word_1_205' title='bbox 878 1233 1031 1280; x_wconf 88' lang='lat' dir='ltr'><strong><em>primum</em></strong></span> <span class='ocrx_word' id='word_1_206' title='bbox 1050 1233 1127 1270; x_wconf 83' lang='lat'><strong>344.</strong></span> <span class='ocrx_word' id='word_1_207' title='bbox 1151 1234 1295 1269; x_wconf 82' lang='lat' dir='ltr'><strong><em>alteram</em></strong></span> <span class='ocrx_word' id='word_1_208' title='bbox 1317 1234 1414 1269; x_wconf 85' lang='lat' dir='ltr'><strong><em>illam</em></strong></span> <span class='ocrx_word' id='word_1_209' title='bbox 1435 1234 1509 1269; x_wconf 90' lang='lat' dir='ltr'><strong><em>eius</em></strong></span> <span class='ocrx_word' id='word_1_210' title='bbox 1530 1234 1608 1269; x_wconf 89' lang='lat' dir='ltr'><strong><em>loco</em></strong></span> <span class='ocrx_word' id='word_1_211' title='bbox 1631 1234 1868 1270; x_wconf 76' lang='lat' dir='ltr'><strong><em>substitutam.</em></strong></span> 
     </span>
     <span class='ocr_line' id='line_1_19' title="bbox 307 1290 1867 1338; baseline -0.001 -11"><span class='ocrx_word' id='word_1_212' title='bbox 307 1291 440 1327; x_wconf 83' lang='lat' dir='ltr'><strong><em>Deinde</em></strong></span> <span class='ocrx_word' id='word_1_213' title='bbox 455 1291 497 1326; x_wconf 83' lang='lat' dir='ltr'><strong><em>R.</em></strong></span> <span class='ocrx_word' id='word_1_214' title='bbox 510 1290 644 1326; x_wconf 84' lang='lat' dir='ltr'><strong><em>Addam</em></strong></span> <span class='ocrx_word' id='word_1_215' title='bbox 661 1290 692 1326; x_wconf 85' lang='lat' dir='ltr'><strong><em>ei</em></strong></span> <span class='ocrx_word' id='word_1_216' title='bbox 709 1291 855 1326; x_wconf 91' lang='lat' dir='ltr'><strong><em>concilio</em></strong></span> <span class='ocrx_word' id='word_1_217' title='bbox 879 1290 1077 1326; x_wconf 80' lang='lat' dir='ltr'><strong><em>interfuisse</em></strong></span> <span class='ocrx_word' id='word_1_218' title='bbox 1099 1294 1198 1338; x_wconf 86' lang='lat' dir='ltr'><strong><em>putat</em></strong></span> <span class='ocrx_word' id='word_1_219' title='bbox 1213 1295 1248 1326; x_wconf 90' lang='lat' dir='ltr'><strong><em>et</em></strong></span> <span class='ocrx_word' id='word_1_220' title='bbox 1270 1291 1502 1338; x_wconf 83' lang='lat' dir='ltr'><strong><em>repudiandae</em></strong></span> <span class='ocrx_word' id='word_1_221' title='bbox 1518 1290 1718 1338; x_wconf 83' lang='lat' dir='ltr'><strong><em>Galippicae</em></strong></span> <span class='ocrx_word' id='word_1_222' title='bbox 1733 1291 1867 1338; x_wconf 80' lang='lat' dir='ltr'><strong><em>periodi</em></strong></span> 
     </span>
     <span class='ocr_line' id='line_1_20' title="bbox 308 1347 1868 1396; baseline 0 -12"><span class='ocrx_word' id='word_1_223' title='bbox 308 1360 350 1384; x_wconf 88' lang='lat' dir='ltr'><strong><em>ac</em></strong></span> <span class='ocrx_word' id='word_1_224' title='bbox 365 1349 564 1385; x_wconf 73' lang='lat' dir='ltr'><strong><em>recentioris</em></strong></span> <span class='ocrx_word' id='word_1_225' title='bbox 579 1348 814 1384; x_wconf 75' lang='lat' dir='ltr'><strong><em>instituendae</em></strong></span> <span class='ocrx_word' id='word_1_226' title='bbox 829 1351 988 1383; x_wconf 80' lang='lat' dir='ltr'><strong><em>autorem</em></strong></span> <span class='ocrx_word' id='word_1_227' title='bbox 1002 1347 1120 1383; x_wconf 85' lang='lat' dir='ltr'><strong><em>fuisse.</em></strong></span> <span class='ocrx_word' id='word_1_228' title='bbox 1150 1348 1203 1384; x_wconf 86' lang='lat' dir='ltr'><strong><em>Ad</em></strong></span> <span class='ocrx_word' id='word_1_229' title='bbox 1224 1348 1310 1384; x_wconf 85' lang='lat' dir='ltr'><strong><em>haec</em></strong></span> <span class='ocrx_word' id='word_1_230' title='bbox 1334 1349 1489 1384; x_wconf 87' lang='lat' dir='ltr'><strong><em>eiusdem</em></strong></span> <span class='ocrx_word' id='word_1_231' title='bbox 1504 1348 1761 1384; x_wconf 74' lang='lat' dir='ltr'><strong><em>&#39;tiberiadensis</em></strong></span> <span class='ocrx_word' id='word_1_232' title='bbox 1778 1349 1868 1396; x_wconf 79' lang='lat' dir='ltr'><strong><em>Syn-</em></strong></span> 
     </span>
     <span class='ocr_line' id='line_1_21' title="bbox 309 1405 1867 1453; baseline 0 -11"><span class='ocrx_word' id='word_1_233' title='bbox 309 1407 396 1442; x_wconf 88' lang='lat' dir='ltr'><strong><em>edrii</em></strong></span> <span class='ocrx_word' id='word_1_234' title='bbox 409 1410 445 1442; x_wconf 85' lang='lat' dir='ltr'><strong><em>et</em></strong></span> <span class='ocrx_word' id='word_1_235' title='bbox 459 1406 500 1441; x_wconf 83' lang='lat' dir='ltr'><strong><em>R..</em></strong></span> <span class='ocrx_word' id='word_1_236' title='bbox 513 1405 631 1440; x_wconf 88' lang='lat' dir='ltr'><strong><em>Addae</em></strong></span> <span class='ocrx_word' id='word_1_237' title='bbox 651 1405 788 1440; x_wconf 88' lang='lat' dir='ltr'><strong><em>decreto</em></strong></span> <span class='ocrx_word' id='word_1_238' title='bbox 801 1405 1007 1440; x_wconf 86' lang='lat' dir='ltr'><strong><em>translatam</em></strong></span> <span class='ocrx_word' id='word_1_239' title='bbox 1024 1416 1100 1441; x_wconf 87' lang='lat' dir='ltr'><strong><em>esse</em></strong></span> <span class='ocrx_word' id='word_1_240' title='bbox 1115 1406 1198 1441; x_wconf 87' lang='lat' dir='ltr'><strong><em>anni</em></strong></span> <span class='ocrx_word' id='word_1_241' title='bbox 1214 1405 1385 1453; x_wconf 80' lang='lat' dir='ltr'><strong><em>epocham</em></strong></span> <span class='ocrx_word' id='word_1_242' title='bbox 1401 1417 1422 1441; x_wconf 86' lang='lat' dir='ltr'><strong><em>a</em></strong></span> <span class='ocrx_word' id='word_1_243' title='bbox 1434 1418 1495 1442; x_wconf 84' lang='lat' dir='ltr'><strong><em>vu.</em></strong></span> <span class='ocrx_word' id='word_1_244' title='bbox 1505 1405 1580 1442; x_wconf 86' lang='lat' dir='ltr'><strong><em>Oct.</em></strong></span> <span class='ocrx_word' id='word_1_245' title='bbox 1595 1405 1641 1440; x_wconf 86' lang='lat' dir='ltr'><strong><em>ad</em></strong></span> <span class='ocrx_word' id='word_1_246' title='bbox 1651 1418 1748 1442; x_wconf 74' lang='lat' dir='ltr'>xxw.</span> <span class='ocrx_word' id='word_1_247' title='bbox 1758 1405 1867 1453; x_wconf 67' lang='lat' dir='ltr'><strong><em>Sept„</em></strong></span> 
     </span>
     <span class='ocr_line' id='line_1_22' title="bbox 309 1452 1868 1511; baseline 0 -12"><span class='ocrx_word' id='word_1_248' title='bbox 309 1475 390 1499; x_wconf 89' lang='lat' dir='ltr'><strong><em>cum</em></strong></span> <span class='ocrx_word' id='word_1_249' title='bbox 411 1467 464 1499; x_wconf 88' lang='lat' dir='ltr'><strong><em>tot</em></strong></span> <span class='ocrx_word' id='word_1_250' title='bbox 485 1463 568 1498; x_wconf 85' lang='lat' dir='ltr'><strong><em>anni</em></strong></span> <span class='ocrx_word' id='word_1_251' title='bbox 588 1463 770 1498; x_wconf 88' lang='lat' dir='ltr'><strong><em>constituti</em></strong></span> <span class='ocrx_word' id='word_1_252' title='bbox 791 1466 923 1506; x_wconf 83' lang='lat' dir='ltr'><strong><em>essent,</em></strong></span> <span class='ocrx_word' id='word_1_253' title='bbox 948 1466 1034 1510; x_wconf 87' lang='lat' dir='ltr'><strong><em>quot</em></strong></span> <span class='ocrx_word' id='word_1_254' title='bbox 1053 1463 1097 1498; x_wconf 84' lang='lat' dir='ltr'><strong><em>ad</em></strong></span> <span class='ocrx_word' id='word_1_255' title='bbox 1119 1475 1184 1499; x_wconf 84' lang='lat' dir='ltr'><strong><em>xm</em></strong></span> <span class='ocrx_word' id='word_1_256' title='bbox 1201 1463 1335 1499; x_wconf 85' lang='lat' dir='ltr'><strong><em>dierum</em></strong></span> <span class='ocrx_word' id='word_1_257' title='bbox 1357 1463 1538 1511; x_wconf 78' lang='grc' dir='ltr'>προήγησιν</span> <span class='ocrx_word' id='word_1_258' title='bbox 1561 1452 1794 1510; x_wconf 70' lang='lat' dir='ltr'><strong><em>requiruntur,</em></strong></span> <span class='ocrx_word' id='word_1_259' title='bbox 1815 1463 1868 1499; x_wconf 84' lang='lat' dir='ltr'><strong><em>ni·</em></strong></span> 
     </span>
     <span class='ocr_line' id='line_1_23' title="bbox 307 1519 1868 1571; baseline 0 -15"><span class='ocrx_word' id='word_1_260' title='bbox 307 1522 436 1556; x_wconf 89' lang='lat' dir='ltr'><strong><em>mirum</em></strong></span> <span class='ocrx_word' id='word_1_261' title='bbox 451 1521 552 1556; x_wconf 85' lang='lat'>4104.</span> <span class='ocrx_word' id='word_1_262' title='bbox 595 1519 692 1563; x_wconf 85' lang='lat' dir='ltr'><strong><em>Quae</em></strong></span> <span class='ocrx_word' id='word_1_263' title='bbox 709 1520 828 1555; x_wconf 81' lang='lat' dir='ltr'><strong><em>omnia</em></strong></span> <span class='ocrx_word' id='word_1_264' title='bbox 841 1530 966 1567; x_wconf 82' lang='lat' dir='ltr'><strong><em>parum</em></strong></span> <span class='ocrx_word' id='word_1_265' title='bbox 982 1524 1035 1555; x_wconf 89' lang='lat' dir='ltr'><strong><em>est</em></strong></span> <span class='ocrx_word' id='word_1_266' title='bbox 1049 1520 1167 1571; x_wconf 68' lang='lat' dir='ltr'><strong><em>inania</em></strong></span> <span class='ocrx_word' id='word_1_267' title='bbox 1183 1523 1218 1556; x_wconf 88' lang='lat' dir='ltr'><strong><em>et</em></strong></span> <span class='ocrx_word' id='word_1_268' title='bbox 1233 1522 1471 1557; x_wconf 87' lang='lat' dir='ltr'><strong><em>commentitia</em></strong></span> <span class='ocrx_word' id='word_1_269' title='bbox 1487 1532 1563 1557; x_wconf 87' lang='lat' dir='ltr'><strong><em>esse</em></strong></span> <span class='ocrx_word' id='word_1_270' title='bbox 1585 1531 1650 1556; x_wconf 90' lang='lat' dir='ltr'><strong><em>nec</em></strong></span> <span class='ocrx_word' id='word_1_271' title='bbox 1663 1521 1770 1556; x_wconf 86' lang='lat' dir='ltr'><strong><em>ullius</em></strong></span> <span class='ocrx_word' id='word_1_272' title='bbox 1786 1521 1868 1556; x_wconf 83' lang='lat' dir='ltr'><strong><em>scri·</em></strong></span> 
     </span>
     <span class='ocr_line' id='line_1_24' title="bbox 307 1577 1870 1626; baseline 0 -12"><span class='ocrx_word' id='word_1_273' title='bbox 307 1579 416 1626; x_wconf 81' lang='lat' dir='ltr'><strong><em>pteris</em></strong></span> <span class='ocrx_word' id='word_1_274' title='bbox 433 1578 615 1614; x_wconf 78' lang='lat' dir='ltr'><strong><em>autoritate</em></strong></span> <span class='ocrx_word' id='word_1_275' title='bbox 625 1604 633 1620; x_wconf 96' lang='lat'>,</span> <span class='ocrx_word' id='word_1_276' title='bbox 650 1581 711 1613; x_wconf 86' lang='lat' dir='ltr'><strong><em>aut</em></strong></span> <span class='ocrx_word' id='word_1_277' title='bbox 722 1578 793 1613; x_wconf 92' lang='lat' dir='ltr'><strong><em>ullo</em></strong></span> <span class='ocrx_word' id='word_1_278' title='bbox 807 1577 1025 1625; x_wconf 77' lang='lat' dir='ltr'><strong><em>antiquitatis</em></strong></span> <span class='ocrx_word' id='word_1_279' title='bbox 1043 1578 1241 1614; x_wconf 87' lang='lat' dir='ltr'><strong><em>testimonio</em></strong></span> <span class='ocrx_word' id='word_1_280' title='bbox 1259 1578 1391 1622; x_wconf 83' lang='lat' dir='ltr'><strong><em>fulciri,</em></strong></span> <span class='ocrx_word' id='word_1_281' title='bbox 1406 1579 1475 1614; x_wconf 88' lang='lat' dir='ltr'><strong><em>nisi</em></strong></span> <span class='ocrx_word' id='word_1_282' title='bbox 1491 1578 1665 1614; x_wconf 82' lang='lat' dir='ltr'><strong><em>contraria</em></strong></span> <span class='ocrx_word' id='word_1_283' title='bbox 1679 1579 1785 1614; x_wconf 85' lang='lat' dir='ltr'><strong><em>etiam</em></strong></span> <span class='ocrx_word' id='word_1_284' title='bbox 1801 1578 1870 1614; x_wconf 85' lang='lat' dir='ltr'><strong><em>sibi</em></strong></span> 
     </span>
     <span class='ocr_line' id='line_1_25' title="bbox 306 1635 1869 1683; baseline -0.001 -11"><span class='ocrx_word' id='word_1_285' title='bbox 306 1647 347 1672; x_wconf 86' lang='lat' dir='ltr'><strong><em>ac</em></strong></span> <span class='ocrx_word' id='word_1_286' title='bbox 359 1636 455 1672; x_wconf 90' lang='lat' dir='ltr'><strong><em>nullo</em></strong></span> <span class='ocrx_word' id='word_1_287' title='bbox 468 1635 572 1671; x_wconf 88' lang='lat' dir='ltr'><strong><em>modo</em></strong></span> <span class='ocrx_word' id='word_1_288' title='bbox 585 1638 820 1671; x_wconf 83' lang='lat' dir='ltr'><strong><em>consentanea</em></strong></span> <span class='ocrx_word' id='word_1_289' title='bbox 832 1635 999 1671; x_wconf 86' lang='lat' dir='ltr'><strong><em>dicantur.</em></strong></span> <span class='ocrx_word' id='word_1_290' title='bbox 1022 1635 1116 1671; x_wconf 88' lang='lat' dir='ltr'><strong><em>Nihil</em></strong></span> <span class='ocrx_word' id='word_1_291' title='bbox 1128 1636 1221 1671; x_wconf 85' lang='lat' dir='ltr'><strong><em>enim</em></strong></span> <span class='ocrx_word' id='word_1_292' title='bbox 1233 1635 1325 1683; x_wconf 86' lang='lat' dir='ltr'><strong><em>apud</em></strong></span> <span class='ocrx_word' id='word_1_293' title='bbox 1337 1635 1556 1683; x_wconf 83' lang='lat' dir='ltr'><strong><em>Scaligerum</em></strong></span> <span class='ocrx_word' id='word_1_294' title='bbox 1569 1647 1654 1674; x_wconf 82' lang='lat' dir='ltr'><strong><em>cum</em></strong></span> <span class='ocrx_word' id='word_1_295' title='bbox 1663 1635 1702 1672; x_wconf 90' lang='lat' dir='ltr'><strong><em>in</em></strong></span> <span class='ocrx_word' id='word_1_296' title='bbox 1716 1636 1814 1672; x_wconf 85' lang='lat' dir='ltr'><strong><em>libris</em></strong></span> <span class='ocrx_word' id='word_1_297' title='bbox 1827 1635 1869 1671; x_wconf 87' lang='lat' dir='ltr'><strong><em>de</em></strong></span> 
     </span>
     <span class='ocr_line' id='line_1_26' title="bbox 306 1692 1868 1740; baseline -0.001 -10"><span class='ocrx_word' id='word_1_298' title='bbox 306 1693 451 1730; x_wconf 87' lang='lat' dir='ltr'><strong><em>Emend.</em></strong></span> <span class='ocrx_word' id='word_1_299' title='bbox 468 1697 544 1728; x_wconf 91' lang='lat' dir='ltr'><strong><em>tum</em></strong></span> <span class='ocrx_word' id='word_1_300' title='bbox 559 1693 597 1729; x_wconf 90' lang='lat' dir='ltr'><strong><em>in</em></strong></span> <span class='ocrx_word' id='word_1_301' title='bbox 608 1693 702 1739; x_wconf 84' lang='lat' dir='ltr'><strong><em>Isag.</em></strong></span> <span class='ocrx_word' id='word_1_302' title='bbox 711 1692 913 1728; x_wconf 86' lang='lat' dir='ltr'><strong><em>Canonibus</em></strong></span> <span class='ocrx_word' id='word_1_303' title='bbox 925 1696 998 1728; x_wconf 86' lang='lat' dir='ltr'><strong><em>tam</em></strong></span> <span class='ocrx_word' id='word_1_304' title='bbox 1015 1694 1132 1729; x_wconf 88' lang='lat' dir='ltr'><strong><em>crebro</em></strong></span> <span class='ocrx_word' id='word_1_305' title='bbox 1150 1693 1371 1729; x_wconf 85' lang='lat' dir='ltr'><strong><em>decantatum</em></strong></span> <span class='ocrx_word' id='word_1_306' title='bbox 1386 1697 1440 1729; x_wconf 89' lang='lat' dir='ltr'><strong><em>est</em></strong></span> <span class='ocrx_word' id='word_1_307' title='bbox 1454 1704 1561 1740; x_wconf 83' lang='lat' dir='ltr'><strong><em>quam</em></strong></span> <span class='ocrx_word' id='word_1_308' title='bbox 1572 1693 1744 1730; x_wconf 75' lang='lat' dir='ltr'><strong><em>novitium</em></strong></span> <span class='ocrx_word' id='word_1_309' title='bbox 1758 1693 1868 1737; x_wconf 89' lang='lat' dir='ltr'><strong><em>illum,</em></strong></span> 
     </span>
     <span class='ocr_line' id='line_1_27' title="bbox 306 1750 1872 1798; baseline 0.001 -11"><span class='ocrx_word' id='word_1_310' title='bbox 306 1755 347 1787; x_wconf 83' lang='lat' dir='ltr'><strong><em>ut</em></strong></span> <span class='ocrx_word' id='word_1_311' title='bbox 361 1754 478 1794; x_wconf 82' lang='lat' dir='ltr'><strong><em>vocat,</em></strong></span> <span class='ocrx_word' id='word_1_312' title='bbox 502 1750 708 1786; x_wconf 79' lang='lat' dir='ltr'><strong><em>Iudaeorum</em></strong></span> <span class='ocrx_word' id='word_1_313' title='bbox 731 1762 882 1794; x_wconf 82' lang='lat' dir='ltr'><strong><em>anuum,</em></strong></span> <span class='ocrx_word' id='word_1_314' title='bbox 907 1762 975 1798; x_wconf 88' lang='lat' dir='ltr'><strong><em>quo</em></strong></span> <span class='ocrx_word' id='word_1_315' title='bbox 1000 1751 1050 1787; x_wconf 91' lang='lat' dir='ltr'><strong><em>uti</em></strong></span> <span class='ocrx_word' id='word_1_316' title='bbox 1073 1750 1244 1798; x_wconf 89' lang='lat' dir='ltr'><strong><em>hodieque</em></strong></span> <span class='ocrx_word' id='word_1_317' title='bbox 1268 1751 1397 1795; x_wconf 83' lang='lat' dir='ltr'><strong><em>solent,</em></strong></span> <span class='ocrx_word' id='word_1_318' title='bbox 1421 1761 1443 1787; x_wconf 81' lang='lat' dir='ltr'><strong><em>a</em></strong></span> <span class='ocrx_word' id='word_1_319' title='bbox 1464 1751 1505 1788; x_wconf 77' lang='lat' dir='ltr'><strong><em>R..</em></strong></span> <span class='ocrx_word' id='word_1_320' title='bbox 1525 1751 1648 1787; x_wconf 87' lang='lat' dir='ltr'><strong><em>Hillele</em></strong></span> <span class='ocrx_word' id='word_1_321' title='bbox 1669 1751 1774 1798; x_wconf 85' lang='lat' dir='ltr'><strong><em>longe</em></strong></span> <span class='ocrx_word' id='word_1_322' title='bbox 1788 1754 1872 1798; x_wconf 78' lang='lat' dir='ltr'><strong><em>post</em></strong></span> 
     </span>
     <span class='ocr_line' id='line_1_28' title="bbox 306 1807 1868 1855; baseline 0 -11"><span class='ocrx_word' id='word_1_323' title='bbox 306 1808 347 1844; x_wconf 81' lang='lat' dir='ltr'><strong><em>R.</em></strong></span> <span class='ocrx_word' id='word_1_324' title='bbox 361 1808 535 1844; x_wconf 81' lang='lat' dir='ltr'><strong><em>Samuelis</em></strong></span> <span class='ocrx_word' id='word_1_325' title='bbox 549 1807 668 1844; x_wconf 84' lang='lat' dir='ltr'><strong><em>Addae</em></strong></span> <span class='ocrx_word' id='word_1_326' title='bbox 683 1811 842 1855; x_wconf 84' lang='lat' dir='ltr'><strong><em>tempora</em></strong></span> <span class='ocrx_word' id='word_1_327' title='bbox 857 1809 1096 1855; x_wconf 83' lang='lat' dir='ltr'><strong><em>excogitatum</em></strong></span> <span class='ocrx_word' id='word_1_328' title='bbox 1111 1808 1231 1844; x_wconf 78' lang='lat' dir='ltr'><strong><em>fuisse.</em></strong></span> <span class='ocrx_word' id='word_1_329' title='bbox 1263 1809 1312 1844; x_wconf 88' lang='lat' dir='ltr'><strong><em>Ac</em></strong></span> <span class='ocrx_word' id='word_1_330' title='bbox 1329 1820 1373 1844; x_wconf 85' lang='lat' dir='ltr'><strong><em>ne</em></strong></span> <span class='ocrx_word' id='word_1_331' title='bbox 1389 1809 1594 1844; x_wconf 81' lang='lat' dir='ltr'><strong><em>calumniari</em></strong></span> <span class='ocrx_word' id='word_1_332' title='bbox 1611 1809 1724 1845; x_wconf 87' lang='lat' dir='ltr'><strong><em>sciens</em></strong></span> <span class='ocrx_word' id='word_1_333' title='bbox 1740 1808 1868 1853; x_wconf 79' lang='lat' dir='ltr'><strong><em>videar,</em></strong></span> 
     </span>
     <span class='ocr_line' id='line_1_29' title="bbox 306 1865 1868 1914; baseline 0.001 -13"><span class='ocrx_word' id='word_1_334' title='bbox 306 1877 387 1901; x_wconf 89' lang='lat' dir='ltr'><strong><em>cum</em></strong></span> <span class='ocrx_word' id='word_1_335' title='bbox 402 1866 446 1901; x_wconf 89' lang='lat' dir='ltr'><strong><em>iis</em></strong></span> <span class='ocrx_word' id='word_1_336' title='bbox 462 1876 552 1912; x_wconf 83' lang='lat' dir='ltr'><strong><em>quae</em></strong></span> <span class='ocrx_word' id='word_1_337' title='bbox 568 1866 603 1901; x_wconf 90' lang='lat' dir='ltr'><strong><em>in</em></strong></span> <span class='ocrx_word' id='word_1_338' title='bbox 620 1877 723 1913; x_wconf 87' lang='lat' dir='ltr'><strong><em>opere</em></strong></span> <span class='ocrx_word' id='word_1_339' title='bbox 738 1866 797 1902; x_wconf 90' lang='lat' dir='ltr'><strong><em>illo</em></strong></span> <span class='ocrx_word' id='word_1_340' title='bbox 814 1865 855 1902; x_wconf 86' lang='lat' dir='ltr'><strong><em>de</em></strong></span> <span class='ocrx_word' id='word_1_341' title='bbox 871 1865 1121 1902; x_wconf 84' lang='lat' dir='ltr'><strong><em>Emendatione</em></strong></span> <span class='ocrx_word' id='word_1_342' title='bbox 1144 1866 1282 1914; x_wconf 81' lang='lat' dir='ltr'><strong><em>scripsit</em></strong></span> <span class='ocrx_word' id='word_1_343' title='bbox 1304 1866 1501 1910; x_wconf 75' lang='lat' dir='ltr'><strong><em>conform,</em></strong></span> <span class='ocrx_word' id='word_1_344' title='bbox 1523 1876 1612 1913; x_wconf 85' lang='lat' dir='ltr'><strong><em>quae</em></strong></span> <span class='ocrx_word' id='word_1_345' title='bbox 1633 1866 1670 1902; x_wconf 89' lang='lat' dir='ltr'><strong><em>in</em></strong></span> <span class='ocrx_word' id='word_1_346' title='bbox 1691 1869 1868 1914; x_wconf 79' lang='lat' dir='ltr'><strong><em>postremo</em></strong></span> 
     </span>
     <span class='ocr_line' id='line_1_30' title="bbox 306 1922 1869 1971; baseline 0.001 -13"><span class='ocrx_word' id='word_1_347' title='bbox 306 1934 411 1969; x_wconf 89' lang='lat' dir='ltr'><strong><em>quem</em></strong></span> <span class='ocrx_word' id='word_1_348' title='bbox 427 1933 470 1958; x_wconf 85' lang='lat' dir='ltr'><strong><em>ea</em></strong></span> <span class='ocrx_word' id='word_1_349' title='bbox 485 1922 527 1958; x_wconf 87' lang='lat' dir='ltr'><strong><em>de</em></strong></span> <span class='ocrx_word' id='word_1_350' title='bbox 542 1934 579 1958; x_wconf 87' lang='lat' dir='ltr'><strong><em>re</em></strong></span> <span class='ocrx_word' id='word_1_351' title='bbox 595 1923 702 1959; x_wconf 90' lang='lat' dir='ltr'><strong><em>edidit</em></strong></span> <span class='ocrx_word' id='word_1_352' title='bbox 721 1923 808 1959; x_wconf 88' lang='lat' dir='ltr'><strong><em>libro</em></strong></span> <span class='ocrx_word' id='word_1_353' title='bbox 824 1923 964 1970; x_wconf 85' lang='lat' dir='ltr'><strong><em>penitus</em></strong></span> <span class='ocrx_word' id='word_1_354' title='bbox 981 1934 1003 1959; x_wconf 88' lang='lat' dir='ltr'><strong><em>a</em></strong></span> <span class='ocrx_word' id='word_1_355' title='bbox 1017 1934 1056 1959; x_wconf 89' lang='lat' dir='ltr'><strong><em>se</em></strong></span> <span class='ocrx_word' id='word_1_356' title='bbox 1069 1923 1205 1960; x_wconf 84' lang='lat' dir='ltr'><strong><em>diversa</em></strong></span> <span class='ocrx_word' id='word_1_357' title='bbox 1219 1934 1260 1959; x_wconf 85' lang='lat' dir='ltr'><strong><em>ac</em></strong></span> <span class='ocrx_word' id='word_1_358' title='bbox 1275 1924 1471 1971; x_wconf 82' lang='lat' dir='ltr'><strong><em>pugnantia</em></strong></span> <span class='ocrx_word' id='word_1_359' title='bbox 1485 1924 1660 1971; x_wconf 75' lang='lat' dir='ltr'><strong><em>leguntur.</em></strong></span> <span class='ocrx_word' id='word_1_360' title='bbox 1696 1923 1786 1960; x_wconf 75' lang='lat' dir='ltr'><strong><em>Nam</em></strong></span> <span class='ocrx_word' id='word_1_361' title='bbox 1798 1923 1869 1960; x_wconf 85' lang='lat' dir='ltr'><strong><em>Isa-</em></strong></span> 
     </span>
     <span class='ocr_line' id='line_1_31' title="bbox 306 1979 1868 2028; baseline 0.001 -13"><span class='ocrx_word' id='word_1_362' title='bbox 306 1990 390 2027; x_wconf 85' lang='lat' dir='ltr'><strong><em>gog.</em></strong></span> <span class='ocrx_word' id='word_1_363' title='bbox 404 1979 489 2016; x_wconf 80' lang='lat' dir='ltr'><strong><em>Can.</em></strong></span> <span class='ocrx_word' id='word_1_364' title='bbox 505 1980 567 2017; x_wconf 89' lang='lat' dir='ltr'><strong><em>lib.</em></strong></span> <span class='ocrx_word' id='word_1_365' title='bbox 581 1992 634 2017; x_wconf 86' lang='lat' dir='ltr'><strong><em>m.</em></strong></span> <span class='ocrx_word' id='word_1_366' title='bbox 649 1992 684 2028; x_wconf 89' lang='lat' dir='ltr'><strong><em>p.</em></strong></span> <span class='ocrx_word' id='word_1_367' title='bbox 697 1980 774 2016; x_wconf 84' lang='lat'>215.</span> <span class='ocrx_word' id='word_1_368' title='bbox 804 1981 954 2027; x_wconf 86' lang='lat' dir='ltr'><strong><em>Templo,</em></strong></span> <span class='ocrx_word' id='word_1_369' title='bbox 970 1981 1100 2028; x_wconf 88' lang='lat' dir='ltr'><strong><em>inquit,</em></strong></span> <span class='ocrx_word' id='word_1_370' title='bbox 1117 1981 1231 2016; x_wconf 72' lang='lat' dir='ltr'><strong><em>adhuc</em></strong></span> <span class='ocrx_word' id='word_1_371' title='bbox 1247 1987 1375 2024; x_wconf 84' lang='lat' dir='ltr'><strong><em>stante,</em></strong></span> <span class='ocrx_word' id='word_1_372' title='bbox 1391 1984 1514 2017; x_wconf 78' lang='lat' dir='ltr'><strong><em>mensis</em></strong></span> <span class='ocrx_word' id='word_1_373' title='bbox 1529 1985 1618 2016; x_wconf 74' lang='lat' dir='ltr'><strong><em>mere</em></strong></span> <span class='ocrx_word' id='word_1_374' title='bbox 1633 1982 1768 2016; x_wconf 73' lang='lat' dir='ltr'><strong><em>lunaris</em></strong></span> <span class='ocrx_word' id='word_1_375' title='bbox 1778 1981 1868 2028; x_wconf 67' lang='lat' dir='ltr'><strong><em>Hep-</em></strong></span> 
     </span>
     <span class='ocr_line' id='line_1_32' title="bbox 299 2037 1868 2085; baseline 0.001 -12"><span class='ocrx_word' id='word_1_376' title='bbox 299 2037 435 2085; x_wconf 74' lang='lat' dir='ltr'><strong><em>parehi</em></strong></span> <span class='ocrx_word' id='word_1_377' title='bbox 448 2041 485 2073; x_wconf 80' lang='lat' dir='ltr'><strong><em>in</em></strong></span> <span class='ocrx_word' id='word_1_378' title='bbox 501 2049 594 2072; x_wconf 77' lang='lat' dir='ltr'><strong><em>usum</em></strong></span> <span class='ocrx_word' id='word_1_379' title='bbox 617 2051 640 2073; x_wconf 93' lang='lat' dir='ltr'><strong><em>a</em></strong></span> <span class='ocrx_word' id='word_1_380' title='bbox 657 2038 800 2073; x_wconf 83' lang='lat' dir='ltr'><strong><em>Iudaeis</em></strong></span> <span class='ocrx_word' id='word_1_381' title='bbox 821 2044 978 2085; x_wconf 84' lang='lat' dir='ltr'><strong><em>receptus</em></strong></span> <span class='ocrx_word' id='word_1_382' title='bbox 999 2043 1086 2074; x_wconf 87' lang='lat' dir='ltr'><strong><em>erat.</em></strong></span> <span class='ocrx_word' id='word_1_383' title='bbox 1131 2038 1214 2073; x_wconf 87' lang='lat' dir='ltr'><strong><em>Post</em></strong></span> <span class='ocrx_word' id='word_1_384' title='bbox 1228 2039 1396 2073; x_wconf 76' lang='lat' dir='ltr'><strong><em>excidium</em></strong></span> <span class='ocrx_word' id='word_1_385' title='bbox 1412 2038 1542 2085; x_wconf 82' lang='lat' dir='ltr'><strong><em>templi,</em></strong></span> <span class='ocrx_word' id='word_1_386' title='bbox 1565 2044 1604 2073; x_wconf 86' lang='lat' dir='ltr'><strong><em>ut</em></strong></span> <span class='ocrx_word' id='word_1_387' title='bbox 1622 2043 1709 2074; x_wconf 81' lang='lat' dir='ltr'><strong><em>esset</em></strong></span> <span class='ocrx_word' id='word_1_388' title='bbox 1712 2039 1868 2085; x_wconf 80' lang='lat' dir='ltr'><strong><em>formula</em></strong></span> 
     </span>
     <span class='ocr_line' id='line_1_33' title="bbox 305 2093 1867 2143; baseline 0 -13"><span class='ocrx_word' id='word_1_389' title='bbox 305 2096 472 2142; x_wconf 80' lang='lat' dir='ltr'><strong><em>quaedam</em></strong></span> <span class='ocrx_word' id='word_1_390' title='bbox 483 2101 652 2142; x_wconf 80' lang='lat' dir='ltr'><strong><em>perpetua</em></strong></span> <span class='ocrx_word' id='word_1_391' title='bbox 670 2097 755 2130; x_wconf 80' lang='lat' dir='ltr'><strong><em>anni</em></strong></span> <span class='ocrx_word' id='word_1_392' title='bbox 769 2096 898 2138; x_wconf 73' lang='lat' dir='ltr'><strong><em>civilis,</em></strong></span> <span class='ocrx_word' id='word_1_393' title='bbox 923 2107 984 2143; x_wconf 79' lang='lat' dir='ltr'><strong><em>quo</em></strong></span> <span class='ocrx_word' id='word_1_394' title='bbox 1004 2096 1166 2142; x_wconf 76' lang='lat' dir='ltr'><strong><em>pleraque</em></strong></span> <span class='ocrx_word' id='word_1_395' title='bbox 1188 2098 1293 2131; x_wconf 81' lang='lat' dir='ltr'><strong><em>omnis</em></strong></span> <span class='ocrx_word' id='word_1_396' title='bbox 1309 2096 1514 2131; x_wconf 83' lang='lat' dir='ltr'><strong><em>Iudaeorum</em></strong></span> <span class='ocrx_word' id='word_1_397' title='bbox 1530 2093 1694 2142; x_wconf 79' lang='grc' dir='ltr'>διασπορὰ</span> <span class='ocrx_word' id='word_1_398' title='bbox 1708 2101 1867 2138; x_wconf 79' lang='lat' dir='ltr'><strong><em>uteretur,</em></strong></span> 
     </span>
    </p>
   </div>
   <div class='ocr_carea' id='block_1_3' title="bbox 263 2151 1870 2204">
    <p class='ocr_par' dir='ltr' id='par_1_3' title="bbox 263 2151 1870 2204">
     <span class='ocr_line' id='line_1_34' title="bbox 263 2151 1870 2204; baseline 0.002 -18"><span class='ocrx_word' id='word_1_399' title='bbox 263 2196 270 2204; x_wconf 46' lang='lat'><strong>·</strong></span> <span class='ocrx_word' id='word_1_400' title='bbox 301 2155 415 2199; x_wconf 85' lang='lat' dir='ltr'><strong><em>primo</em></strong></span> <span class='ocrx_word' id='word_1_401' title='bbox 432 2159 544 2200; x_wconf 74' lang='lat' dir='ltr'><strong><em>typum</em></strong></span> <span class='ocrx_word' id='word_1_402' title='bbox 554 2153 749 2199; x_wconf 80' lang='lat' dir='ltr'><strong><em>publicavit</em></strong></span> <span class='ocrx_word' id='word_1_403' title='bbox 763 2152 804 2187; x_wconf 86' lang='lat' dir='ltr'><strong><em>R.</em></strong></span> <span class='ocrx_word' id='word_1_404' title='bbox 816 2151 955 2187; x_wconf 79' lang='lat' dir='ltr'><strong><em>Samuel</em></strong></span> <span class='ocrx_word' id='word_1_405' title='bbox 976 2158 1187 2199; x_wconf 75' lang='lat' dir='ltr'><strong><em>coynomento</em></strong></span> <span class='ocrx_word' id='word_1_406' title='bbox 1210 2152 1413 2194; x_wconf 77' lang='lat' dir='ltr'><strong><em>Iarclu&#39;nai,</em></strong></span> <span class='ocrx_word' id='word_1_407' title='bbox 1437 2154 1576 2188; x_wconf 77' lang='lat' dir='ltr'><strong><em>circiter</em></strong></span> <span class='ocrx_word' id='word_1_408' title='bbox 1598 2164 1723 2188; x_wconf 80' lang='lat' dir='ltr'><strong><em>annum</em></strong></span> <span class='ocrx_word' id='word_1_409' title='bbox 1740 2152 1870 2189; x_wconf 68' lang='lat' dir='ltr'><strong><em>Christi</em></strong></span> 
     </span>
    </p>
   </div>
   <div class='ocr_carea' id='block_1_4' title="bbox 301 2208 1869 3117">
    <p class='ocr_par' dir='ltr' id='par_1_4' title="bbox 301 2208 1869 2945">
     <span class='ocr_line' id='line_1_35' title="bbox 306 2208 1867 2257; baseline 0 -11"><span class='ocrx_word' id='word_1_410' title='bbox 306 2220 431 2247; x_wconf 77' lang='lat' dir='ltr'><strong><em>ccxiii.</em></strong></span> <span class='ocrx_word' id='word_1_411' title='bbox 444 2210 526 2257; x_wconf 82' lang='lat' dir='ltr'><strong><em>plus</em></strong></span> <span class='ocrx_word' id='word_1_412' title='bbox 537 2212 663 2245; x_wconf 77' lang='lat' dir='ltr'><strong><em>minue.-</em></strong></span> <span class='ocrx_word' id='word_1_413' title='bbox 680 2211 814 2256; x_wconf 79' lang='lat' dir='ltr'><strong><em>quando</em></strong></span> <span class='ocrx_word' id='word_1_414' title='bbox 827 2209 970 2245; x_wconf 83' lang='lat' dir='ltr'><strong><em>Iudaeis</em></strong></span> <span class='ocrx_word' id='word_1_415' title='bbox 977 2212 1175 2257; x_wconf 81' lang='lat' dir='ltr'><strong><em>praecepit,</em></strong></span> <span class='ocrx_word' id='word_1_416' title='bbox 1192 2215 1229 2245; x_wconf 89' lang='lat' dir='ltr'><strong><em>ut</em></strong></span> <span class='ocrx_word' id='word_1_417' title='bbox 1239 2211 1363 2245; x_wconf 81' lang='lat' dir='ltr'><strong><em>relicta</em></strong></span> <span class='ocrx_word' id='word_1_418' title='bbox 1375 2211 1482 2245; x_wconf 79' lang='lat' dir='ltr'><strong><em>veteri</em></strong></span> <span class='ocrx_word' id='word_1_419' title='bbox 1499 2208 1660 2256; x_wconf 79' lang='lat' dir='ltr'><strong><em>Telcupha</em></strong></span> <span class='ocrx_word' id='word_1_420' title='bbox 1673 2212 1710 2244; x_wconf 80' lang='lat' dir='ltr'><strong><em>in</em></strong></span> <span class='ocrx_word' id='word_1_421' title='bbox 1722 2221 1782 2247; x_wconf 83' lang='lat' dir='ltr'><strong><em>vn.</em></strong></span> <span class='ocrx_word' id='word_1_422' title='bbox 1795 2211 1867 2246; x_wconf 80' lang='lat' dir='ltr'><strong><em>Oct.</em></strong></span> 
     </span>
     <span class='ocr_line' id='line_1_36' title="bbox 311 2266 1869 2315; baseline 0.001 -13"><span class='ocrx_word' id='word_1_423' title='bbox 311 2267 343 2302; x_wconf 88' lang='grc' dir='ltr'><em>Τ</em></span> <span class='ocrx_word' id='word_1_424' title='bbox 340 2267 506 2315; x_wconf 63' lang='lat' dir='ltr'><strong><em>empnam</em></strong></span> <span class='ocrx_word' id='word_1_425' title='bbox 521 2266 694 2313; x_wconf 74' lang='lat' dir='ltr'><strong><em>Soeiqenie</em></strong></span> <span class='ocrx_word' id='word_1_426' title='bbox 710 2267 884 2303; x_wconf 79' lang='lat' dir='ltr'><strong><em>lulianam</em></strong></span> <span class='ocrx_word' id='word_1_427' title='bbox 903 2269 939 2302; x_wconf 75' lang='lat' dir='ltr'><strong><em>in</em></strong></span> <span class='ocrx_word' id='word_1_428' title='bbox 956 2279 1051 2304; x_wconf 80' lang='lat' dir='ltr'><strong>xxn&#39;.</strong></span> <span class='ocrx_word' id='word_1_429' title='bbox 1062 2267 1153 2314; x_wconf 82' lang='lat' dir='ltr'><strong><em>Sept.</em></strong></span> <span class='ocrx_word' id='word_1_430' title='bbox 1170 2268 1462 2314; x_wconf 73' lang='lat' dir='ltr'><strong><em>amplecterentur.</em></strong></span> <span class='ocrx_word' id='word_1_431' title='bbox 1509 2267 1590 2313; x_wconf 87' lang='lat' dir='ltr'><strong><em>Ipse</em></strong></span> <span class='ocrx_word' id='word_1_432' title='bbox 1614 2270 1715 2302; x_wconf 75' lang='lat' dir='ltr'><strong><em>etiam</em></strong></span> <span class='ocrx_word' id='word_1_433' title='bbox 1737 2270 1869 2314; x_wconf 79' lang='lat' dir='ltr'><strong><em>primus</em></strong></span> 
     </span>
     <span class='ocr_line' id='line_1_37' title="bbox 307 2324 1867 2372; baseline 0.001 -12"><span class='ocrx_word' id='word_1_434' title='bbox 307 2325 514 2360; x_wconf 80' lang='lat' dir='ltr'><strong><em>Iudaeorum</em></strong></span> <span class='ocrx_word' id='word_1_435' title='bbox 530 2337 571 2360; x_wconf 71' lang='lat' dir='ltr'><strong><em>ez</em></strong></span> <span class='ocrx_word' id='word_1_436' title='bbox 582 2325 773 2366; x_wconf 77' lang='lat' dir='ltr'><strong><em>definitione</em></strong></span> <span class='ocrx_word' id='word_1_437' title='bbox 789 2327 911 2360; x_wconf 73' lang='lat' dir='ltr'><strong><em>mensis</em></strong></span> <span class='ocrx_word' id='word_1_438' title='bbox 927 2325 1062 2360; x_wconf 77' lang='lat' dir='ltr'><strong><em>lunaris</em></strong></span> <span class='ocrx_word' id='word_1_439' title='bbox 1072 2324 1301 2372; x_wconf 70' lang='lat' dir='ltr'><strong><em>Hipparchea</em></strong></span> <span class='ocrx_word' id='word_1_440' title='bbox 1314 2324 1536 2371; x_wconf 76' lang='lat' dir='ltr'><strong><em>deprehendit</em></strong></span> <span class='ocrx_word' id='word_1_441' title='bbox 1547 2325 1729 2360; x_wconf 74' lang='lat' dir='ltr'><strong><em>discrimen</em></strong></span> <span class='ocrx_word' id='word_1_442' title='bbox 1746 2337 1867 2362; x_wconf 84' lang='lat' dir='ltr'><strong><em>ennea-</em></strong></span> 
     </span>
     <span class='ocr_line' id='line_1_38' title="bbox 307 2381 1868 2427; baseline 0 -9"><span class='ocrx_word' id='word_1_443' title='bbox 307 2383 542 2418; x_wconf 71' lang='lat' dir='ltr'><strong><em>decaeteridos</em></strong></span> <span class='ocrx_word' id='word_1_444' title='bbox 558 2382 720 2418; x_wconf 79' lang='lat' dir='ltr'><strong><em>Iulianae</em></strong></span> <span class='ocrx_word' id='word_1_445' title='bbox 736 2387 769 2418; x_wconf 87' lang='lat' dir='ltr'><strong><em>et</em></strong></span> <span class='ocrx_word' id='word_1_446' title='bbox 779 2383 914 2418; x_wconf 77' lang='lat' dir='ltr'><strong><em>lunaris</em></strong></span> <span class='ocrx_word' id='word_1_447' title='bbox 929 2393 1000 2418; x_wconf 83' lang='lat' dir='ltr'><strong><em>esee</em></strong></span> <span class='ocrx_word' id='word_1_448' title='bbox 1015 2381 1088 2418; x_wconf 74' lang='lat' dir='ltr'><strong><em>lior.</em></strong></span> <span class='ocrx_word' id='word_1_449' title='bbox 1100 2382 1128 2418; x_wconf 84' lang='lat'><strong><em>1.</em></strong></span> <span class='ocrx_word' id='word_1_450' title='bbox 1142 2381 1222 2417; x_wconf 75' lang='lat'><em>485.</em></span> <span class='ocrx_word' id='word_1_451' title='bbox 1244 2382 1368 2417; x_wconf 79' lang='lat' dir='ltr'><strong><em>Postea</em></strong></span> <span class='ocrx_word' id='word_1_452' title='bbox 1385 2381 1427 2419; x_wconf 81' lang='lat' dir='ltr'><strong><em>R.</em></strong></span> <span class='ocrx_word' id='word_1_453' title='bbox 1442 2382 1549 2417; x_wconf 81' lang='lat' dir='ltr'><strong><em>Adda</em></strong></span> <span class='ocrx_word' id='word_1_454' title='bbox 1568 2381 1643 2417; x_wconf 78' lang='lat' dir='ltr'><strong><em>Bar</em></strong></span> <span class='ocrx_word' id='word_1_455' title='bbox 1656 2382 1797 2427; x_wconf 65' lang='lat' dir='ltr'><strong><em>Ababa,</em></strong></span> <span class='ocrx_word' id='word_1_456' title='bbox 1813 2385 1868 2418; x_wconf 81' lang='lat' dir='ltr'><strong><em>vir</em></strong></span> 
     </span>
     <span class='ocr_line' id='line_1_39' title="bbox 305 2438 1868 2487; baseline 0.001 -12"><span class='ocrx_word' id='word_1_457' title='bbox 305 2440 441 2475; x_wconf 81' lang='lat' dir='ltr'><strong><em>saeculo</em></strong></span> <span class='ocrx_word' id='word_1_458' title='bbox 461 2452 521 2475; x_wconf 75' lang='lat' dir='ltr'><strong><em>suo</em></strong></span> <span class='ocrx_word' id='word_1_459' title='bbox 545 2439 750 2475; x_wconf 83' lang='lat' dir='ltr'><strong><em>Iudaeorum</em></strong></span> <span class='ocrx_word' id='word_1_460' title='bbox 772 2441 984 2475; x_wconf 73' lang='lat' dir='ltr'><strong><em>doctissimus</em></strong></span> <span class='ocrx_word' id='word_1_461' title='bbox 991 2466 1001 2483; x_wconf 86' lang='lat'><em>,</em></span> <span class='ocrx_word' id='word_1_462' title='bbox 1027 2442 1210 2487; x_wconf 76' lang='lat' dir='ltr'><strong><em>pensitatis</em></strong></span> <span class='ocrx_word' id='word_1_463' title='bbox 1230 2438 1432 2487; x_wconf 70' lang='lat' dir='ltr'><strong><em>Hippareni</em></strong></span> <span class='ocrx_word' id='word_1_464' title='bbox 1452 2439 1660 2483; x_wconf 79' lang='lat' dir='ltr'><strong><em>rationibus,</em></strong></span> <span class='ocrx_word' id='word_1_465' title='bbox 1687 2451 1727 2475; x_wconf 68' lang='lat' dir='ltr'><strong><em>ex</em></strong></span> <span class='ocrx_word' id='word_1_466' title='bbox 1749 2441 1868 2487; x_wconf 76' lang='lat' dir='ltr'><strong><em>quibus</em></strong></span> 
     </span>
     <span class='ocr_line' id='line_1_40' title="bbox 306 2495 1866 2544; baseline 0 -11"><span class='ocrx_word' id='word_1_467' title='bbox 306 2498 607 2534; x_wconf 64' lang='lat' dir='ltr'><strong><em>carneaden-asteria</em></strong></span> <span class='ocrx_word' id='word_1_468' title='bbox 624 2497 725 2533; x_wconf 87' lang='lat' dir='ltr'><strong><em>lunae</em></strong></span> <span class='ocrx_word' id='word_1_469' title='bbox 737 2498 846 2532; x_wconf 84' lang='lat' dir='ltr'><strong><em>minor</em></strong></span> <span class='ocrx_word' id='word_1_470' title='bbox 865 2502 915 2532; x_wconf 83' lang='lat' dir='ltr'><strong><em>eet</em></strong></span> <span class='ocrx_word' id='word_1_471' title='bbox 926 2509 996 2533; x_wconf 83' lang='lat' dir='ltr'><strong><em>una</em></strong></span> <span class='ocrx_word' id='word_1_472' title='bbox 1013 2497 1336 2533; x_wconf 67' lang='lat' dir='ltr'><strong><em>enneadeeaiteride</em></strong></span> <span class='ocrx_word' id='word_1_473' title='bbox 1355 2495 1539 2544; x_wconf 82' lang='lat' dir='ltr'><strong><em>Galippica</em></strong></span> <span class='ocrx_word' id='word_1_474' title='bbox 1561 2496 1632 2532; x_wconf 74' lang='lat' dir='ltr'><strong><em>hor.</em></strong></span> <span class='ocrx_word' id='word_1_475' title='bbox 1643 2497 1674 2532; x_wconf 78' lang='lat'><strong><em>1.</em></strong></span> <span class='ocrx_word' id='word_1_476' title='bbox 1694 2496 1780 2540; x_wconf 77' lang='lat'><strong><em>435,</em></strong></span> <span class='ocrx_word' id='word_1_477' title='bbox 1803 2497 1866 2533; x_wconf 74' lang='grc' dir='ltr'><strong><em>Ιιοο</em></strong></span> 
     </span>
     <span class='ocr_line' id='line_1_41' title="bbox 306 2553 1865 2602; baseline 0.001 -12"><span class='ocrx_word' id='word_1_478' title='bbox 306 2566 442 2590; x_wconf 75' lang='lat' dir='ltr'><strong><em>excessu</em></strong></span> <span class='ocrx_word' id='word_1_479' title='bbox 459 2557 493 2590; x_wconf 83' lang='lat' dir='ltr'><strong><em>in</em></strong></span> <span class='ocrx_word' id='word_1_480' title='bbox 510 2554 557 2590; x_wconf 87' lang='lat'><strong><em>19</em></strong></span> <span class='ocrx_word' id='word_1_481' title='bbox 572 2555 750 2591; x_wconf 77' lang='lat' dir='ltr'><strong><em>distributo</em></strong></span> <span class='ocrx_word' id='word_1_482' title='bbox 766 2555 903 2600; x_wconf 63' lang='lat' dir='ltr'><strong><em>collegit</em></strong></span> <span class='ocrx_word' id='word_1_483' title='bbox 916 2554 989 2592; x_wconf 70' lang='lat' dir='ltr'><strong><em>lior.</em></strong></span> <span class='ocrx_word' id='word_1_484' title='bbox 1003 2555 1038 2591; x_wconf 87' lang='lat'><strong><em>0.</em></strong></span> <span class='ocrx_word' id='word_1_485' title='bbox 1053 2553 1164 2601; x_wconf 65' lang='lat'><strong><em>827„</em></strong></span> <span class='ocrx_word' id='word_1_486' title='bbox 1177 2555 1217 2590; x_wconf 90' lang='lat' dir='ltr'><strong><em>de</em></strong></span> <span class='ocrx_word' id='word_1_487' title='bbox 1229 2554 1419 2600; x_wconf 75' lang='lat' dir='ltr'><strong><em>quadrante</em></strong></span> <span class='ocrx_word' id='word_1_488' title='bbox 1431 2553 1580 2597; x_wconf 81' lang='lat' dir='ltr'><strong><em>Iuliano,</em></strong></span> <span class='ocrx_word' id='word_1_489' title='bbox 1595 2556 1665 2590; x_wconf 79' lang='lat' dir='ltr'><strong><em>sive</em></strong></span> <span class='ocrx_word' id='word_1_490' title='bbox 1675 2553 1865 2602; x_wconf 71' lang='lat' dir='ltr'><strong><em>Galippn&#39;eo,</em></strong></span> 
     </span>
     <span class='ocr_line' id='line_1_42' title="bbox 306 2609 1865 2657; baseline 0.001 -11"><span class='ocrx_word' id='word_1_491' title='bbox 306 2613 535 2647; x_wconf 82' lang='lat' dir='ltr'><strong><em>deducendum</em></strong></span> <span class='ocrx_word' id='word_1_492' title='bbox 551 2623 640 2654; x_wconf 61' lang='grc' dir='ltr'><strong><em>εοεαε</em></strong></span> <span class='ocrx_word' id='word_1_493' title='bbox 657 2618 694 2647; x_wconf 85' lang='lat' dir='ltr'><strong><em>ut</em></strong></span> <span class='ocrx_word' id='word_1_494' title='bbox 709 2612 825 2647; x_wconf 78' lang='lat' dir='ltr'><strong><em>modus</em></strong></span> <span class='ocrx_word' id='word_1_495' title='bbox 841 2613 926 2647; x_wconf 82' lang='lat' dir='ltr'><strong><em>anni</em></strong></span> <span class='ocrx_word' id='word_1_496' title='bbox 939 2614 986 2647; x_wconf 79' lang='lat' dir='ltr'><strong><em>eit</em></strong></span> <span class='ocrx_word' id='word_1_497' title='bbox 1001 2613 1130 2648; x_wconf 81' lang='lat' dir='ltr'><strong><em>dierum</em></strong></span> <span class='ocrx_word' id='word_1_498' title='bbox 1142 2611 1215 2646; x_wconf 83' lang='lat'><strong><em>365</em></strong></span> <span class='ocrx_word' id='word_1_499' title='bbox 1224 2637 1234 2654; x_wconf 93' lang='lat'><em>,</em></span> <span class='ocrx_word' id='word_1_500' title='bbox 1250 2611 1287 2647; x_wconf 85' lang='lat'><strong><em>5.-</em></strong></span> <span class='ocrx_word' id='word_1_501' title='bbox 1301 2609 1465 2657; x_wconf 76' lang='lat' dir='ltr'><strong><em>997¹⁸l,‚.</em></strong></span> <span class='ocrx_word' id='word_1_502' title='bbox 1493 2611 1610 2651; x_wconf 82' lang='lat' dir='ltr'><strong><em>Quare</em></strong></span> <span class='ocrx_word' id='word_1_503' title='bbox 1626 2612 1667 2646; x_wconf 68' lang='lat'><strong><em>12.</em></strong></span> <span class='ocrx_word' id='word_1_504' title='bbox 1683 2612 1791 2648; x_wconf 70' lang='lat' dir='ltr'><strong><em>Adde</em></strong></span> <span class='ocrx_word' id='word_1_505' title='bbox 1807 2613 1865 2648; x_wconf 88' lang='lat' dir='ltr'><strong><em>Iu·</em></strong></span> 
     </span>
     <span class='ocr_line' id='line_1_43' title="bbox 307 2667 1866 2717; baseline 0.001 -13"><span class='ocrx_word' id='word_1_506' title='bbox 307 2671 435 2704; x_wconf 71' lang='lat' dir='ltr'><strong><em>lienum</em></strong></span> <span class='ocrx_word' id='word_1_507' title='bbox 460 2681 583 2705; x_wconf 84' lang='lat' dir='ltr'><strong><em>annum</em></strong></span> <span class='ocrx_word' id='word_1_508' title='bbox 613 2675 646 2704; x_wconf 88' lang='lat' dir='ltr'><strong><em>et</em></strong></span> <span class='ocrx_word' id='word_1_509' title='bbox 671 2668 839 2704; x_wconf 81' lang='lat' dir='ltr'><strong><em>Samuelis</em></strong></span> <span class='ocrx_word' id='word_1_510' title='bbox 867 2667 1204 2717; x_wconf 58' lang='lat' dir='ltr'><strong><em>Tekuplcae‘reieciss</em></strong></span> <span class='ocrx_word' id='word_1_511' title='bbox 1227 2669 1317 2716; x_wconf 84' lang='lat' dir='ltr'><strong><em>quod</em></strong></span> <span class='ocrx_word' id='word_1_512' title='bbox 1340 2668 1446 2704; x_wconf 80' lang='lat' dir='ltr'><strong><em>eidem</em></strong></span> <span class='ocrx_word' id='word_1_513' title='bbox 1470 2668 1607 2703; x_wconf 83' lang='lat' dir='ltr'><strong><em>Iuliano</em></strong></span> <span class='ocrx_word' id='word_1_514' title='bbox 1631 2670 1686 2703; x_wconf 78' lang='lat' dir='ltr'><strong><em>die</em></strong></span> <span class='ocrx_word' id='word_1_515' title='bbox 1702 2676 1866 2716; x_wconf 83' lang='lat' dir='ltr'><strong><em>perpetuo</em></strong></span> 
     </span>
     <span class='ocr_line' id='line_1_44' title="bbox 307 2724 1865 2774; baseline 0.001 -13"><span class='ocrx_word' id='word_1_516' title='bbox 307 2726 504 2770; x_wconf 73' lang='lat' dir='ltr'><strong><em>haererent,</em></strong></span> <span class='ocrx_word' id='word_1_517' title='bbox 527 2729 600 2774; x_wconf 72' lang='lat' dir='ltr'><strong><em>ipse</em></strong></span> <span class='ocrx_word' id='word_1_518' title='bbox 622 2738 700 2762; x_wconf 73' lang='lat' dir='ltr'><strong><em>vero</em></strong></span> <span class='ocrx_word' id='word_1_519' title='bbox 723 2738 796 2761; x_wconf 87' lang='lat' dir='ltr'><strong><em>eum</em></strong></span> <span class='ocrx_word' id='word_1_520' title='bbox 819 2738 943 2762; x_wconf 83' lang='lat' dir='ltr'><strong><em>annum</em></strong></span> <span class='ocrx_word' id='word_1_521' title='bbox 965 2728 1129 2773; x_wconf 81' lang='lat' dir='ltr'><strong><em>tropicum</em></strong></span> <span class='ocrx_word' id='word_1_522' title='bbox 1147 2724 1404 2773; x_wconf 64' lang='lat' dir='ltr'><strong><em>Hipparchum</em></strong></span> <span class='ocrx_word' id='word_1_523' title='bbox 1419 2726 1490 2760; x_wconf 74' lang='lat' dir='ltr'><strong><em>suis</em></strong></span> <span class='ocrx_word' id='word_1_524' title='bbox 1513 2725 1722 2768; x_wconf 77' lang='lat' dir='ltr'><strong><em>obtrusisset,</em></strong></span> <span class='ocrx_word' id='word_1_525' title='bbox 1746 2729 1783 2762; x_wconf 79' lang='lat' dir='ltr'><strong><em>in</em></strong></span> <span class='ocrx_word' id='word_1_526' title='bbox 1804 2739 1865 2773; x_wconf 80' lang='lat' dir='ltr'><strong><em>quo</em></strong></span> 
     </span>
     <span class='ocr_line' id='line_1_45' title="bbox 301 2782 1865 2831; baseline 0 -13"><span class='ocrx_word' id='word_1_527' title='bbox 301 2790 380 2830; x_wconf 79' lang='lat' dir='ltr'><strong><em>pone</em></strong></span> <span class='ocrx_word' id='word_1_528' title='bbox 399 2783 473 2819; x_wconf 68' lang='lat'><strong><em>:104</em></strong></span> <span class='ocrx_word' id='word_1_529' title='bbox 489 2796 597 2819; x_wconf 73' lang='lat' dir='ltr'><strong><em>annos</em></strong></span> <span class='ocrx_word' id='word_1_530' title='bbox 618 2784 700 2819; x_wconf 76' lang='lat' dir='ltr'><strong><em>nolin</em></strong></span> <span class='ocrx_word' id='word_1_531' title='bbox 723 2795 766 2819; x_wconf 87' lang='lat' dir='ltr'><strong><em>ac</em></strong></span> <span class='ocrx_word' id='word_1_532' title='bbox 789 2784 890 2819; x_wconf 82' lang='lat' dir='ltr'><strong><em>lunae</em></strong></span> <span class='ocrx_word' id='word_1_533' title='bbox 910 2786 1062 2819; x_wconf 71' lang='lat' dir='ltr'><strong><em>rationes</em></strong></span> <span class='ocrx_word' id='word_1_534' title='bbox 1084 2784 1133 2819; x_wconf 87' lang='lat' dir='ltr'><strong><em>ad</em></strong></span> <span class='ocrx_word' id='word_1_535' title='bbox 1154 2785 1309 2818; x_wconf 71' lang='lat' dir='ltr'><strong><em>amussim</em></strong></span> <span class='ocrx_word' id='word_1_536' title='bbox 1330 2782 1519 2829; x_wconf 78' lang='lat' dir='ltr'><strong><em>quadrant,</em></strong></span> <span class='ocrx_word' id='word_1_537' title='bbox 1544 2795 1603 2816; x_wconf 84' lang='lat' dir='ltr'><strong><em>nee</em></strong></span> <span class='ocrx_word' id='word_1_538' title='bbox 1625 2790 1675 2819; x_wconf 81' lang='lat' dir='ltr'><strong><em>est</em></strong></span> <span class='ocrx_word' id='word_1_539' title='bbox 1694 2783 1767 2819; x_wconf 86' lang='lat' dir='ltr'><strong><em>ulla</em></strong></span> <span class='ocrx_word' id='word_1_540' title='bbox 1784 2794 1865 2831; x_wconf 81' lang='grc' dir='ltr'>προ-</span> 
     </span>
     <span class='ocr_line' id='line_1_46' title="bbox 307 2839 1867 2889; baseline 0.001 -14"><span class='ocrx_word' id='word_1_541' title='bbox 307 2840 487 2887; x_wconf 60' lang='lat' dir='ltr'><strong><em>(pannem,</em></strong></span> <span class='ocrx_word' id='word_1_542' title='bbox 513 2848 573 2877; x_wconf 76' lang='lat' dir='ltr'><strong><em>aut</em></strong></span> <span class='ocrx_word' id='word_1_543' title='bbox 595 2840 838 2889; x_wconf 71' lang='grc' dir='ltr'><strong><em>μιτίμπτωσις,</em></strong></span> <span class='ocrx_word' id='word_1_544' title='bbox 870 2839 1050 2888; x_wconf 61' lang='lat' dir='ltr'><strong><em>Tei-upum</em></strong></span> <span class='ocrx_word' id='word_1_545' title='bbox 1073 2841 1166 2876; x_wconf 81' lang='lat' dir='ltr'><strong><em>aliae</em></strong></span> <span class='ocrx_word' id='word_1_546' title='bbox 1187 2841 1350 2883; x_wconf 72' lang='lat' dir='ltr'><strong><em>instituit,</em></strong></span> <span class='ocrx_word' id='word_1_547' title='bbox 1374 2850 1460 2886; x_wconf 64' lang='lat' dir='ltr'><strong><em>quae</em></strong></span> <span class='ocrx_word' id='word_1_548' title='bbox 1484 2851 1557 2874; x_wconf 78' lang='lat' dir='ltr'><strong><em>cum</em></strong></span> <span class='ocrx_word' id='word_1_549' title='bbox 1581 2841 1761 2875; x_wconf 70' lang='lat' dir='ltr'><strong><em>noviluniis</em></strong></span> <span class='ocrx_word' id='word_1_550' title='bbox 1778 2842 1867 2887; x_wconf 78' lang='lat' dir='ltr'><strong><em>pari</em></strong></span> 
     </span>
     <span class='ocr_line' id='line_1_47' title="bbox 302 2897 1303 2945; baseline 0 -12"><span class='ocrx_word' id='word_1_551' title='bbox 302 2910 447 2945; x_wconf 62' lang='lat' dir='ltr'><strong><em>prorsus</em></strong></span> <span class='ocrx_word' id='word_1_552' title='bbox 461 2900 596 2934; x_wconf 76' lang='lat' dir='ltr'><strong><em>ratione</em></strong></span> <span class='ocrx_word' id='word_1_553' title='bbox 612 2911 635 2933; x_wconf 87' lang='lat' dir='ltr'><strong><em>a</em></strong></span> <span class='ocrx_word' id='word_1_554' title='bbox 653 2898 786 2934; x_wconf 78' lang='lat' dir='ltr'><strong><em>Iuliam·</em></strong></span> <span class='ocrx_word' id='word_1_555' title='bbox 801 2900 886 2933; x_wconf 70' lang='lat' dir='ltr'><strong><em>arani</em></strong></span> <span class='ocrx_word' id='word_1_556' title='bbox 900 2897 1029 2945; x_wconf 73' lang='lat' dir='ltr'><strong><em>epocha</em></strong></span> <span class='ocrx_word' id='word_1_557' title='bbox 1047 2898 1303 2934; x_wconf 77' lang='lat' dir='ltr'><strong><em>retrocederent.</em></strong></span> 
     </span>
    </p>

    <p class='ocr_par' dir='ltr' id='par_1_5' title="bbox 307 2952 1863 3117">
     <span class='ocr_line' id='line_1_48' title="bbox 398 2952 1863 3002; baseline 0.002 -14"><span class='ocrx_word' id='word_1_558' title='bbox 398 2956 505 2990; x_wconf 69' lang='lat' dir='ltr'><strong><em>(laun</em></strong></span> <span class='ocrx_word' id='word_1_559' title='bbox 519 2959 572 2991; x_wconf 80' lang='lat' dir='ltr'><strong><em>ost</em></strong></span> <span class='ocrx_word' id='word_1_560' title='bbox 583 2959 700 2992; x_wconf 77' lang='lat' dir='ltr'><strong><em>nutem</em></strong></span> <span class='ocrx_word' id='word_1_561' title='bbox 713 2965 735 2990; x_wconf 80' lang='lat' dir='ltr'><strong><em>a</em></strong></span> <span class='ocrx_word' id='word_1_562' title='bbox 746 2953 915 3002; x_wconf 74' lang='lat' dir='ltr'><strong><em>&#39;l&#39;ekuplia</em></strong></span> <span class='ocrx_word' id='word_1_563' title='bbox 927 2954 1035 2991; x_wconf 63' lang='grc' dir='ltr'><strong><em>Νίκη</em></strong></span> <span class='ocrx_word' id='word_1_564' title='bbox 1044 2981 1053 2999; x_wconf 84' lang='grc'>,</span> <span class='ocrx_word' id='word_1_565' title='bbox 1067 2965 1136 2991; x_wconf 85' lang='lat' dir='ltr'><strong><em>nou</em></strong></span> <span class='ocrx_word' id='word_1_566' title='bbox 1149 2957 1189 2991; x_wconf 83' lang='lat' dir='ltr'><strong><em>ut</em></strong></span> <span class='ocrx_word' id='word_1_567' title='bbox 1199 2953 1357 2998; x_wconf 72' lang='lat' dir='ltr'><strong><em>samuel,</em></strong></span> <span class='ocrx_word' id='word_1_568' title='bbox 1369 2963 1391 2990; x_wconf 80' lang='grc' dir='ltr'>ι</span> <span class='ocrx_word' id='word_1_569' title='bbox 1401 2952 1569 3000; x_wconf 74' lang='lat' dir='ltr'><strong><em>&#39;rskupha</em></strong></span> <span class='ocrx_word' id='word_1_570' title='bbox 1577 2953 1685 2998; x_wconf 81' lang='lat' dir='ltr'><strong><em>Tisri,</em></strong></span> <span class='ocrx_word' id='word_1_571' title='bbox 1698 2954 1863 3002; x_wconf 82' lang='lat' dir='ltr'><strong><em>primum·</em></strong></span> 
     </span>
     <span class='ocr_line' id='line_1_49' title="bbox 308 3009 1863 3060; baseline -0.001 -12"><span class='ocrx_word' id='word_1_572' title='bbox 308 3021 374 3059; x_wconf 80' lang='lat' dir='ltr'><strong><em>que</em></strong></span> <span class='ocrx_word' id='word_1_573' title='bbox 388 3010 493 3048; x_wconf 66' lang='lat' dir='ltr'><strong><em>Nicen</em></strong></span> <span class='ocrx_word' id='word_1_574' title='bbox 512 3012 546 3047; x_wconf 83' lang='lat' dir='ltr'><strong><em>ln</em></strong></span> <span class='ocrx_word' id='word_1_575' title='bbox 564 3023 606 3048; x_wconf 76' lang='lat' dir='ltr'><strong><em>ca</em></strong></span> <span class='ocrx_word' id='word_1_576' title='bbox 622 3016 723 3049; x_wconf 83' lang='lat' dir='ltr'><strong><em>nocte</em></strong></span> <span class='ocrx_word' id='word_1_577' title='bbox 740 3012 921 3048; x_wconf 74' lang='lat' dir='ltr'><strong><em>collocavit</em></strong></span> <span class='ocrx_word' id='word_1_578' title='bbox 936 3023 1025 3060; x_wconf 82' lang='lat' dir='ltr'><strong><em>quae</em></strong></span> <span class='ocrx_word' id='word_1_579' title='bbox 1041 3015 1162 3049; x_wconf 77' lang='lat' dir='ltr'><strong><em>secuta</em></strong></span> <span class='ocrx_word' id='word_1_580' title='bbox 1177 3015 1231 3048; x_wconf 81' lang='lat' dir='ltr'><strong><em>est</em></strong></span> <span class='ocrx_word' id='word_1_581' title='bbox 1241 3010 1405 3058; x_wconf 70' lang='lat' dir='ltr'><strong><em>KahApr.</em></strong></span> <span class='ocrx_word' id='word_1_582' title='bbox 1419 3009 1504 3046; x_wconf 72' lang='lat' dir='ltr'><strong><em>teria</em></strong></span> <span class='ocrx_word' id='word_1_583' title='bbox 1517 3022 1558 3053; x_wconf 82' lang='lat' dir='ltr'><strong><em>v.‚</em></strong></span> <span class='ocrx_word' id='word_1_584' title='bbox 1576 3011 1674 3047; x_wconf 87' lang='lat' dir='ltr'><strong><em>cuius</em></strong></span> <span class='ocrx_word' id='word_1_585' title='bbox 1688 3010 1863 3048; x_wconf 76' lang='lat' dir='ltr'><strong><em>character</em></strong></span> 
     </span>
     <span class='ocr_line' id='line_1_50' title="bbox 307 3066 1862 3117; baseline 0.001 -13"><span class='ocrx_word' id='word_1_586' title='bbox 307 3068 340 3105; x_wconf 81' lang='lat'><strong><em>5.</em></strong></span> <span class='ocrx_word' id='word_1_587' title='bbox 362 3069 389 3104; x_wconf 87' lang='lat' dir='ltr'><strong><em>l.</em></strong></span> <span class='ocrx_word' id='word_1_588' title='bbox 406 3067 474 3104; x_wconf 80' lang='lat'><strong><em>770</em></strong></span> <span class='ocrx_word' id='word_1_589' title='bbox 489 3080 580 3105; x_wconf 71' lang='lat' dir='ltr'><strong><em>sunno</em></strong></span> <span class='ocrx_word' id='word_1_590' title='bbox 598 3068 752 3106; x_wconf 78' lang='lat' dir='ltr'><strong><em>hodierni</em></strong></span> <span class='ocrx_word' id='word_1_591' title='bbox 769 3069 923 3117; x_wconf 76' lang='lat' dir='ltr'><strong><em>computi</em></strong></span> <span class='ocrx_word' id='word_1_592' title='bbox 939 3068 1052 3113; x_wconf 69' lang='lat'><strong>⁴017„</strong></span> <span class='ocrx_word' id='word_1_593' title='bbox 1070 3072 1103 3106; x_wconf 84' lang='lat' dir='ltr'><strong><em>et</em></strong></span> <span class='ocrx_word' id='word_1_594' title='bbox 1119 3068 1164 3106; x_wconf 80' lang='lat' dir='ltr'><strong><em>ab</em></strong></span> <span class='ocrx_word' id='word_1_595' title='bbox 1181 3079 1221 3104; x_wconf 85' lang='lat' dir='ltr'><strong><em>eo</em></strong></span> <span class='ocrx_word' id='word_1_596' title='bbox 1239 3066 1384 3105; x_wconf 82' lang='lat' dir='ltr'><strong><em>deducto</em></strong></span> <span class='ocrx_word' id='word_1_597' title='bbox 1402 3066 1598 3104; x_wconf 69' lang='lat' dir='ltr'><strong><em>charactere</em></strong></span> <span class='ocrx_word' id='word_1_598' title='bbox 1615 3080 1664 3105; x_wconf 85' lang='lat' dir='ltr'><strong><em>vu</em></strong></span> <span class='ocrx_word' id='word_1_599' title='bbox 1681 3079 1862 3113; x_wconf 81' lang='lat' dir='ltr'><strong><em>annorum,</em></strong></span> 
     </span>
    </p>
   </div>
  </div>
 </body>
</html>
