2008 3294
177 335 362 372 Herodiani
379 334 542 370 haeretici
567 346 588 369 a
613 346 680 381 quo
700 333 837 370 Herode
851 333 926 368 fne-

222 397 303 429 runt
325 393 497 428 nominati
871 389 925 426 38.

177 450 408 485 Historiarum
433 450 591 495 superius
609 449 851 495 expositarum
872 458 925 482 re-

227 507 351 542 futatio
376 505 541 541 historica
845 503 924 540 310.

175 563 432 598 Homeritarum
469 564 566 609 regio
610 563 670 598 ubi
715 563 798 605 sita,
839 561 924 597 item

221 620 488 655 Auxomitarum
844 617 922 653 271.

174 677 345 712 Homerus
376 688 419 712 ex
453 687 522 723 qua
546 676 657 723 patria
680 675 784 711 fuerit
808 675 922 710 oriun-

221 734 285 769 dus
869 731 923 768 78.

177 791 337 827 Hominis
361 792 517 826 membra
549 794 634 837 quot
657 791 729 825 sint
751 789 846 825 varie
869 799 921 824 re·

219 849 331 883 latum
861 845 918 882 43.

174 906 287 940 Horae
319 905 466 951 qualiter
501 904 773 951 aequinoctiales
805 903 922 939 dican·

225 968 280 997 tur
309 962 355 997 ab
378 961 570 1008 Epiphanio
865 960 920 996 74.

175 1020 335 1066 Hyginus
372 1019 522 1054 fueritne
558 1029 672 1053 nonus
703 1029 747 1053 an
780 1021 921 1053 octavus

221 1076 315 1122 Papa
866 1074 920 1111 77.

174 1190 300 1226 Iacobo
325 1190 482 1237 apostolo
506 1201 551 1225 an
575 1189 708 1225 licuerit
736 1190 866 1225 intrare
890 1189 925 1225 in

226 1252 349 1283 sancta
365 1250 575 1288 sauctorum,
593 1246 652 1282 ubi
668 1247 826 1282 rationes
842 1246 925 1281 Sca·

219 1306 321 1351 ligeri
344 1305 589 1340 examinantur
753 1303 832 1340 332.
847 1303 926 1340 333.

176 1362 399 1398 Idololatriae
423 1362 522 1408 origo
545 1360 718 1407 quomodo
742 1372 786 1396 ex
815 1361 921 1396 simu—

222 1419 325 1454 lacris
350 1423 384 1454 et
408 1419 508 1454 idolis
888 1419 920 1453 9.

173 1477 277 1512 Jesus
301 1487 429 1512 nomen
453 1476 593 1523 qualem
617 1476 653 1511 in
677 1487 715 1510 se
739 1486 920 1511 numerum

221 1534 376 1569 continet
410 1533 603 1569 secundum
640 1533 774 1568 litteras
807 1532 923 1578 alpha-

225 1591 294 1626 beti
869 1590 925 1625 73.

176 1649 280 1684 Jesus
318 1658 446 1683 nomen
487 1652 521 1682 et
556 1648 600 1683 ab
640 1648 798 1683 Hebraeo
834 1653 869 1682 et
905 1658 926 1681 a

223 1705 357 1740 Graeco
383 1709 498 1751 potest
520 1704 643 1740 deduci
870 1704 924 1740 53.

179 1762 359 1809 dejunium
391 1761 692 1808 quadragesimale
721 1772 743 1797 a
773 1761 928 1808 paschali

222 1819 340 1854 diflert
363 1819 554 1855 secundum
578 1820 767 1855 nonnullos
847 1820 926 1855 362.

177 1876 358 1923 Jejunium
395 1876 696 1923 quadragesimale
737 1888 781 1912 ex
823 1888 855 1911 v.
893 1889 925 1923 p.

221 1933 430 1968 testimoniis
837 1933 923 1970 360.

175 1990 307 2037 Jejunii
337 1990 466 2037 duplex
501 1990 617 2026 torma
647 1990 739 2038 apud
762 1991 924 2038 antiquos

846 2048 925 2085 357.

177 2107 308 2153 Jejunii
326 2105 481 2141 solvendi
499 2109 636 2152 tempus
840 2105 921 2142 364.

175 2164 317 2211 Jejunia
352 2163 566 2198 Judaeorum
603 2173 692 2209 quae
728 2167 763 2197 et
798 2163 925 2209 quibus

221 2222 342 2256 diebus
367 2220 623 2255 celebrarentur
867 2220 922 2257 65.

179 2279 320 2325 Jejunia
344 2279 445 2324 plena
467 2282 502 2312 et
517 2277 739 2324 semijejunia
762 2288 852 2324 quae
875 2278 924 2314 di-

223 2340 380 2370 cerentur
436 2357 438 2361 r
846 2335 924 2372 363.

178 2392 389 2438 Ἧμιφόριον,
410 2389 563 2435 κολόβιον
581 2396 615 2426 et
633 2390 823 2438 ὠμοφόριον
841 2404 925 2439 quo-

225 2449 326 2484 modo
352 2448 608 2493 distinguantur
848 2450 925 2486 284.

178 2506 297 2541 Inachi
321 2510 354 2542 et
377 2505 584 2551 Argivorum
607 2506 708 2551 regni
732 2506 832 2542 initia
874 2508 922 2543 15.

179 2564 355 2599 Indiculus
379 2563 620 2608 episcoporum
644 2563 927 2608 Hierosolymita-

224 2631 349 2656 norum
373 2619 451 2655 266.
477 2624 511 2654 et
540 2629 584 2654 an
609 2619 824 2666 Nicephorus
849 2632 928 2656 vere

225 2688 337 2713 annos
361 2676 534 2712 notaverit
565 2676 691 2722 quibus
718 2677 850 2723 singuli
874 2689 927 2712 se-

229 2735 306 2769 dem
331 2737 516 2769 tenuerunt
850 2734 926 2770 266.

180 2791 356 2827 Indiculus
385 2791 514 2838 triplex
545 2791 588 2826 ad
619 2790 747 2826 Christi
776 2792 928 2827 natalem

227 2852 261 2883 et
285 2852 422 2895 tempus
445 2849 622 2895 passionis
647 2848 838 2884 eruendum
863 2850 927 2884 uti-

226 2907 270 2940 lis
285 2905 477 2940 secundm
493 2906 611 2943 factos
636 2907 837 2940 consulares
873 2906 927 2942 95.

181 2963 359 2998 Indiculus
385 2963 517 3008 aliquot
538 2963 720 2998 consulum
736 2963 780 2998 ad
802 2963 928 2998 intelli-

227 3020 377 3066 gendam
419 3019 588 3055 rationem
629 3021 712 3055 anni
756 3020 927 3055 bisextilis

561 3076 636 3112 100.
662 3077 735 3113 101.
756 3077 830 3113 102.
851 3077 926 3114 103.

1491 218 1737 256 GCOXXXIX

998 334 1160 369 indorum
1176 344 1307 369 nomen
1326 333 1370 368 ad
1387 334 1574 370 orientales
1591 335 1737 381 populos

1040 391 1244 426 remotiores
1268 391 1408 426 extendi
1681 392 1736 427 60.

995 447 1156 483 Indorum
1174 452 1290 483 sectae
1307 459 1397 495 quae
1413 448 1542 484 fuerint
1556 449 1739 495 praecipue

994 561 1186 598 innocentii
1209 564 1309 598 locus
1334 563 1529 610 explicatur
1552 562 1595 598 de
1618 563 1738 609 poeni·

1037 620 1146 654 tentia
1658 620 1735 656 230.

991 676 1140 711 Ioannes
1185 676 1404 723 evangelista
1441 676 1656 720 defenditur,
1704 682 1739 712 et

1036 734 1227 768 ostenditur
1239 745 1308 780 quo
1324 738 1480 781 tempore
1492 734 1738 780 Apocalypsim

1035 791 1175 837 scripsit
1198 805 1202 816 »
1660 790 1737 827 213.

991 848 1053 884 101)
1084 848 1183 893 origo
1216 853 1250 883 et
1284 854 1411 895 quotus
1434 848 1540 883 fuerit
1563 849 1608 884 ab
1631 849 1739 883 Abra-

1012 932 1013 935 *
1036 915 1116 940 amo
1686 905 1738 942 11.

991 961 1028 997 lo
1053 961 1172 997 Inachi
1204 962 1276 997 filia
1307 973 1329 997 a
1352 973 1422 1009 qua
1445 962 1512 998 fuit
1538 962 1739 1010 Bosphorus

1037 1019 1149 1055 dictus
1683 1020 1738 1056 64.

990 1076 1028 1112 Ιο
1053 1076 1171 1112 Inachi
1195 1077 1269 1112 filia
1292 1077 1383 1112 dicta
1407 1077 1471 1112 Isis
1495 1078 1540 1113 ab
1559 1078 1738 1125 Aegyptiis

994 1191 1167 1238 Josephus
1198 1203 1243 1227 an
1274 1192 1400 1228 liberos
1424 1204 1468 1228 ex
1492 1193 1605 1239 priore
1629 1204 1739 1229 uxore

1040 1249 1199 1284 habuerit
1681 1251 1737 1286 89.

994 1305 1168 1353 Josephue
1204 1306 1398 1343 detenditur
1433 1306 1551 1343 multis
1587 1307 1623 1343 in
1653 1308 1738 1343 locis

1664 1365 1739 1400 121.

991 1421 1109 1456 Josiae
1141 1421 1329 1456 liberorum
1358 1422 1534 1457 successio
1564 1423 1738 1469 quomodo

1039 1479 1244 1514 concilietur
1260 1490 1304 1513 ex
1329 1484 1446 1514 mente
1461 1479 1669 1515 scholiastae
1686 1479 1737 1516 18.

994 1536 1128 1571 Irenaei
1159 1536 1333 1571 sententia
1357 1536 1400 1571 de
1423 1535 1551 1572 Christi
1575 1538 1737 1583 passione

1664 1595 1737 1631 145.

995 1651 1170 1686 israelitae
1203 1662 1249 1686 an
1280 1652 1315 1687 iu
1345 1651 1482 1687 deserto
1506 1651 1608 1687 idolis
1640 1663 1740 1687 sacra

1040 1709 1186 1744 fecerint
1683 1709 1738 1744 81.

995 1765 1173 1801 israelitae
1211 1776 1256 1800 an
1289 1766 1411 1812 quinta
1440 1766 1666 1812 generatione
1695 1777 1739 1800 ex

1042 1824 1202 1869 Aegypto
1227 1823 1456 1868 migraverint
1685 1823 1736 1859 15.

994 1881 1231 1916 israelitarum
1261 1886 1296 1914 et
1318 1880 1530 1916 Judaeorum
1554 1880 1740 1926 appellatio

1040 1937 1214 1983 quomodo
1239 1936 1377 1972 differat
1689 1937 1740 1973 17.

996 1995 1232 2030 Israelitarum
1262 1995 1495 2041 peregrinatio
1519 1997 1556 2031 in
1580 1996 1739 2042 Aegypto

1040 2058 1125 2099 quot
1150 2063 1323 2087 annorum
1348 2052 1451 2088 fuerit

994 2110 1129 2145 Judaea
1153 2109 1292 2156 quando
1317 2110 1448 2145 tributa
1470 2110 1507 2146 P.
1524 2110 1565 2146 R.
1590 2110 1738 2156 pendere

1039 2166 1151 2214 coe'pit
1569 2167 1642 2203 128.
1664 2167 1736 2202 129.

992 2225 1207 2260 Judaeorum
1229 2225 1321 2260 festa
1344 2225 1404 2270 qui
1428 2235 1472 2258 ex
1495 2224 1665 2259 accuratis
1689 2225 1739 2259 lu-

1038 2293 1104 2317 nae
1129 2283 1283 2317 motibus
1309 2282 1491 2326 explorant
1523 2287 1638 2316 errant
1668 2282 1739 2317 152.

994 2339 1118 2375 Judaei
1143 2343 1259 2375 utrum
1284 2339 1367 2373 olim
1392 2339 1618 2373 translatione
1634 2338 1739 2374 festo-

1040 2407 1116 2431 rum
1147 2397 1218 2430 sint
1243 2396 1297 2430 usi
1335 2395 1410 2430 182.
1434 2395 1475 2430 de
1506 2406 1546 2430 eo
1571 2395 1740 2441 Scaligeri

1039 2454 1212 2489 sententia
1229 2452 1324 2494 ibid„
1349 2462 1437 2498 quae
1461 2452 1627 2487 refellitur
1654 2452 1740 2495 182„

1043 2511 1134 2544 circa
1171 2509 1260 2544 illud
1297 2509 1534 2544 memorabilis
1569 2510 1666 2545 locus
1697 2521 1741 2545 ex

1044 2567 1132 2602 Rabi
1157 2567 1255 2601 Mose
1665 2567 1738 2603 184.

996 2623 1119 2658 Judaei
1144 2634 1204 2658 cur
1228 2627 1309 2658 ante
1333 2623 1590 2669 aequinoctium
1605 2623 1741 2659 Pascha

1042 2681 1259 2714 celebrarent
1666 2680 1739 2717 169.

996 2736 1119 2771 Judaei
1144 2747 1184 2771 ac
1201 2736 1422 2772 Judaizantes
1438 2737 1741 2780 Quartadecimani

1662 2796 1739 2831 296.

996 2850 1120 2886 Judaei
1152 2851 1295 2886 rubrum
1327 2862 1423 2887 mare
1452 2852 1664 2898 trajicientes
1689 2856 1741 2888 tot

1041 2908 1116 2943 vias
1132 2908 1320 2954 impressas
1337 2908 1533 2945 habuerunt
1544 2915 1628 2956 quot
1643 2914 1740 2944 erant

1041 2964 1151 3000 tribus
1658 2966 1735 3002 262.

995 3022 1060 3057 Jus
1082 3022 1221 3069 imperii
1245 3023 1337 3070 quod
1360 3035 1461 3070 reges
1478 3024 1547 3059 sibi
1563 3023 1739 3058 vindicant

1662 3079 1739 3115 224.

1415 3137 1463 3171 Y·
