2008 3294
177 2154 204 2179 ρ.
216 2146 278 2173 284.

312 207 512 247 CCXLVIII

311 310 525 357 εὐδαιμόνων,
547 311 584 345 in
607 321 677 356 qua
692 309 838 346 delicata
856 310 973 346 omnia
993 313 1030 346 et
1049 311 1093 346 ad
1115 312 1239 346 luxum
1254 310 1347 346 facta
1360 310 1610 354 vendebantur,
1633 310 1726 357 apud
1740 311 1864 348 Athen.

309 369 369 404 lib.
388 380 450 403 xri.
482 368 510 403 V
512 368 567 403 ide
583 367 729 403 Suidam
744 371 779 402 et
793 366 1025 404 Eustathium.
1069 368 1143 404 Hoc
1159 367 1369 403 vocabulum
1385 367 1428 402 ad
1443 367 1694 404 monachornm
1711 366 1864 415 μάνδραις,

310 426 383 461 sive
400 424 516 470 μονὰς,
533 425 743 460 11000101οω
758 428 888 460 norunt
901 425 958 460 vel
971 425 1082 472 pueri.

401 481 610 528 Γενομένου(
595 485 665 516 υιοῦ
683 481 931 529 Οὖαλεριανοΰ]
962 482 1115 518 Falsum.
1155 481 1350 518 Constantii
1364 481 1482 518 Chlori
1495 492 1607 530 genus
1623 482 1840 518 Trebellius
1829 493 1867 519 m

312 538 455 574 Claudio
471 539 521 574 ita
536 539 716 574 describit.
739 539 913 581 Claudius,
932 539 1116 580 Quintillus
1131 546 1165 574 et
1180 538 1322 585 Crispus
1329 541 1628 585 fratresfiaerunt.
1661 539 1779 586 Crispi
1784 540 1867 585 filia

314 596 480 637 Claudio,-
505 608 546 630 ex
567 608 608 630 ea
631 603 664 631 et
677 596 843 642 Eutropio
859 597 1062 631 nobilissimo
1072 599 1182 642 yemis
1198 596 1395 632 Dardanae
1409 599 1484 632 viro
1502 596 1718 632 Constantius
1735 596 1868 632 Caesar

312 659 362 687 est
373 655 516 698 qenitus.
538 653 660 699 ltaque
678 653 818 688 Claudii
831 665 894 700 pro
915 654 1099 689 Valeriani
1112 654 1263 689 scribere
1278 653 1390 689 voluit
1402 653 1628 701 Epiphanius.
1660 653 1868 700 Quanquam

312 710 407 745 enim
420 721 492 745 non
507 710 619 756 ipsius
636 710 790 754 Claudii,
805 710 866 746 sed
881 711 955 747 eius
970 710 1087 746 fratris
1102 722 1211 757 nepos
1226 710 1347 752 fuerit,
1363 722 1385 746 a
1399 711 1574 757 plerisque
1589 715 1724 754 tamen,
1739 711 1801 758 qui
1812 711 1870 746 vel

313 767 515 802 Constantio
531 767 617 814 ipsi,
632 768 688 803 vel
701 767 928 803 Constantino
938 794 947 810 ,
963 768 1080 803 eiusve
1096 768 1243 815 posteris
1260 768 1503 811 adulabantur,
1519 768 1564 803 ad
1575 767 1758 804 Claudium
1770 768 1868 814 origo

312 825 450 871 generis
473 824 629 861 refertur.
673 825 763 860 Ecce
786 825 850 860 tibi
869 825 925 860 vel
940 825 1131 860 Trebellius
1154 825 1229 872 ipse
1251 825 1356 871 paulo
1379 828 1460 861 ante
1477 824 1719 862 Constantium
1735 824 1871 860 Claudii

313 889 460 928 nepotem
475 882 630 928 appellat
651 885 686 917 et
700 882 876 927 Auquatae
883 885 996 927 fuisse
1002 883 1168 928 familiae
1191 882 1321 918 scribit.
1366 881 1458 917 Nam
1481 886 1524 918 et*
1536 882 1722 929 Eutropius
1743 881 1870 917 diserte

313 939 448 975 Claudii
467 950 528 985 per
543 939 654 974 filiam
676 943 839 986 nepotem
855 939 1097 974 Constantium
1117 939 1219 982 facit,
1241 943 1276 974 et
1290 939 1462 987 Eusebius
1482 939 1520 975 in
1537 938 1726 983 Chronico,
1747 949 1789 974 ac
1809 950 1870 986 po·

315 1001 443 1031 stremo
460 993 646 1032 Iulianus‘
632 1009 650 1030 o
667 995 882 1042 παραβάτης
872 1007 909 1031 m
925 996 1060 1032 duobus
1071 996 1202 1043 Paneg.
1215 996 1411 1032 Constantii
1422 996 1642 1032 Constantini
1656 995 1707 1039 F,
1723 995 1767 1031 ad
1781 1007 1870 1043 quos

313 1054 354 1088 de
371 1053 566 1089 Constantii
582 1064 710 1100 genere
726 1053 991 1100 disputavimus.

403 1110 445 1146 N.
463 1123 502 1146 11.
534 1110 600 1144 Συν
616 1113 655 1157 τῇ
671 1113 727 1144 νῦν
750 1122 789 1144 κτ
792 1110 940 1156 :elisio-9]
988 1111 1099 1146 Huius
1123 1111 1291 1146 ecclesiae
1314 1111 1474 1146 meminit
1495 1087 1707 1146 Athanasius
1729 1110 1828 1158 Apol.
1843 1123 1869 1148 1.

314 1167 405 1202 Nam
421 1167 514 1202 illius
530 1178 656 1202 caussa
672 1167 882 1202 calumniam
900 1168 944 1202 ab
961 1167 1099 1203 Arianis
1115 1179 1240 1215 passus
1257 1173 1325 1211 est,
1341 1168 1435 1216 quod
1449 1168 1644 1214 synaxibus
1659 1168 1730 1203 illic
1744 1167 1871 1204 habitis

313 1225 478 1260 encaenia
493 1225 755 1271 praevertisset,
769 1225 872 1270 idque
887 1225 1106 1271 imperatoris
1121 1226 1268 1262 iniussu.
1299 1223 1432 1270 Ἐπειδὴ
1446 1224 1482 1259 δὲ
1497 1225 1552 1259 καὶ
1567 1225 1639 1272 περὶ
1654 1226 1711 1269 τῆς
1727 1223 1872 1271 μεγάλης

312 1281 484 1325 ἐκκλησίας
502 1282 739 1328 κατειρήκασιν,
757 1279 801 1322 ὡς
819 1281 858 1326 δὴ
876 1281 1035 1323 συνάξεως
1048 1280 1114 1316 ἐκέῖ
1125 1282 1299 1329 γενομένης
1311 1282 1385 1330 πρὶν
1397 1281 1497 1327 αὐτὴν
1510 1281 1726 1326 τελειωθῆναι.
1749 1281 1874 1318 Postea

311 1338 404 1374 hunc
430 1339 579 1373 eundem
596 1337 768 1385 ἐπώνυμον
791 1339 986 1375 Constantii
1007 1340 1109 1374 τόπον
1132 1339 1300 1386 0111101101,
1324 1350 1450 1386 nempe
1473 1341 1566 1386 quod
1589 1339 1760 1375 Caesarea
1782 1339 1874 1375 dieta

312 1396 373 1438 sit3
395 1396 526 1442 alioqui
541 1395 829 1431 Constantianam
846 1397 1026 1432 basilicam
1042 1397 1259 1432 nominatam
1281 1396 1473 1440 crederem,
1494 1396 1564 1432 nisi
1585 1396 1681 1443 prius
1702 1396 1789 1432 illud
1810 1408 1873 1432 no-

311 1465 392 1488 men
408 1453 576 1487 indicaret
589 1452 814 1499 Epiphanius.
847 1453 916 1488 Sed
932 1453 1023 1489 hanc
1037 1454 1220 1490 basilicam
1236 1454 1321 1489 olim
1335 1452 1521 1501 Ἀδρειανὸν
1537 1454 1749 1501 appellatam
1762 1453 1873 1489 fuisse

311 1513 474 1552 testatum
489 1510 578 1545 forte
595 1510 688 1556 quod
704 1510 748 1545 ab
765 1510 917 1546 Adriano
934 1515 1058 1546 erecta.
1106 1511 1310 1547 Cuiusmodi
1323 1511 1494 1558 templum
1507 1511 1593 1547 illud
1607 1510 1676 1546 fuit
1690 1510 1871 1547 Tiberiade

311 1568 356 1602 ab
373 1567 496 1602 eodem
510 1567 719 1614 imperatore
735 1567 914 1603 conditum
931 1568 1023 1614 quod
1039 1566 1252 1614 Ἀδρειάνειον
1266 1569 1457 1612 vocabant,
1470 1568 1631 1615 quodque
1645 1567 1793 1615 Iosepho
1806 1567 1871 1604 Go-

311 1625 395 1659 mite
410 1625 447 1659 in
464 1625 646 1660 ecclesiam
662 1628 836 1660 mutatum
853 1626 974 1661 scribit
988 1626 1090 1662 Haer.
1105 1637 1188 1662 xxx.
1206 1637 1241 1661 n.
1254 1637 1317 1661 xri.
1359 1625 1414 1661 Ex
1430 1637 1500 1672 quo
1514 1625 1623 1661 videri
1637 1628 1753 1672 potest
1766 1625 1872 1660 etiam

311 1681 376 1716 hoc
404 1682 481 1717 loco
509 1680 721 1728 Ἀδρειάνειον
747 1682 945 1729 legendum.
993 1682 1176 1718 Caeterum
1199 1682 1389 1719 Adrianum
1412 1683 1531 1718 titulos
1554 1682 1591 1718 in
1615 1682 1778 1729 operibus
1800 1693 1872 1718 non

313 1750 451 1774 amasse
466 1738 582 1786 prodit
597 1739 633 1774 in
650 1740 724 1775 eius
742 1740 817 1776 vita.
828 1739 1046 1787 Spartianus

403 1796 585 1843 Γρηγορίου
601 1799 660 1830 τοῦ
677 1796 911 1842 Μελητιανοῦ.]
939 1797 1146 1844 Gregorium
1163 1796 1406 1845 Cappadocem
1420 1797 1602 1844 intelligit,
1617 1797 1677 1844 qui
1691 1807 1738 1832 ex
1753 1796 1872 1833 Antio·

314 1852 426 1888 chena
447 1853 582 1899 synodo
606 1854 854 1896 Alexandriam
877 1855 1007 1890 missus
1031 1859 1066 1890 et
1081 1855 1272 1891 Athanasio
1297 1854 1453 1902 deposito
1480 1865 1662 1890 successor
1683 1854 1785 1890 datus
1808 1857 1872 1890 est.

314 1909 383 1944 Sed
398 1910 489 1944 idem
505 1914 626 1956 postea
641 1911 677 1946 in
691 1911 889 1947 Sardicensi
901 1913 1048 1948 concilio
1065 1912 1224 1948 redactus
1239 1913 1276 1948 in
1293 1911 1465 1955 ordinem,
1481 1911 1692 1948 Athanasius
1703 1923 1786 1948 vero
1797 1910 1874 1948 sedi

314 1977 396 2001 01100
412 1967 600 2002 1001110100.
632 1967 838 2014 Quanquam
855 1969 1015 2004 Socrates
1032 1972 1066 2005 et
1082 1969 1296 2005 Sozomenus
1314 1969 1536 2016 Gregorinm,
1553 1968 1646 2016 quod
1661 1969 1870 2005 Arianorum

314 2034 474 2059 caussam
489 2035 613 2071 parum
629 2029 769 2060 strenue
784 2030 1022 2072 promoveret,
1039 2026 1083 2061 ab
1100 2026 1238 2062 Arianis
1253 2026 1339 2073 ipsis
1355 2029 1527 2062 remotum
1542 2029 1714 2062 asserunt.

404 2078 527 2115 Ἀλλαι
543 2081 581 2116 δέ
594 2080 652 2116 εἰσι
669 2081 826 2127 πλείους.]
871 2082 1033 2119 Τ1100000
1055 2082 1184 2118 dictam
1207 2083 1389 2119 0001001001
1413 2082 1567 2119 condidit
1581 2082 1789 2126 Alexander,
1813 2083 1870 2119 cui

314 2138 480 2174 successit
495 2137 722 2182 Athanasius,
745 2143 785 2174 ut
799 2139 899 2186 Apol.
917 2140 1029 2186 prima
1043 2143 1192 2175 testatur
1206 2140 1292 2187 ipse.
1338 2139 1383 2175 At
1402 2143 1539 2187 praeter
1558 2139 1664 2183 istas,
1688 2150 1776 2187 quas
1791 2139 1871 2187 Epi-

313 2195 463 2243 phanius
479 2199 651 2239 recenset,
667 2196 736 2232 alia
751 2195 852 2240 101ῐή
869 2195 1054 2243 καλουμένη
1072 2196 1201 2244 κυρίου,
1218 2198 1358 2239 domini,
1374 2207 1438 2244 pro
1455 2207 1523 2243 quo
1539 2196 1684 2232 Latinus
1700 2197 1870 2245 interpres

318 2253 458 2294 Quirini
472 2252 633 2297 reddidit,
650 2254 753 2300 quasi
769 2258 861 2289 esset
877 2253 1022 2300 Κυρίνου.
1069 2253 1182 2290 Locus
1199 2254 1303 2289 estin
1318 2253 1427 2301 Epist.
1442 2253 1487 2289 ad
1502 2253 1682 2290 Solitarios
1698 2264 1779 2301 pag.
1794 2253 1871 2290 632.

404 2307 572 2350 Ἕκαστος
589 2309 624 2345 ei
641 2310 766 2345 τούτων
784 2309 912 2356 δῆλον]
952 2310 1035 2358 Leg.
1052 2311 1141 2347 forte
1157 2310 1258 2355 δῆλον
1274 2309 1333 2345 ὅτι.
1364 2310 1469 2346 Ρο110
1486 2310 1522 2346 10
1538 2311 1687 2357 singulis
1702 2311 1746 2347 iis
1763 2312 1871 2347 eccle-

315 2366 377 2402 siis
393 2367 539 2414 quilibet
554 2367 734 2414 presbyter
749 2368 902 2415 privatas
918 2378 1072 2415 synaxes
1087 2368 1223 2415 agebat.
1247 2367 1317 2404 Sed
1333 2378 1413 2404 cum
1425 2366 1606 2403 Athanasii
1622 2379 1727 2415 opera
1742 2379 1872 2415 magna

314 2424 425 2459 indies
441 2423 485 2459 ad
502 2424 684 2460 ecclesiam
703 2426 854 2461 accessio
870 2425 985 2469 fieret,
1002 2426 1149 2461 arctiora
1165 2426 1225 2461 illa
1239 2425 1370 2472 templa
1385 2435 1461 2461 esse
1477 2429 1677 2472 coeperunt,
1694 2424 1780 2461 adeo
1797 2425 1871 2473 qui-

315 2481 393 2517 dem
411 2481 500 2517 utin
516 2482 727 2528 synaxibus,
752 2493 840 2529 quae
857 2482 1142 2530 quadragesimae
1157 2486 1312 2530 tempore
1327 2482 1472 2524 fiebant,
1492 2482 1647 2529 plerique
1666 2482 1701 2518 in
1717 2482 1872 2519 conferta

314 2538 416 2573 turba
430 2538 679 2585 propemodum
696 2539 773 2575 elisi
789 2550 830 2575 ac
847 2539 1036 2587 praefocati
1050 2539 1194 2575 fuerint:
1217 2537 1250 2574 iv
1271 2540 1341 2580 ταῖς
1365 2537 1511 2580 συνάξισι
1526 2540 1581 2583 τῆς
1598 2541 1870 2586 τεσσαρακοστῆς,

315 2596 375 2630 ubi
392 2596 560 2643 interpres
577 2595 670 2631 aliud
686 2606 795 2643 agens
813 2597 1029 2633 Pentecosten
1045 2596 1156 2633 vertit.
1196 2596 1276 2632 ideo
1293 2596 1329 2632 in
1345 2594 1500 2643 paschali
1514 2596 1712 2632 celebritate
1727 2596 1872 2643 pervicit

317 2652 482 2699 populus,
499 2656 538 2688 ut
554 2653 588 2688 in
605 2653 728 2688 maiori
745 2653 805 2689 illa
820 2654 983 2697 ecclesis,
1007 2664 1112 2701 quam
1129 2653 1333 2689 Caesaream
1350 2651 1536 2696 vocabant,
1560 2653 1698 2689 tametsi
1715 2653 1870 2690 dedicata

317 2709 469 2744 nondum
486 2713 597 2753 esset,
621 2711 767 2756 synaxis
790 2710 903 2754 fieret,
927 2710 970 2746 ad
986 2721 1131 2758 eamque
1148 2721 1191 2746 ex
1209 2710 1370 2747 omnibus
1385 2709 1538 2746 ecelesiis
1554 2708 1673 2746 fideles
1689 2720 1870 2748 concurre·

316 2770 402 2801 rent.
435 2765 557 2802 Narrat
572 2767 605 2803 id
622 2766 834 2804 Athanasius
851 2768 949 2815 Apol.
964 2780 988 2804 1.

406 2820 522 2858 Ἄλλοι
539 2823 573 2859 δὲ
591 2824 784 2871 linientem]
814 2825 880 2867 Qui
896 2825 940 2861 ab
958 2824 1155 2861 Alexandro
1172 2825 1217 2860 ob
1235 2824 1397 2861 Ariansin
1413 2822 1593 2871 perfidiam
1611 2824 1740 2861 eiectus
1756 2825 1801 2860 ab
1817 2835 1870 2861 ec·

315 2881 422 2915 cissis
443 2891 463 2915 a
481 2880 650 2926 Gregorio
672 2882 707 2917 in
725 2881 906 2917 Athanasii
927 2882 1041 2918 locum
1066 2882 1198 2917 intruso
1221 2880 1265 2916 ad
1289 2881 1412 2917 lulium
1436 2890 1561 2927 papam
1586 2881 1713 2917 missus
1737 2886 1808 2926 est,
1833 2887 1871 2918 ut

316 2938 461 2983 ipsemet
477 2937 582 2973 lulius
599 2938 633 2973 in
650 2938 798 2985 epistola
812 2942 971 2982 testatur,
986 2949 1091 2986 quam
1109 2939 1142 2974 in
1161 2938 1259 2985 Apol.
1273 2949 1310 2975 u.
1326 2937 1507 2985 descripsit
1524 2936 1744 2975 Athanasius.

406 2993 466 3028 καὶ
482 2993 544 3039 γὰρ
558 2992 575 3028 ὁ
591 2994 778 3035 κόλλουῦος
792 2994 885 3041 τινά]
926 2995 1086 3031 Meminit
1107 2994 1208 3031 huius
1225 2994 1370 3041 epistola
1385 2993 1563 3040 synodalis
1580 2995 1623 3029 ab
1638 2995 1869 3031 Alexandrino

316 3051 459 3087 concillo
483 3051 517 3087 ln
538 3060 665 3087 caussa
685 3050 867 3088 Athanasii
888 3053 1015 3099 scripta
1038 3051 1129 3099 apud
1151 3051 1297 3088 eundem
1314 3049 1478 3087 Athenas.
1503 3050 1599 3098 Apol.
1615 3063 1650 3090 u.
1697 3052 1760 3088 Hic
1789 3063 1869 3089 cum
