2008 3294
346 204 438 242 0οΧ

344 321 431 345 rere.
455 309 499 342 In
513 308 733 353 qravioribus
748 309 835 341 enim
851 307 1046 342 criminibus
1060 309 1162 343 semel
1176 313 1319 349 tantum,
1336 308 1390 342 vel
1403 319 1488 342 raro
1497 310 1728 354 poenitentiae
1743 310 1896 344 concedi-

344 372 400 400 tur
415 367 516 400 locus.
544 364 707 410 Quisquis
722 364 831 409 igitur
844 364 968 410 prioris
983 365 1122 411 generis
1139 365 1268 399 crimen
1284 363 1426 410 aliquod
1438 369 1688 411 perpetrasset,
1703 364 1760 400 hic
1776 365 1821 400 ad
1836 373 1896 400 an-

343 423 488 458 tistitem
505 432 546 456 ac
562 421 778 456 sacerdotem
793 421 962 456 accedens
976 421 1136 468 publicae
1152 422 1197 456 ab
1213 432 1254 456 eo
1270 421 1504 467 poenitentiae
1525 422 1580 457 ius
1603 420 1776 468 capiebat,
1798 429 1896 469 prae-

346 480 467 514 stituto
485 489 531 513 ex
547 478 740 513 canonibus
751 477 856 513 modo
873 488 914 513 ac
930 482 1098 525 tempore,
1113 489 1182 524 quo
1201 478 1342 512 demum
1361 479 1499 524 expleto
1512 489 1537 513 a
1549 479 1701 525 peccatis
1719 479 1898 514 absolutus

344 536 582 571 communioni
600 535 858 578 restituebatur,
880 546 994 582 neque
1013 535 1082 570 alia
1102 536 1256 577 ratione,
1278 544 1383 581 quam
1401 535 1538 581 publice
1558 536 1654 571 obita
1673 536 1897 582 poenitentia,

343 593 560 628 reconciliari
573 596 723 639 poterat;
752 592 844 638 quod
865 592 1010 628 infinitis
1025 593 1111 628 locis
1129 603 1208 627 cum
1223 592 1288 626 ΡΡ.
1304 591 1448 635 caeteri,
1461 595 1539 627 tum
1551 592 1743 639 Cyprianus
1760 592 1898 628 eviden-

344 649 479 684 tissime
495 649 657 686 declarat.
702 649 859 684 Aliormn
879 659 1004 685 caussa
1018 654 1093 684 erat
1107 646 1321 696 explicatior,
1341 658 1490 697 quorum
1510 649 1623 684 leta-iis
1646 650 1777 696 alioqui
1797 649 1899 696 culpa

345 707 444 741 nulla
460 717 634 742 canonum
649 706 850 741 definitione
865 706 1221 753 comprehenderetur,
1242 699 1390 752 ideoque
1405 706 1540 752 privata
1561 707 1774 752 poenitentia
1794 707 1898 742 satis-

342 763 534 807 faciebant,
559 774 666 810 quam
681 763 870 799 sacerdotis
886 764 1068 810 prudentia
1082 763 1338 799 moderabatur.
1385 763 1435 798 Ac
1456 763 1588 810 priores
1606 764 1660 798 illi
1681 764 1898 810 poenitentes

342 821 480 867 proprie
497 821 710 856 dicebantur.
757 819 951 856 Concilium
966 819 1173 856 Toletanum
1187 833 1212 857 1.
1236 819 1320 856 Can.
1336 831 1375 855 11.
1398 820 1615 866 poenitentes
1635 821 1674 856 in
1694 821 1825 856 clerum
1839 829 1898 856 co-

344 879 455 925 optari
470 877 641 925 prohibet.
686 877 776 914 Tum
792 878 861 912 ista
876 877 1033 913 subiicit:
1065 878 1154 912 Eum
1169 889 1248 912 vero
1260 880 1484 924 poenitentem
1501 878 1662 921 dimo,
1679 880 1737 923 qm·
1744 883 1826 924 poet
1838 877 1898 912 ba-

337 938 496 982 ptisn‘aum
521 942 582 971 aut
595 947 665 982 pro
688 935 884 978 homicidio,
909 941 971 969 aut
985 947 1052 981 pro
1077 936 1222 969 diversis
1245 934 1441 969 criminibus
1454 937 1731 980 pavimus-’eque
1739 937 1899 981 peccastis

340 993 514 1039 publicam
523 995 766 1039 poenitentiam
779 1003 902 1037 yerens
916 993 975 1026 sub
993 993 1124 1034 cilicio,
1141 993 1255 1026 divino
1261 993 1376 1037 fuerit
1388 992 1630 1026 «reconciliatae
1645 993 1784 1027 altario.
1799 990 1898 1028 ›an-

341 1053 455 1085 terum
470 1053 551 1097 post
564 1049 741 1096 publicam
755 1049 854 1084 illam
867 1049 1135 1095 poenitentiam,
1157 1048 1189 1083 si
1208 1048 1332 1083 iisdem
1347 1059 1384 1083 se
1401 1045 1604 1084 criminibus
1619 1048 1898 1092 obstrinxissent,

342 1107 387 1143 ab
403 1107 568 1142 ecclesiae
584 1106 681 1142 aditu
696 1109 732 1140 et
746 1116 768 1140 a
781 1106 1029 1151 mysteriorum
1041 1106 1285 1140 communione
1297 1104 1435 1151 penitus
1448 1105 1583 1140 exclusi
1596 1103 1811 1140 reconciliari
1825 1113 1899 1141 am-

341 1165 433 1211 plius
448 1175 520 1199 non
534 1167 713 1210 poterant;
734 1162 827 1209 quod
842 1162 1014 1208 imprimis
1030 1163 1247 1209 Augustinus
1263 1162 1425 1198 affirmat.
1473 1162 1680 1209 Quanquam
1695 1162 1770 1198 fieri
1783 1163 1900 1209 potest

341 1225 382 1256 ut
402 1222 440 1256 in
463 1220 672 1267 quibusdam
696 1220 850 1255 ecclesiis
873 1219 1123 1266 poeniteutiam
1145 1220 1269 1254 iterare
1291 1219 1443 1261 licuerit3
1466 1229 1546 1254 cum
1567 1219 1603 1254 id
1622 1229 1719 1263 raro,
1742 1219 1898 1266 adeoque

341 1287 596 1324 nonnunquam
611 1277 687 1312 fieri
703 1277 832 1312 scribat
848 1276 1029 1323 Origenes.
1064 1277 1184 1323 Neque
1199 1287 1280 1312 vero
1297 1275 1332 1311 id
1347 1279 1410 1311 aut
1422 1276 1642 1320 incredibile,
1658 1279 1720 1312 aut
1732 1276 1819 1312 adeo
1834 1277 1899 1312 rni-

343 1336 452 1371 rabile
466 1335 575 1370 videri
590 1345 655 1381 par
670 1338 740 1377 est,
764 1334 794 1368 si
811 1334 889 1379 quis
906 1334 1022 1369 animo
1037 1337 1173 1380 repetat
1187 1338 1319 1380 quanta
1333 1333 1370 1368 in
1384 1333 1569 1380 plerosque
1583 1338 1783 1380 peccatores
1798 1343 1900 1370 cane-

341 1403 428 1428 nnm
444 1392 629 1427 austeritas
644 1395 680 1426 et
694 1391 891 1426 constantia
905 1390 1024 1434 fuerit,
1041 1394 1082 1425 ut
1096 1390 1157 1437 qui
1171 1391 1280 1426 semel
1294 1389 1464 1426 duntaxat
1478 1390 1640 1437 graviora
1654 1389 1899 1438 flagitiacem-

341 1450 513 1492 misisset,
529 1448 780 1495 inexpiabilem
794 1457 927 1483 noxam
944 1446 1180 1491 contraheret,
1202 1450 1264 1482 aut
1277 1447 1367 1483 inter
1381 1447 1598 1494 poenitentes
1613 1447 1753 1484 assidue
1763 1447 1897 1495 degens

340 1508 494 1542 instante
517 1506 656 1540 demum
677 1505 776 1540 obitu
796 1514 920 1552 pacem
940 1502 1142 1551 perciperet.
1188 1502 1235 1539 Ut
1253 1502 1497 1540 homicidam
1511 1506 1695 1551 Ancyrano
1712 1505 1797 1542 Gan.
1812 1514 1898 1549 aar„

341 1563 470 1599 Christi
485 1567 670 1609 negatores
686 1563 724 1597 in
740 1561 924 1597 Basilianis
941 1561 1144 1597 canonibus
1167 1560 1252 1596 Gan.
1267 1572 1383 1605 sm„
1404 1562 1542 1609 aliaque
1563 1562 1600 1598 id
1621 1572 1750 1609 genus,
1772 1565 1834 1598 aut
1853 1562 1897 1597 iis

342 1622 447 1657 etiam
463 1621 637 1656 severiora
652 1630 742 1667 quae
759 1629 803 1654 ex
819 1619 988 1666 superiori
1013 1619 1245 1665 disputatione
1267 1618 1335 1654 huc
1355 1619 1535 1655 &austerii
1553 1622 1715 1666 possunt.
1759 1619 1900 1655 aceedit
1928 1633 1938 1646 ·

343 1678 436 1726 quod
451 1681 609 1714 extremo
620 1678 713 1712 vitae
727 1681 885 1723 tempore
901 1676 1146 1712 communione
1159 1674 1278 1712 donati
1289 1680 1386 1719 sunt,
1401 1677 1603 1723 praesertim
1613 1681 1697 1724 post
1705 1674 1898 1712 Nicaeum

342 1746 511 1771 canonem
526 1735 673 1778 editum,
690 1745 758 1781 quo
774 1733 991 1769 moribundis
1006 1733 1129 1780 negari
1142 1733 1310 1769 viaticum
1323 1733 1518 1780 prohibuit,
1540 1733 1634 1780 quod
1649 1734 1779 1781 ubique
1791 1737 1899 1770 ussa-

341 1803 418 1828 rum
434 1792 596 1839 deinceps
613 1792 772 1827 obtinuit.

433 1849 604 1892 Quoniam
619 1848 835 1884 Novatianae
857 1847 1012 1884 haeresis
1032 1846 1298 1895 cognoscendae
1320 1847 1475 1884 stadium
1491 1852 1525 1883 et
1539 1847 1738 1895 argumenti
1753 1847 1896 1885 dulcedo

343 1907 513 1954 quaedam
529 1918 569 1941 eo
586 1918 651 1942 nos
672 1906 850 1953 provexit,
874 1909 912 1940 ut
934 1905 976 1941 de
998 1905 1213 1952 poenitentia
1235 1910 1307 1940 tam
1329 1905 1441 1940 multa
1463 1905 1568 1940 verba
1587 1905 1799 1949 faceremus,
1817 1912 1897 1955 po·

343 1963 498 2000 ducenda
509 1963 688 2010 paululum
702 1963 811 1998 oratio
825 1966 878 1998 est
887 1988 896 2005 ,
910 1972 950 1997 ac
968 1962 1009 1998 de
1025 1961 1248 1998 celeberrimo
1265 1962 1323 1997 illo
1334 1961 1485 1998 Nectarii
1496 1961 1608 2005 sacto,
1625 1972 1693 2008 quo
1708 1962 1896 1998 contessio-

343 2031 423 2056 nem
439 2031 479 2056 ac
502 2019 753 2067 poenitentiam
775 2019 966 2065 abrogasse
988 2019 1136 2055 iactatur
1157 2018 1201 2054 ab
1222 2017 1420 2061 haereticis,
1442 2022 1616 2065 postremo
1640 2018 1896 2065 fflsputandum.

343 2078 451 2114 Cuius
473 2076 637 2113 historiae
659 2076 818 2111 tractatio
842 2075 886 2110 ad
910 2086 952 2110 ea
975 2085 1064 2122 quae
1085 2075 1245 2122 superius
1267 2075 1493 2122 exposuimus
1508 2075 1715 2111 illustranda
1725 2085 1895 2123 nagnam

342 2135 583 2171 adiumentum
598 2132 734 2177 afferet,
750 2143 795 2168 ne
811 2133 867 2168 cui
882 2133 1030 2168 nimium
1045 2131 1129 2168 haec
1144 2132 1257 2168 aliena
1272 2142 1313 2167 ac
1329 2132 1522 2178 longinqua
1534 2131 1624 2168 fons
1639 2131 1831 2170 videantur.

410 2271 470 2308 DE
492 2268 778 2307 Mauoaamm
801 2267 1012 2306 NEOTARII
1035 2265 1559 2305 CONSTANTINOPOLITANI
1581 2266 1826 2307 PRAESULIS

470 2327 698 2371 msTOR1A;
723 2326 780 2363 ΕΤ
805 2323 964 2363 ῦΤΒΰΜ
985 2325 1086 2362 ILLE
1110 2324 1455 2362 GONFESSIONEM
1477 2323 1765 2363 sus‘mLEm‘r.

433 2419 525 2457 Nihil
541 2420 585 2456 ad
601 2418 803 2455 elevandam
817 2417 1044 2454 confessionis
1059 2417 1279 2454 autoritatem
1290 2417 1407 2465 urgeri
1418 2417 1465 2453 ab
1476 2416 1656 2454 haereticis
1668 2419 1781 2455 acrius
1791 2419 1893 2463 *solen

343 2488 447 2527 quam
464 2477 614 2514 Nectarii
629 2476 764 2513 facinus
780 2475 865 2511 iilud
881 2474 973 2522 quod
989 2474 1085 2521 ‘apud
1100 2474 1281 2511 Socratem
1302 2478 1339 2510 et
1353 2473 1584 2511 Sosomenum
1605 2475 1793 2512 memoriae
1811 2487 1892 2523 pso-

344 2536 452 2572 ditum
476 2540 547 2578 est,
571 2546 639 2581 quo
663 2534 721 2570 ille
744 2537 884 2580 propter
906 2533 1088 2579 vulgatum
1109 2531 1247 2568 diaconi
1266 2530 1441 2579 flagitium
1460 2531 1691 2568 confessionis
1709 2543 1753 2568 ao
1773 2534 1892 2580 poeni—

344 2593 473 2628 tentiae
488 2601 590 2628 usum
607 2590 795 2637 abrogasse
811 2589 930 2625 fertur.
977 2588 1041 2625 Cui
1062 2588 1202 2636 quidem
1223 2589 1379 2636 plerique
1400 2587 1483 2624 dun
1501 2598 1681 2625 occurren
1699 2599 1740 2625 ac
1755 2590 1892 2626 veritati

345 2649 551 2696 patrocinari
567 2647 723 2691 studeat,
745 2647 781 2683 in
801 2646 969 2682 absurdas
984 2650 1020 2682 et
1034 2645 1289 2682 inextricabiles
1304 2645 1441 2682 tabulas
1454 2648 1556 2681 aestu
1571 2645 1723 2692 quodam
1738 2646 1891 2694 disputa-

344 2706 450 2742 tionis
466 2706 596 2753 abrepti
612 2708 703 2741 sunt.
751 2702 934 2740 Nonnullis
956 2703 1061 2739 etiam
1082 2702 1280 2739 Oassiodori
1299 2706 1404 2750 atque
1428 2702 1598 2739 Historiae
1613 2701 1818 2750 'reipsa-tim
1831 2704 1891 2741 de-

345 2767 508 2809 pravatus
532 2762 625 2798 iocus
653 2761 779 2798 erroris
810 2761 1028 2797 occasionem
1050 2759 1160 2803 dedit,
1183 2759 1266 2796 dum
1289 2769 1334 2795 ec:
1356 2758 1485 2795 Latinis
1507 2758 1751 2805 interpretibus
1773 2762 1889 2808 potius

347 2829 451 2865 qaam
467 2829 510 2854 ex
526 2819 664 2854 Graecis
677 2818 831 2854 tontibus
845 2817 1075 2853 narrationem
1088 2817 1191 2853 istam
1206 2820 1376 2864 repetunt.
1400 2814 1559 2862 Utrisque
1572 2826 1668 2859 vero,
1683 2816 1743 2853 sed
1760 2819 1888 2855 nostris

346 2876 581 2922 potissimum,
598 2875 776 2911 consulere
792 2874 857 2910 hoc
872 2874 985 2921 capite
1000 2874 1223 2911 decrevimus.
1270 2872 1359 2910 Nam
1374 2871 1466 2919 quod
1479 2871 1523 2908 ad
1538 2870 1729 2910 haereticos
1744 2879 1888 2922 spectat,

347 2932 380 2967 id
398 2943 468 2974 me.
491 2931 553 2967 deo
571 2932 726 2974 iuvante,
748 2931 979 2979 perfectorum
995 2930 1150 2974 confido,
1172 2934 1211 2967 ut
1233 2930 1390 2967 inscitiae
1404 2939 1488 2966 suae
1503 2929 1755 2967 monimentum
1771 2931 1806 2968 in
1821 2931 1886 2968 hac

346 2988 538 3025 obiicienda
558 2988 657 3023 nobis
686 2987 828 3024 historia
849 2987 1011 3024 defixisse
1031 2988 1145 3035 potius
1167 2997 1272 3035 quam
1294 2990 1507 3024 momentum
1529 2986 1637 3023 ullum
1661 2987 1704 3023 ad
1727 2998 1885 3025 caussam

345 3055 447 3082 suan
463 3044 620 3081 attulisse
635 3045 734 3092 aequi
751 3055 870 3082 omnes
887 3049 922 3081 st
935 3044 1044 3092 iniqui
1060 3048 1223 3082 statuant.
