2008 3294
1576 178 1712 217 eccm

175 284 303 320 Fronto
317 283 477 320 Duoaeus
491 288 609 320 noster
624 285 668 320 ad
683 281 918 331 Chrysostomi
932 283 1026 320 Orat.
1044 295 1080 319 n.
1101 284 1138 320 in
1158 284 1301 320 Iudaeos
1323 283 1510 319 adnotavit.
1544 282 1711 318 Nonnun-

177 351 284 388 quam
297 345 430 385 tamen,
446 345 487 379 ut
501 342 592 389 apud
607 342 828 388 Dionysium,
846 340 1047 389 praesertim
1063 341 1149 377 libro
1165 341 1207 376 de
1222 341 1352 377 Euclea.
1369 339 1542 376 Hier-arch.
1558 350 1633 387 cap.
1646 351 1712 381 un,

175 409 238 444 pro
253 398 330 445 ipsa
345 400 586 434 communione
602 400 657 434 vel
673 399 799 435 missae
819 397 986 434 sacrificio
1009 390 1168 434 sumituf.
1204 398 1292 434 Nam
1314 398 1364 433 ibi
1387 407 1546 433 caussam
1569 397 1713 444 inquirit

175 465 236 490 cur
248 454 414 495 κοινωνίας
425 458 461 490 et
473 454 628 496 συνάξεως
645 455 830 503 appellatio
841 454 956 491 divino
971 454 1022 490 illi
1035 456 1350 502 augustissimoque
1363 459 1590 498 sacramento,
1606 465 1711 501 quam

175 510 303 556 τελετὴν
319 511 456 546 τελετῶν
472 513 644 555 nominat,
660 513 842 559 praecipue
854 512 1033 555 tribuam,
1056 523 1135 547 cum
1151 515 1363 548 caeterorum
1377 522 1420 547 ea
1434 522 1573 558 quoque
1587 511 1640 547 vis
1654 511 1710 553 sit,

175 571 214 602 ut
230 566 378 614 μεριστὰς
394 568 488 616 ἡμῶν
505 569 590 610 ζωὰς
606 568 647 610 εἰς
663 567 783 614 ἃνοειδῆ
799 568 915 604 θέωσιν
929 567 1086 615 συνάγειν,
1102 567 1167 604 hoc
1182 573 1235 604 est
1250 570 1447 604 consociare
1461 569 1607 616 possint.
1628 568 1710 604 Pro·

173 624 247 671 prie
262 628 394 668 temen,
418 630 457 661 ut
477 637 542 661 nos
566 626 734 669 diximus,
758 625 882 667 σύναξις
904 629 1111 661 conventum
1133 636 1270 661 sacrum
1291 630 1326 661 et
1339 626 1494 662 divinum
1509 625 1601 672 quod
1616 625 1652 660 iu
1667 635 1708 661 eo

172 682 350 728 peragitur
366 682 519 719 officium
535 685 646 720 sonat.
680 682 739 719 Sic
755 681 965 730 Epiphanius
980 683 1016 717 in
1032 682 1171 719 Baetes.
1189 695 1296 726 nxrx„
1312 694 1400 730 quae
1415 686 1469 718 est
1481 682 1709 718 Ariomanita-

172 749 265 782 rum,
288 739 329 775 de
344 739 425 774 Ario
442 741 652 787 caeterisque
667 740 874 786 presbyteris
888 750 951 786 per
964 739 1114 774 urbanas
1131 740 1293 775 ecclesias
1308 740 1534 775 Alexandriae
1549 738 1709 775 distribu-

172 795 232 830 tis:
256 793 420 837 Ἕκαστος
443 795 479 831 δὲ
499 797 623 831 τούτων
647 796 746 842 δῆλον
768 795 850 831 κατὰ
871 795 929 840 τὴν
947 794 1123 842 εἰθισμένην
1140 796 1266 837 σύνοιξιν
1281 796 1338 831 τὸν
1354 796 1446 843 αὐτῷ
1461 795 1709 842 πεπιστευμένον

173 851 253 886 λαὸν
270 851 432 888 διδάσκων
447 851 480 887 ἐν
496 855 566 894 ταῖς
581 852 749 900 ἐξηγήσεσι
763 857 826 888 etc.
861 852 958 888 Hane
980 852 1094 889 Latini
1117 854 1287 888 collectam
1306 854 1361 888 vel
1383 856 1532 896 missam,
1554 856 1595 888 ut
1616 852 1709 888 idem

170 908 298 944 Fronto
322 913 439 945 noster
462 911 638 954 observat,
661 910 832 957 appellare
854 913 1115 945 consueverunt.
1149 910 1194 945 At
1216 909 1441 946 Gasaubonus
1463 910 1612 947 Exercit.
1635 922 1708 946 xvr.

171 977 265 1001 num.
282 978 367 1003 xnn.
385 967 468 1002 dum
482 967 682 1003 Parisiensis
699 966 859 1003 editionis
873 970 974 1002 notas
989 966 1024 1002 in
1038 966 1321 1014 Ohrysostomum
1336 967 1522 1013 redarguit,
1537 967 1708 1013 castigau-

171 1023 235 1058 dus
252 1023 375 1070 etipse
390 1024 494 1060 venit.
526 1023 614 1060 Nam
629 1024 792 1071 pleraque
808 1024 991 1059 oscitanter
1005 1025 1132 1070 attigit.
1155 1024 1327 1071 Imprimis
1343 1023 1611 1070 chrysostomus
1625 1023 1708 1059 fide-

171 1080 221 1115 les
237 1079 438 1125 adhortans,
462 1084 502 1116 ut
521 1092 584 1128 pro
606 1092 643 1117 se
659 1081 805 1127 quisque
819 1081 998 1127 captandis
1013 1091 1053 1116 ac
1069 1081 1322 1116 lucrifaciendis
1337 1081 1505 1128 proximis
1519 1080 1710 1123 incumbat,

170 1136 224 1172 his
236 1137 350 1172 verbis
366 1138 567 1184 alloquitur:
585 1137 624 1172 'n
640 1137 724 1184 μέγα
739 1135 820 1172 αἰτῶ
835 1135 913 1185 παρ’
930 1137 1032 1183 ὑμῶν,
1049 1136 1228 1184 ἀγαπητοὶ;
1245 1137 1379 1178 ἕκαστος
1394 1137 1485 1184 ὑμῶν
1501 1137 1556 1171 ἵνα
1573 1149 1628 1183 μοι
1642 1138 1708 1171 τῶν

171 1192 320 1239 ἀδελφῶν
337 1193 552 1240 ἀνασωσάτω,
570 1193 845 1241 περιεργασάσθω,
862 1193 1247 1241 πολυπραγμονησάσθω,
1267 1195 1321 1229 ἵνα
1336 1192 1378 1234 εἰς
1393 1193 1450 1238 τὴν
1466 1192 1619 1228 ἐπιοῦσαν
1634 1194 1708 1229 σύν-

171 1250 238 1292 οιξιν
261 1249 342 1296 μετὰ
364 1250 488 1296 πολλῆς
509 1249 688 1299 παρῥησίας
709 1248 956 1298 &navt-dompno,
979 1252 1070 1298 δῶρα
1092 1255 1142 1298 τῷ
1164 1252 1228 1298 θεῷ
1247 1251 1448 1298 κομίζοντες,
1471 1251 1564 1297 δῶρα
1577 1250 1707 1285 πάντων

170 1307 344 1354 τιμιώτερα
359 1306 414 1349 τὰς
431 1307 536 1356 ψυχὰς
551 1309 617 1343 τῶν
633 1307 886 1355 πεπλανημένων
901 1306 1170 1355 ἑπαναγαγόντες.
1203 1309 1268 1344 Hic
1282 1309 1445 1344 Erasmus
1460 1308 1567 1343 verba
1586 1308 1646 1343 illa
1666 1307 1707 1348 εἰς

170 1363 227 1409 τὴν
243 1363 395 1399 ἐπιοῦσαν
411 1364 538 1406 σύναξιν
551 1368 716 1401 verterat:
732 1367 769 1400 in
785 1368 938 1401 crastina
954 1369 1185 1401 communione.
1213 1365 1310 1408 Quod
1326 1366 1447 1401 merito
1462 1364 1707 1412 reprehensum

169 1431 191 1456 a
209 1420 381 1457 Frontone
399 1425 534 1466 nostro,
557 1433 686 1469 proque
703 1425 937 1458 communionis
950 1423 1117 1459 vocabulo
1133 1424 1320 1459 substituta
1334 1434 1406 1458 vox
1421 1424 1592 1459 collectae.
1630 1423 1707 1457 Dis-

168 1479 289 1526 plicuit
302 1477 388 1514 haee
403 1479 596 1515 emendatio
613 1479 833 1523 Oasaubono,
857 1479 919 1528 qui
935 1490 1015 1515 cum
1029 1480 1172 1516 Erasmo
1189 1479 1315 1520 σόναξιν
1335 1480 1406 1516 illie
1427 1479 1706 1515 communionem

168 1546 244 1570 esse
261 1535 426 1579 defendit,
449 1547 490 1572 eo
511 1536 620 1573 fretus
642 1536 962 1589 argumentorbquod
983 1537 1151 1573 donorum
1172 1537 1316 1579 oblatio,
1339 1537 1381 1572 de
1405 1537 1530 1583 quibus
1553 1537 1704 1582 loquitur

169 1591 452 1638 Chrysostomus,
473 1593 713 1629 eucharistiam
729 1588 989 1640 demerem
1001 1594 1091 1633 mira
1105 1599 1158 1630 est
1173 1595 1279 1630 critici
1293 1594 1387 1629 illius
1403 1591 1580 1638 ἀκροςεξία.
1615 1592 1704 1628 Nam

169 1650 261 1696 δῶρα
274 1650 343 1685 ista
356 1660 428 1685 non
443 1654 524 1686 sunt
538 1651 638 1698 panis
653 1654 687 1686 et
701 1648 948 1699 vinnm,qupa
958 1650 1006 1691 ad
1020 1650 1261 1697 eucharistiam
1276 1650 1490 1693 adhibentur,
1504 1654 1565 1686 aut
1580 1650 1704 1685 eucha-

166 1706 265 1742 ristia
286 1707 379 1753 ipsa,
403 1706 464 1743 aed
486 1707 650 1744 nimirum
668 1705 1147 1769 fratrumnp'lQfflorum
1162 1709 1315 1751 animae,
1338 1708 1464 1754 quibus
1486 1707 1531 1742 ad
1553 1708 1703 1754 synaxin

167 1762 376 1799 adducendis
392 1767 429 1799 et
442 1763 684 1800 conservandis
700 1768 739 1800 ut
752 1756 1100 1813 mutandum
1114 1777 1196 1801 suos
1212 1765 1429 1801 admonebat.

255 1820 438 1856 Proximus
454 1824 506 1856 est
520 1820 703 1868 Epiphanii
717 1822 775 1858 ille
788 1821 865 1869 ipae
877 1820 977 1866 ΙΨ·
992 1829 1094 1870 quem
1108 1833 1191 1869 prae
1206 1823 1366 1858 manibus
1381 1822 1565 1864 habemus,
1580 1822 1619 1857 in
1633 1832 1701 1868 quo

166 1887 317 1922 synaxes
333 1877 382 1913 ait
395 1888 440 1913 ex
455 1878 647 1924 apostolica
661 1878 841 1915 traditione
854 1879 894 1917 in
905 1878 1028 1917 feriam
1043 1883 1203 1926 quartam
1218 1883 1252 1916 et
1266 1890 1486 1927 parascevem
1501 1890 1543 1915 ac
1557 1879 1702 1914 domini-

166 1943 243 1969 cam
258 1934 416 1971 incidere.
438 1934 509 1970 Hic
515 1941 626 1982 potere
637 1936 788 1970 dubitem·
796 1935 1011 1982 (Gasauboui
1024 1936 1128 1972 verba
1142 1937 1238 1983 suut)
1254 1949 1300 1971 an
1313 1938 1512 1983 simpliciter
1527 1943 1703 1971 conventus

165 1994 262 2027 sacri
274 1993 516 2037 intelligantur,
533 1994 582 2027 ad
594 1993 728 2028 verbum
744 1994 945 2028 audiendum
961 1999 994 2028 et
1006 1995 1185 2036 orandum,
1202 2006 1247 2029 an
1263 1997 1364 2029 etiam
1379 1995 1422 2029 de
1437 2005 1560 2029 coenae
1575 1995 1702 2028 domim·

166 2048 389 2084 celebratione
402 2051 544 2084 censer-it
557 2049 784 2096 Epiphanius.
819 2050 922 2086 Ratio
939 2051 1118 2086 dubitande·
1137 2054 1246 2086 oritur
1261 2063 1302 2086 e:
1321 2052 1548 2086 observatione
1564 2052 1701 2085 diversa

163 2110 308 2140 veteram
323 2106 552 2141 eeclesiarum.
586 2106 696 2149 Nam,
713 2113 750 2141 ut
764 2113 906 2142 teetatur
919 2107 1092 2150 Socrates,
1102 2109 1287 2154 pleraeque
1302 2120 1412 2143 omnes
1427 2108 1518 2143 orb-‘s
1532 2114 1700 2142 terrarum

166 2163 350 2205 ecclesiae,
367 2168 399 2198 et
412 2162 466 2197 liis
481 2163 612 2206 diebus,
634 2170 667 2198 et
679 2165 831 2199 sabbatis
846 2167 948 2200 etiam
963 2166 1012 2200 ad
1024 2177 1167 2211 synaxes
1182 2166 1432 2207 conveniebant,
1452 2167 1489 2199 in
1502 2165 1620 2210 quibus
1631 2177 1699 2208 my-

164 2221 269 2254 ster-'a
285 2219 552 2255 celebrabantur.
586 2220 678 2256 Haec
698 2221 767 2258 ille.
803 2221 871 2257 Sed
893 2222 985 2268 quod
1001 2221 1177 2258 Socratem
1193 2222 1364 2258 affirmare
1379 2222 1461 2256 dicit
1475 2222 1512 2256 in
1526 2221 1698 2267 plerisque

165 2275 325 2312 omnibus
339 2278 506 2312 terrarum
523 2277 614 2313 orbis
630 2277 785 2314 ecclesiis
800 2289 952 2324 synaxes
968 2281 1003 2314 et
1017 2280 1183 2325 mysteria
1197 2279 1282 2315 feria
1297 2282 1434 2325 quarta,
1454 2282 1556 2313 sexta
1573 2282 1607 2312 et
1621 2278 1698 2313 sab·

164 2333 246 2368 bato
268 2332 446 2375 celebrari,
467 2333 692 2370 falsissimum
711 2338 775 2372 est.
810 2335 861 2371 De
876 2336 1030 2371 sabbatis
1045 2336 1080 2372 id
1095 2336 1232 2383 quidem
1247 2340 1320 2371 toto
1338 2336 1418 2370 orbe
1433 2335 1699 2370 usitatissimum

164 2399 252 2432 esse,
274 2389 305 2424 si
318 2389 511 2425 Romanam
525 2391 705 2426 ecelesiam
720 2394 754 2427 et
767 2392 1036 2428 Alexandrinam
1056 2394 1248 2440 exceperis,
1270 2392 1369 2427 docet
1388 2392 1475 2427 libro
1496 2392 1572 2434 illo,
1594 2403 1698 2438 quem

165 2446 390 2482 Oasaubonus
406 2447 490 2482 citat
503 2445 665 2483 historiae
677 2459 710 2484 v.
728 2458 803 2495 esp.
814 2461 886 2485 ιιι.
910 2449 1007 2492 Quod
1023 2453 1139 2485 autern
1152 2449 1238 2485 feria
1253 2453 1375 2496 quarta
1388 2452 1530 2484 sextave
1545 2460 1696 2494 synaxes

164 2507 200 2538 et
212 2503 378 2549 mysteria
391 2503 562 2539 celebrata
575 2503 712 2548 fuerint,
731 2515 903 2552 nusquam
917 2506 1074 2553 prodidit.
1108 2505 1199 2549 Quin
1212 2507 1327 2552 potius
1343 2506 1384 2541 de
1399 2506 1482 2541 solis
1495 2505 1696 2541 Alexandri-

163 2561 217 2595 nis
232 2560 268 2595 id
281 2560 398 2603 refert,
413 2560 530 2596 omnia
544 2560 636 2607 apud
650 2561 744 2605 illos,
760 2572 851 2608 quae
863 2563 902 2598 in
917 2563 1109 2608 synaxibus
1125 2563 1200 2609 geri
1219 2574 1294 2598 mos
1311 2566 1374 2605 est,
1388 2566 1522 2609 praeter
1531 2564 1697 2608 mysteria

164 2627 204 2652 ao
219 2617 404 2660 sacrificia,
419 2617 523 2652 biduo
538 2617 598 2652 illo
613 2617 742 2664 perfici.
765 2617 877 2660 Quare
891 2629 1003 2665 neque
1019 2630 1063 2654 ex
1074 2618 1266 2666 Epiphanio
1278 2630 1388 2666 neque
1404 2630 1447 2654 ex
1460 2619 1599 2655 Socrate
1614 2631 1695 2656 con-

162 2673 221 2708 fici
234 2677 362 2720 potest,
383 2673 471 2709 feria
495 2677 615 2719 quarta
637 2678 672 2708 et
685 2685 870 2721 parasceve
885 2675 1095 2711 Christianos
1111 2677 1358 2722 augustissima
1370 2676 1430 2711 illa
1444 2676 1606 2712 dominici
1620 2688 1694 2713 cor-

163 2730 255 2776 poris
279 2741 378 2778 sacra
398 2730 600 2766 celebrasse.
645 2730 744 2773 Quod
766 2735 882 2767 utrum
901 2732 1039 2768 aliunde
1054 2732 1172 2778 colligi
1190 2733 1316 2779 possit,
1337 2737 1523 2779 antequam
1545 2734 1693 2781 disputo,

162 2787 257 2833 prius
273 2797 367 2822 error
380 2787 439 2823 ille
454 2788 676 2833 castigandus
692 2791 759 2831 est,
775 2799 879 2835 quem
893 2800 964 2824 non
979 2789 1091 2825 solum
1107 2789 1347 2833 Casaubonus,
1363 2789 1423 2825 sed
1440 2794 1474 2826 et
1487 2791 1548 2826 alii
1561 2791 1694 2837 pridem

162 2843 212 2889 pii
234 2847 270 2879 et
290 2843 412 2879 eruditi
433 2843 591 2880 homines
609 2844 788 2880 imbibisse
809 2845 978 2888 videntur,
999 2847 1036 2882 in
1059 2846 1218 2882 omnibus
1240 2847 1429 2892 synaxibus
1451 2848 1693 2893 mysteriorum

163 2900 425 2935 celebrationem
441 2911 482 2936 ac
494 2901 791 2948 participationem
806 2902 919 2938 locum
933 2902 1106 2939 habuisse.
1141 2902 1238 2945 Quod
1255 2914 1354 2939 secus
1369 2915 1407 2938 se
1422 2903 1534 2939 habet.
1567 2904 1655 2939 Nam
1670 2917 1692 2939 a

163 2957 404 3001 mysteriorum
426 2958 652 2993 celebratione
675 2968 715 2993 ac
738 2960 979 2995 communione
1002 2960 1144 3006 synaxis
1166 2960 1304 3007 perinde
1326 2960 1454 3003 differt,
1476 2965 1516 2995 ut
1537 2972 1648 3007 genus
1669 2972 1691 2995 a

162 3012 289 3056 forma5
309 3016 490 3060 propterea
508 3014 599 3061 quod
614 3025 685 3050 non
701 3015 860 3053 omnibus
875 3017 912 3052 in
926 3017 1118 3064 synaxibus
1133 3016 1343 3055 dominicum
1358 3029 1480 3067 corpus
1496 3021 1556 3053 aut
1572 3017 1690 3054 offere-

1743 925 1771 949 p.
1784 916 1842 944 ³50.
