2008 3294
160 2149 188 2175 p.
200 2140 259 2169 45³.

163 3121 191 3147 p.
204 3113 262 3141 ⁴5⁴.

293 247 443 285 LXXVI

406 374 467 410 AD
490 373 721 410 HAERESIM
741 373 801 419 L.‚
831 374 951 419 QUAE
971 375 1056 412 EST
1078 375 1724 415 TESSARESGAEDEGATITARUM.

386 465 774 508 Quartadecimanorum
801 467 875 503 sive
901 467 1291 516 Τεσσαρεςκαιδεκατιτῶν
1313 467 1464 504 haeresis
1492 480 1534 504 ea
1555 469 1691 516 proprie
1714 469 1835 505 dicitur

296 534 384 570 quae
399 523 537 558 Iudaico
553 534 649 559 more
668 523 799 570 pascha
816 525 900 560 luna
914 537 985 562 xrv.
1003 525 1244 561 celebrandum
1265 526 1402 569 asserit,
1423 537 1677 573 quamcumque
1697 526 1836 562 demum

294 581 332 616 in
347 581 469 615 feriam
483 580 628 615 incidat:
653 591 742 627 quae
755 581 823 616 fuit
835 581 1067 618 Asiaticorum
1083 582 1216 630 opinio,
1240 582 1300 628 qui
1313 582 1452 618 Ioannis
1471 584 1654 619 autoritate
1667 583 1748 619 freti
1760 594 1836 630 per·

294 637 452 672 tinaciter
466 638 573 672 ritum
587 638 686 673 illum
702 639 1054 686 consuetudinemque
1068 643 1262 675 tenuerunt.
1299 639 1351 675 De
1367 651 1434 687 quo
1443 640 1620 676 Eusebius
1634 641 1693 676 lib.
1701 653 1734 676 v.
1749 641 1837 676 Hist.

294 694 400 730 Addit
420 695 636 741 Augustinus
659 695 719 731 lib.
735 695 777 731 de
797 696 936 733 Haeres.
962 697 1103 732 eosdam
1123 697 1202 731 illos
1219 709 1290 733 xrv.
1312 691 1396 732 luna
1416 698 1534 733 Martii
1552 697 1682 733 mensis
1707 697 1838 744 pascha

294 751 428 787 fixisse.
453 751 519 787 Ubi
530 753 696 788 Martium
706 764 777 788 non
787 750 976 800 Iulianum,
993 754 1054 789 sed
1068 755 1225 789 lunarem
1239 754 1388 800 intelligi
1401 766 1541 790 necesse
1557 757 1627 798 est,
1644 765 1723 790 cum
1737 755 1838 802 pleri-

297 820 363 855 que
378 808 559 856 paschales
574 821 713 846 menses
729 811 834 846 etiam
847 811 979 846 Iudaici
995 812 1030 846 in
1046 811 1199 858 Aprilem
1213 811 1412 846 inciderent.
1443 811 1518 847 Nisi
1538 811 1627 847 forte
1649 812 1686 848 in
1707 822 1748 847 ea
1764 812 1838 858 qui-

297 866 378 901 dam
400 867 562 912 opinione
584 866 713 902 fuerint
732 871 772 902 ut
785 868 910 903 Martio
932 880 1052 903 mense
1075 871 1239 915 perpetuo
1257 868 1499 904 celebrandum
1514 872 1683 916 putarent.
1714 868 1841 904 Scribit

295 924 389 958 enim
403 922 605 959 Philastrius
627 923 953 970 Quartadecimanos
976 924 1106 972 pascha
1125 936 1245 960 mense
1265 926 1390 961 Martio
1414 925 1656 962 celebrandum
1678 937 1838 961 asserere.

295 981 409 1026 Atque
423 979 509 1016 haec
523 982 590 1015 τῶν
606 981 996 1028 Τεσσαρεςκαιδεκατιτῶν
1015 993 1098 1018 vera
1112 987 1167 1017 est
1181 986 1216 1018 et
1231 993 1398 1029 germana
1413 983 1520 1019 notio.
1554 981 1627 1019 Sed
1643 986 1677 1018 et
1691 983 1760 1018 alia
1773 983 1842 1018 fuit

297 1037 419 1073 eodem
432 1038 602 1073 vocabulo
618 1038 867 1085 comprehensa
882 1039 1145 1086 depravatorum
1159 1040 1306 1075 istorum
1324 1040 1447 1083 factio,
1470 1051 1558 1087 quae
1579 1040 1668 1076 mira
1690 1039 1840 1087 quadam

295 1095 465 1130 abusione
487 1094 876 1137 Quartadecimanorum
895 1108 1023 1132 nomen
1045 1097 1180 1132 meruit.
1221 1097 1387 1132 Nonnulli
1407 1098 1533 1144 quippe
1554 1097 1757 1133 celebrando
1780 1108 1840 1144 pa·

296 1151 408 1187 achati
423 1155 556 1187 certum
571 1152 609 1187 in
625 1163 715 1187 anno
732 1153 865 1188 Iuliano
882 1153 973 1188 diem
989 1157 1199 1189 statuerunt:
1216 1156 1311 1190 velut
1325 1167 1400 1191 vm.
1417 1155 1492 1190 Kal.
1509 1158 1641 1191 autxv.
1659 1158 1719 1190 aut
1734 1167 1782 1199 x.,
1797 1154 1840 1190 de

297 1209 423 1256 quibus
438 1210 541 1255 paulo
562 1213 644 1256 post
665 1210 841 1256 agendum
862 1211 944 1254 erit,
967 1222 1054 1257 qnos
1077 1222 1197 1246 omnes
1213 1211 1424 1258 Epiphanius
1448 1212 1491 1247 ad
1515 1211 1841 1254 Quartadecimanos

295 1266 512 1313 aggregavit.
542 1267 659 1301 Tertia
674 1268 729 1310 τῆς
745 1270 803 1301 τοῦ
819 1265 941 1315 Πάσχα
957 1268 1151 1315 διαστροφῆς
1166 1269 1255 1304 ratio
1271 1272 1374 1316 atque
1389 1268 1557 1313 haeresis,
1579 1271 1619 1304 ut
1634 1280 1655 1304 a
1668 1269 1840 1316 prioribus

295 1323 447 1366 diversa,
471 1323 521 1358 sic
537 1323 927 1366 Quartadecimanorum
950 1325 1215 1372 appellationem
1236 1326 1362 1362 iustius
1378 1337 1483 1373 quam
1497 1327 1665 1373 posterior
1680 1325 1766 1362 haec
1781 1326 1841 1362 ob-

296 1381 435 1424 tinebit;
458 1391 547 1427 quae
563 1392 642 1416 cum
658 1381 856 1417 universam
871 1383 955 1418 olim
969 1383 1169 1426 ecclesiam,
1190 1387 1266 1418 tum
1286 1384 1468 1430 praecipue
1484 1383 1729 1419 occidentalem
1742 1395 1842 1419 exer·

297 1439 379 1475 cuit.
410 1439 508 1474 Hanc
523 1439 583 1484 qui
598 1439 708 1474 secuti
722 1442 819 1481 sunt,
841 1438 970 1486 pascha
986 1440 1038 1474 illi
1059 1440 1197 1486 quidem
1213 1441 1386 1476 dominico
1402 1441 1456 1476 die
1471 1441 1707 1484 celebrabant3
1728 1441 1790 1476 sed
1810 1441 1842 1476 si

294 1508 367 1532 xrv.
380 1497 464 1531 luna
477 1496 515 1530 in
530 1507 610 1531 eum
622 1496 714 1531 diem
729 1496 903 1540 incideret,
917 1508 989 1532 non
1004 1508 1049 1532 ex
1063 1498 1274 1545 praescripto
1287 1497 1458 1534 Nicaenae
1470 1498 1602 1544 Synodi
1616 1498 1652 1534 in
1663 1510 1736 1535 111.
1749 1497 1841 1534 diem

296 1553 516 1596 differebant,
539 1553 600 1588 sed
621 1554 659 1588 in
673 1554 822 1588 termino
838 1554 914 1600 ipso
930 1553 1059 1590 festum
1075 1555 1228 1592 obibant.
1259 1554 1358 1598 Quod
1379 1555 1417 1590 in
1434 1555 1547 1591 Gallia
1569 1555 1760 1602 quondam,
1780 1555 1839 1591 Hi-

296 1611 436 1658 spania,
459 1621 500 1645 ac
520 1611 723 1657 praesertim
744 1610 925 1646 Britannia
944 1612 1128 1659 plerosque
1150 1612 1304 1648 tenuisse
1325 1616 1494 1648 testantur
1514 1606 1647 1655 Bedae,
1670 1612 1841 1660 Sigeberti

296 1679 337 1704 ac
352 1672 565 1703 caeterorum
581 1668 720 1715 scripta.
744 1669 829 1704 Vide
844 1669 1014 1716 imprimis
1026 1669 1158 1705 Bedam
1172 1670 1195 1705 1.
1207 1682 1246 1706 11.
1261 1669 1352 1705 Eccl.
1368 1670 1456 1705 Hist.
1473 1681 1577 1712 c.111.,
1593 1673 1628 1705 et
1641 1669 1706 1707 l.v.
1724 1681 1839 1707 c.xV1.

296 1726 387 1761 Tum
399 1736 488 1772 quae
500 1725 544 1760 ad
555 1725 788 1773 Nicephorum
801 1730 880 1761 ante
892 1738 1020 1774 paucos
1034 1737 1144 1762 annos
1158 1727 1412 1764 adnotavimus.
1434 1727 1634 1763 Postremus
1647 1726 1688 1763 de
1701 1727 1841 1763 celebri-

295 1787 367 1818 tate
387 1782 560 1830 paschatis
577 1794 670 1818 error
685 1783 886 1819 Latinorum
907 1784 990 1828 fuit,
1015 1785 1075 1831 qui
1097 1795 1176 1820 cum
1196 1785 1233 1820 in
1255 1785 1399 1820 caeteris
1418 1785 1610 1821 Nicaenum
1625 1795 1793 1820 canonem
1807 1787 1844 1820 et

295 1840 500 1876 catholicam
515 1840 673 1887 regulam
689 1841 928 1884 observarent,
944 1841 1084 1877 Iudaico
1100 1846 1216 1878 tamen
1232 1843 1301 1878 ritu
1317 1843 1473 1878 citimum
1487 1843 1673 1879 terminum
1689 1845 1842 1878 antever-

294 1902 407 1933 tentes
428 1897 532 1945 primi
551 1898 683 1933 mensis
710 1899 929 1934 neomeniam
948 1911 981 1936 v.
1004 1899 1121 1935 Martii
1140 1900 1414 1944 constituebant,
1437 1911 1477 1935 ac
1499 1899 1585 1935 duos
1609 1910 1718 1936 annos
1749 1910 1843 1936 com-

295 1966 419 1991 munes
442 1954 636 1999 habebant,
658 1966 746 2002 quos
766 1956 891 2002 reliqui
911 1957 1184 2000 embolismicos3
1205 1957 1371 1993 nimirum
1393 1958 1488 2004 cyclo
1504 1969 1580 1994 vm.
1603 1967 1644 1993 ac
1660 1969 1732 1994 ιιι.
1773 1956 1843 1993 Ad-

295 2024 416 2048 versus
441 2024 528 2059 quos
551 2023 740 2060 eorumque
762 2013 970 2060 signiferum
990 2014 1202 2051 Victorinum
1224 2014 1376 2061 disputat
1397 2014 1493 2050 Beda
1514 2026 1585 2050 non
1606 2025 1675 2050 uno
1697 2014 1734 2050 in
1754 2014 1842 2051 loco.

294 2070 409 2117 Atque
424 2070 489 2106 etsi
503 2070 587 2105 luna
598 2082 670 2106 xrv.
683 2081 934 2118 nonnunquam
949 2071 1008 2107 isti
1022 2070 1151 2118 pascha
1162 2071 1334 2107 dominico
1351 2071 1405 2108 die
1420 2072 1648 2116 celebrarent,
1662 2082 1843 2118 nunquam

294 2131 413 2163 tamen
428 2131 508 2163 ante
530 2128 802 2175 aequinoctium:
827 2129 920 2175 qnod
942 2128 1060 2165 Iudaei
1081 2128 1302 2172 factitabant,
1324 2132 1364 2164 ut
1385 2129 1468 2165 alibi
1489 2129 1631 2165 dicetur.
1674 2128 1742 2164 Sed
1758 2128 1842 2165 haec

296 2195 384 2232 qnae
406 2184 448 2220 de
468 2185 601 2221 Latinis
623 2185 733 2221 obiter
753 2185 880 2221 iniecta
902 2189 999 2222 sunt:
1022 2186 1185 2221 nimirum
1206 2197 1265 2222 eos
1286 2197 1535 2233 nonnunquam
1557 2185 1694 2233 pascha-
1709 2186 1843 2222 decima

297 2246 420 2289 quarta
441 2243 525 2278 luna
543 2242 738 2290 peregisse,
759 2243 917 2279 cautione
939 2253 980 2279 ac
1000 2243 1218 2279 distinctione
1239 2254 1325 2291 opus
1348 2243 1486 2280 habent.
1516 2243 1655 2290 Duplex
1670 2244 1764 2280 enim
1777 2243 1842 2280 La-

296 2300 447 2335 tinorum
462 2300 517 2335 vel
532 2310 652 2336 eornm
668 2303 765 2335 secta
778 2300 845 2336 fnit
859 2300 919 2347 qui
934 2311 1013 2336 cum
1029 2300 1201 2337 dominico
1218 2301 1276 2336 diu
1291 2300 1421 2348 pascha
1436 2300 1660 2345 conficerent,
1683 2311 1704 2336 a
1726 2301 1842 2338 catho-

296 2357 370 2392 licis
393 2356 618 2393 nihilominus
640 2357 893 2405 discrepabant.
925 2357 1014 2394 Nam
1036 2358 1096 2394 alii
1111 2370 1181 2394 xrv.
1203 2358 1302 2402 luna,
1326 2358 1356 2394 si
1378 2358 1415 2394 in
1437 2357 1647 2394 dominicum
1667 2359 1841 2403 incideret,

296 2414 485 2450 celebritati
501 2414 681 2450 vacabant.
713 2414 780 2450 Alii
796 2414 934 2451 nonnisi
950 2415 1085 2451 decima
1100 2419 1201 2451 sexta
1215 2416 1313 2459 luna3
1337 2426 1423 2463 quos
1439 2415 1576 2463 proprie
1591 2414 1732 2452 Latinos
1747 2415 1843 2452 Beda

296 2476 332 2507 et
346 2472 518 2508 Victorius
539 2472 726 2519 appellant.
766 2472 919 2515 Quorum
942 2472 1098 2509 doctrina
1119 2472 1266 2509 breviter
1287 2472 1352 2509 hoc
1373 2473 1449 2509 loco
1471 2472 1677 2508 declaranda
1696 2473 1840 2511 videtur.

295 2529 499 2565 Latinorum
513 2530 621 2576 igitur
636 2530 720 2566 ritus
736 2529 772 2565 in
788 2529 995 2576 quibusdam
1011 2541 1092 2569 cum
1101 2530 1343 2567 Alexandrinis
1359 2530 1602 2574 conveniebat,
1617 2531 1653 2566 in
1669 2531 1746 2566 aliis
1760 2541 1842 2567 vero

297 2586 487 2623 differebat.
521 2587 758 2634 Congruebat,
782 2590 951 2634 quatenus
971 2574 1131 2625 non'fflo
1153 2587 1209 2624 die
1232 2598 1337 2635 quam
1358 2587 1527 2624 dominico
1549 2587 1678 2635 pascha
1693 2588 1843 2624 celebra-

299 2644 392 2686 bant,
408 2647 482 2679 tnm
496 2644 587 2691 quod
601 2654 778 2690 nunquam
791 2644 873 2680 luna
886 2657 967 2688 xiv„
983 2645 1204 2692 quantumvis
1216 2644 1406 2681 dominicus
1419 2644 1453 2680 in
1470 2654 1547 2680 eam
1559 2644 1630 2680 dies
1644 2645 1841 2682 incurreret.

298 2699 487 2735 Differebat
508 2711 588 2736 vero
615 2701 783 2748 primum,
815 2702 979 2749 quoniam
1009 2702 1145 2738 illorum
1176 2701 1355 2750 paschales
1387 2702 1587 2738 neomeniae
1619 2713 1659 2738 ac
1689 2702 1842 2739 decimae

297 2762 441 2804 quartae
457 2757 626 2794 Nicaenas
647 2760 925 2802 autumabant,
947 2759 983 2795 in
1004 2759 1110 2806 cyclis
1130 2759 1282 2803 duobus,
1303 2769 1427 2806 nempe
1443 2770 1514 2795 xix.
1531 2763 1566 2794 et
1581 2772 1671 2803 vnn,
1689 2760 1748 2807 qni
1763 2760 1841 2796 Ale-

297 2814 476 2850 xandrinis
498 2815 718 2851 embolimaei
740 2816 895 2860 ruerunt,
919 2816 1051 2852 Latini·
1073 2827 1286 2853 communes.
1332 2815 1600 2863 Respondebant
1620 2818 1712 2853 enim
1736 2817 1841 2864 cyclis

297 2870 497 2907 Latinorum
517 2884 583 2908 xvi.
601 2877 635 2908 et
652 2885 683 2910 v.
718 2872 917 2909 Latinorum
935 2873 1042 2909 Nisan
1059 2874 1155 2920 cyclo
1172 2872 1322 2917 Nicaeno
1340 2884 1410 2910 xrx.
1435 2873 1555 2920 quinto
1572 2874 1687 2909 Martii
1709 2873 1839 2910 mensis

297 2928 433 2964 initium
450 2927 581 2966 habuit.
614 2930 718 2976 cyclo
742 2934 857 2966 antem
880 2934 1000 2966 octavo
1017 2930 1185 2975 Nicaeno,
1208 2930 1407 2966 Latinorum
1430 2930 1568 2977 quinto,
1596 2931 1703 2967 Nisan
1725 2931 1841 2967 Martii

297 2997 344 3022 vr.
359 2986 588 3031 congruebat,
611 2987 670 3033 qni
692 2987 765 3022 dies
785 2991 884 3022 extra
899 2986 1094 3035 paschalem
1111 2986 1418 3023 Alexandrinorum
1433 2987 1620 3023 terminum
1636 2989 1839 3024 consistunt.

297 3042 481 3090 Propterea
504 3042 538 3078 in
559 3043 659 3078 annis
676 3043 743 3079 illis
759 3044 871 3080 Latini
889 3055 956 3081 uno
974 3055 1092 3081 mense
1108 3042 1236 3092 pascha
1251 3043 1438 3080 Nicaenum
1455 3044 1700 3091 anticipabant.
1731 3044 1841 3091 Igitur

297 3100 498 3136 neomeniae
514 3098 693 3147 paschales
708 3100 909 3137 Latinorum
926 3112 948 3137 a
964 3114 994 3138 v.
1010 3102 1127 3139 Martii
1142 3100 1185 3138 ad
1200 3113 1237 3140 rr.
1251 3101 1376 3149 Aprilis
1393 3112 1517 3138 novem
1533 3105 1567 3137 et
1583 3102 1705 3149 viginti
1720 3102 1840 3139 diebus
