2008 3294
1520 232 1655 268 LXXX
1661 231 1708 266 111

154 344 304 390 gelium,
325 342 388 378 sed
399 341 539 388 Ephesi.
571 340 692 387 Neque
707 351 789 376 vero
804 339 870 375 sub
887 338 1050 380 Claudio,
1074 338 1135 373 sed
1158 338 1225 373 sub
1246 337 1359 373 Nerva
1375 337 1518 372 Cocceio
1539 337 1584 371 ab
1606 336 1710 370 exilio

154 412 313 436 reversus
329 402 398 436 eat:
414 398 575 445 quamvis
591 398 717 433 iterum
731 399 854 445 postea.
867 395 934 431 nub
950 394 1094 430 Claudio
1109 398 1308 431 revocatum
1325 395 1458 430 asserit.

245 457 288 494 N.
306 469 376 493 xxv.
410 455 523 491 Ταῦτα
545 453 577 488 ἐν
600 454 803 501 Βηθαβαρᾷ.]
845 451 998 499 Utraque
1013 463 1084 487 vox
1100 456 1135 487 et
1150 452 1348 487 Bethabara
1367 456 1401 487 et
1421 451 1594 487 Bethania
1622 451 1713 497 apud

156 515 318 560 antiquos
333 510 511 561 reperitur.
540 512 627 547 Vide
644 522 734 558 quae
750 511 796 552 de
805 508 871 547 hoe
886 510 962 546 loco
978 509 1146 556 scripsere
1160 510 1293 545 Masius
1310 505 1344 544 et
1360 509 1534 544 Serrarius
1549 509 1586 544 in
1602 507 1714 550 Iosue,

156 571 311 607 ualdon.
329 574 366 606 et
377 570 518 606 Toletus
533 569 570 604 iu
585 569 719 615 Evang.

248 626 322 662 Ἵνα
337 627 422 674 δείξῃ
446 626 528 673 μετὰ
543 623 600 666 τὰς
622 623 891 674 τεσσαράκοντά]
936 622 1121 671 Epiphanii
1144 625 1318 659 sententia
1340 624 1424 660 haec
1447 628 1516 667 est,
1540 623 1715 659 Christum

158 689 242 732 post
253 697 299 721 11.
316 684 449 720 dierum
463 682 631 719 ieiunium
651 687 686 719 et
700 682 925 720 tentationem
947 682 983 716 iu
1002 681 1196 716 Galilaeam
1218 692 1294 716 esse
1317 682 1529 728 profectum,
1550 681 1717 717 indidem-

159 753 227 789 que
242 741 287 778 ad
301 741 469 777 Ioannem
485 745 520 776 et
534 741 719 776 Iordanem
732 739 933 782 reveniam
947 749 1018 785 quo
1032 742 1191 785 tempore
1206 739 1354 774 Ioannes
1370 740 1468 774 inum
1483 740 1630 774 intuitus
1644 750 1718 774 rur-

159 810 239 835 sum
260 799 302 834 de
322 799 399 845 ipso
421 802 570 834 testatus
595 801 664 840 est,
688 798 807 833 Ioann.
823 808 852 840 r,
874 795 930 832 86.
979 796 1069 831 'rum
1091 796 1185 830 enim
1206 797 1443 831 ambulantem
1460 797 1588 831 vidisse
1604 797 1718 832 Iesum

159 857 280 893 scribit
293 856 452 892 Ioannes.
489 855 536 890 At
550 854 762 902 Epiphanius
774 854 830 891 29.
845 852 950 890 et'30.
968 856 1144 888 commata
1164 863 1245 888 cum
1261 852 1315 887 35.
1332 857 1368 887 et
1381 853 1436 888 36.
1459 853 1657 891 confudisse
1669 853 1720 889 vi-

161 913 276 957 detur,
301 923 382 949 oum
404 924 449 948 ex
473 912 655 958 evangelio
669 912 801 959 profert
814 913 854 959 τῇ
869 907 956 956 ἄλλῃ
975 909 1082 957 ἡμέρᾳ
1097 907 1142 950 ὡς
1159 905 1240 944 εἶδεν
1257 909 1356 945 αὐτὸν
1374 914 1632 957 περιπατοῦντα»,
1646 908 1720 958 ἔφη,

161 965 258 1011 οὗτός
274 968 342 1005 iou
356 973 422 1007 etc.
455 968 551 1012 Quae
567 969 712 1005 diversis
726 969 765 1004 in
779 967 1010 1005 commatibus
1026 967 1200 1015 leguntur.
1244 967 1350 1002 Porro
1366 979 1430 1014 pro
1446 979 1488 1003 eo
1505 968 1598 1014 quod
1613 967 1721 1014 vulgo

162 1027 328 1074 scriptum
341 1030 413 1070 est,
435 1029 475 1072 τῇ
492 1024 661 1073 ἐπαύριον,
683 1025 898 1073 Epiphanius
918 1025 1006 1071 legit
1019 1026 1059 1071 τῇ
1077 1021 1162 1071 ἄλλῃ
1179 1023 1302 1071 ἡμέρᾳς
1326 1025 1395 1059 uisi
1416 1035 1458 1059 ea
1480 1026 1597 1071 potius
1612 1026 1723 1061 ‘viater-

162 1084 310 1132 pretatio
326 1084 382 1119 ait.
414 1083 460 1118 Ut
475 1087 510 1118 et
524 1088 643 1119 noster
658 1083 848 1131 Interpres:
870 1082 1078 1117 Aueroedie.
1109 1082 1155 1116 At
1169 1081 1283 1128 prima
1302 1081 1499 1117 testificatio
1522 1083 1627 1128 paulo
1644 1086 1725 1130 post

163 1141 380 1188 baptismum
395 1141 487 1176 facta
502 1141 647 1177 videtur.
679 1139 777 1176 Unde
798 1140 888 1175 inter
910 1128 1122 1185 baptismum
1137 1138 1266 1174 Christi
1288 1150 1328 1174 ac
1352 1140 1501 1185 primam
1516 1140 1612 1174 illam
1628 1140 1724 1175 teati-

163 1198 364 1235 fioationem
387 1202 422 1234 et
443 1199 681 1244 apostolorum
699 1197 919 1234 vocationem
939 1195 1191 1243 profectionem
1212 1196 1251 1231 in
1273 1196 1466 1231 Galilaeam
1487 1197 1725 1232 intercessisse

165 1259 266 1302 putat
283 1254 510 1303 Epiphanius.
563 1255 614 1290 De
642 1266 712 1301 qua
738 1253 952 1302 profectione
974 1252 1067 1288 haud
1091 1253 1163 1288 seio
1187 1263 1232 1288 an
1254 1253 1481 1300 interpretum
1503 1254 1727 1289 doctorumve

166 1313 353 1360 quisquam
366 1313 587 1349 meminerit.·
600 1312 670 1348 Sed
679 1322 793 1358 neque
804 1311 944 1346 Ioannis
957 1311 1063 1346 verba
1073 1311 1128 1345 vel
1143 1311 1326 1346 minimam
1340 1311 1415 1346 eius
1432 1311 1726 1357 significationem

168 1369 251 1405 dare
266 1369 353 1405 mihi
366 1369 538 1406 videntur.
568 1369 655 1406 Vide
668 1367 773 1406 num.
789 1380 878 1411 xva,
900 1368 961 1403 ubi
981 1368 1177 1403 accuratius
1200 1378 1242 1402 ea
1262 1371 1459 1415 temporum
1482 1369 1663 1403 intervalla
1678 1369 1727 1403 di-

166 1430 345 1474 geruntur.
377 1427 460 1462 Post
480 1427 693 1473 baptismum
707 1437 753 1462 11.
770 1425 904 1461 dierum
924 1425 1094 1460 ieiunium
1115 1425 1283 1472 sequitur,
1303 1428 1379 1460 tum
1403 1425 1635 1461 hebdomades
1657 1426 1730 1461 fere

168 1484 274 1527 duae,
291 1484 418 1531 quibus
430 1483 591 1519 Nazareti
605 1483 643 1519 in
656 1484 769 1531 patria
778 1483 880 1519 vixit.
904 1483 994 1518 Hine
1010 1482 1237 1518 ad‘Ioanuem
1252 1483 1446 1526 revertitur,
1463 1494 1485 1518 a
1501 1494 1570 1529 quo
1587 1484 1729 1530 agnitus

171 1551 212 1576 ac
229 1541 488 1577 demonstratus
505 1544 575 1584 est,
599 1551 640 1576 ae
654 1544 738 1577 tunc
753 1540 907 1575 Andreas
922 1540 1023 1576 illum
1038 1550 1118 1574 cum
1134 1540 1228 1575 socio
1244 1543 1384 1575 secutus
1401 1544 1470 1583 est,
1493 1540 1574 1575 inde
1589 1541 1728 1583 Petrus3
1764 1550 1790 1575 1>-
1809 1543 1851 1568 ⁹¹·

170 1590 252 1646 post
264 1598 444 1645 Philippus
460 1608 501 1633 ac
517 1597 724 1641 Nathanael,
741 1597 932 1633 secundum
947 1607 1038 1644 quae
1051 1597 1184 1644 nuptiis
1199 1597 1368 1634 interfuit.
1401 1597 1497 1640 Quae
1514 1598 1631 1633 omnia
1646 1599 1730 1633 duo—

172 1666 249 1691 rum
265 1666 286 1691 a.
303 1655 478 1702 baptismo
499 1655 675 1691 mensium
695 1655 876 1690 intervallo
898 1658 1001 1701 gesta
1021 1657 1138 1701 putat,
1162 1653 1227 1689 hoc
1250 1659 1303 1689 est
1318 1666 1430 1702 usque
1445 1655 1489 1690 ad
1506 1668 1551 1690 vr.
1568 1655 1730 1698 Ianuarii,

173 1722 242 1760 quo
258 1713 314 1748 die
328 1713 459 1760 nuptiis
474 1712 649 1755 interfuit,
673 1723 754 1748 cum
768 1724 818 1748 vr.
832 1711 907 1748 Eid.
923 1711 1108 1755 novemb„
1125 1714 1164 1747 ut
1179 1711 1364 1747 arbitratur
1378 1712 1612 1759 Epiphanius,
1636 1724 1658 1748 a
1678 1713 1730 1748 Io-

173 1781 264 1806 anne
277 1769 473 1817 baptisatus
488 1773 591 1806 esset.
622 1769 842 1816 Colliguntur
856 1769 930 1804 dies
946 1781 1004 1804 nx.
1019 1768 1191 1804 Nimirum
1206 1780 1252 1804 ιι.
1267 1769 1403 1812 ieiunii,
1418 1772 1495 1804 tum
1511 1782 1582 1813 xxv,
1606 1770 1731 1817 quibus

173 1827 215 1864 iu
224 1827 338 1874 patria
353 1826 511 1863 Galilaea
526 1826 691 1862 constitit.
729 1826 858 1861 Postea
872 1825 1018 1861 biduum
1039 1836 1108 1873 quo
1130 1825 1174 1861 ad
1193 1825 1361 1862 Ioannem
1382 1827 1539 1863 accessit.
1577 1827 1665 1862 Item
1680 1828 1731 1862 bi-

174 1884 282 1919 duum
297 1883 408 1927 aliud,
430 1894 511 1919 oum
525 1883 700 1926 Andreas,
723 1883 804 1919 inde
819 1882 960 1926 Petrus,
984 1894 1061 1918 sese
1083 1883 1127 1918 ad
1144 1894 1225 1918 eum
1245 1884 1473 1931 applicarunt.
1519 1883 1637 1919 Altera
1650 1895 1731 1919 vero

175 1941 229 1976 die
245 1939 423 1988 Philippus
439 1950 480 1975 ac
497 1939 692 1975 Nathanael
701 1940 828 1976 vocati.
853 1939 1012 1987 Denique
1026 1940 1128 1975 tertio
1145 1940 1199 1976 die
1215 1944 1295 1987 post
1309 1941 1471 1976 ultimum
1487 1941 1572 1976 illud
1589 1941 1733 1976 biduum

174 1998 317 2045 nuptiae
334 1998 550 2033 subsecutae.
580 1997 633 2032 Ita
648 2009 695 2032 nx
710 1997 783 2032 dies
800 1998 994 2044 explentur.

264 2054 307 2092 N.
321 2067 378 2092 xv.
397 2053 458 2090 Καὶ
469 2053 587 2091 λοιπὶν
599 2055 718 2101 mpsim
730 2052 821 2099 ἐκεῖ]
846 2054 929 2091 Post
939 2055 1142 2102 nuptiarum
1154 2054 1310 2092 offioium
1321 2055 1478 2092 Christus
1492 2055 1735 2103 capharnaum

176 2124 252 2148 sese
274 2112 434 2155 contulit,
457 2111 518 2146 ubi
538 2111 698 2158 prodigia
718 2112 830 2147 multa
850 2116 987 2158 patrata
1002 2113 1108 2147 credit
1123 2111 1356 2159 Epiphanius,
1379 2113 1475 2148 velut
1495 2125 1574 2149 cum
1596 2126 1735 2149 socrum

176 2170 267 2206 Petri
280 2169 485 2205 febrientem
498 2169 633 2204 curavit
651 2171 687 2203 et
700 2169 834 2204 aridam
844 2167 997 2204 hominis
1012 2179 1156 2205 manum
1170 2166 1334 2206 restituit.
1371 2169 1440 2206 Sed
1455 2182 1637 2218 perperam
1649 2170 1734 2206 baec

178 2227 245 2262 duo
261 2226 428 2262 miracula
442 2226 480 2261 in
493 2225 588 2260 idem
602 2228 740 2273 tempus
756 2226 924 2261 coniecta.
955 2224 1046 2261 Nam
1060 2227 1207 2263 alterum
1218 2253 1227 2270 ,
1248 2226 1314 2262 hoc
1337 2231 1390 2262 est
1412 2228 1528 2263 aridae
1543 2239 1668 2263 manus
1684 2239 1735 2262 re-

179 2283 331 2326 stitutio,
350 2283 456 2330 longe
469 2286 552 2330 post
566 2283 660 2330 prius
683 2282 770 2318 illud
791 2283 954 2330 contigit,
975 2283 1141 2320 nimirum
1164 2283 1410 2331 post¹pascha3
1431 2285 1623 2320 secundum
1645 2285 1737 2331 quod

179 2343 330 2388 persata
344 2350 424 2376 oum
439 2340 616 2387 discipulis
631 2339 779 2375 transiit.
812 2339 882 2375 Sed
897 2340 940 2375 de
955 2340 998 2376 iis
1013 2345 1136 2388 postea
1151 2341 1196 2376 ad
1211 2352 1308 2378 num.
1327 2353 1436 2378 xxvn.
1474 2342 1644 2388 Imposuit
1657 2342 1736 2389 Epi·

179 2397 307 2444 phanio
321 2397 507 2445 mulflplex
523 2407 563 2432 ac
579 2397 734 2432 diversus
749 2396 794 2432 ad
810 2396 1053 2444 Gapharuaum
1069 2398 1184 2434 aditus
1200 2397 1341 2435 Christi.

271 2453 436 2489 Ἐντεῦθεν
446 2453 511 2502 γὰρ
528 2454 582 2488 καὶ
598 2452 769 2498 ἐπέκεινα]
814 2453 870 2489 Ex
889 2454 934 2490 iis
958 2465 1049 2501 quae
1071 2455 1210 2490 disserit
1223 2455 1438 2502 Epiphanius
1463 2455 1610 2491 efficitur
1632 2455 1737 2502 paulo

181 2515 265 2559 post
274 2512 396 2547 ultimo
410 2514 553 2546 vocator
580 2521 621 2547 ac
639 2509 707 2546 sibi
722 2511 903 2562 adiunctos
919 2512 1114 2558 apostolos,
1137 2512 1294 2554 Petrum,
1318 2512 1493 2547 Andream
1515 2516 1550 2547 et
1570 2517 1738 2556 caeteros,

182 2570 225 2604 ad
239 2568 531 2617 praedicationem
546 2578 771 2614 aggressum,
793 2568 900 2603 etiam
921 2572 1109 2615 antequam
1123 2569 1272 2603 Ioannes
1294 2569 1330 2603 in
1346 2569 1486 2604 vincula
1502 2570 1738 2606 coniiceretur.

183 2626 234 2662 De
243 2636 320 2673 ,qua
333 2637 370 2661 re
384 2625 611 2672 postmodum
627 2629 761 2671 agetur,
784 2627 824 2660 ut
846 2628 882 2660 et
897 2624 939 2661 de
953 2626 1062 2660 natali
1078 2624 1207 2661 Christi
1221 2636 1261 2660 ac
1278 2636 1359 2662 vero
1376 2626 1542 2673 baptismi
1557 2631 1593 2662 et
1606 2629 1738 2675 passio-

184 2693 239 2718 ms
253 2693 356 2720 anno.

222 2743 236 2762 '-
273 2739 315 2775 N.
331 2750 403 2776 ιη.
437 2739 516 2787 Περὶ
531 2739 605 2774 θεοῦ
621 2741 671 2785 τῷ
688 2738 871 2785 πνεύματι]
909 2738 1050 2774 Praeter
1071 2739 1306 2775 coniecturam
1326 2739 1425 2776 illam
1449 2751 1556 2788 quam
1576 2742 1621 2777 ad
1643 2754 1740 2778 oram

186 2796 405 2833 adtexuimus
420 2797 570 2832 occurrit
584 2796 689 2832 scribi
702 2806 807 2842 posse
822 2794 894 2841 περὶ
910 2790 950 2828 οὗ
966 2798 1016 2841 τῷ
1032 2806 1085 2829 πν.

277 2853 338 2888 Καὶ
348 2852 514 2894 ἐξελέξατο
525 2854 583 2887 τὸν
595 2853 745 2899 Πέτρον]
781 2852 953 2898 Egregius
968 2851 1024 2886 hic
1040 2853 1137 2887 locus
1145 2879 1154 2896 ,
1171 2863 1216 2888 ex
1228 2863 1296 2900 quo
1308 2853 1419 2900 liquet
1429 2854 1569 2891 Petrum
1584 2857 1741 2893 Andreae

190 2921 230 2945 ao
244 2910 389 2946 caeteris
404 2911 571 2957 apostolis
593 2921 665 2946 non
681 2909 804 2945 aetatis
821 2912 882 2944 aut
894 2909 1086 2944 vocationis
1103 2909 1239 2954 ordine,
1251 2910 1323 2946 ‘sed
1343 2912 1555 2959 principatus
1572 2924 1612 2948 ac
1629 2908 1740 2961 digni-

190 2968 288 3010 tatis,
305 2968 478 3014 anteponi.

281 3023 371 3058 Φασὶ
387 3023 448 3071 γὰρ
466 3024 570 3064 οὕτως
587 3023 618 3058 οἱ
634 3021 756 3067 ἄλλοι]
779 3023 907 3058 Mirum
923 3027 976 3059 est
992 3024 1083 3071 quod
1099 3023 1163 3060 hoc
1178 3025 1255 3060 loco
1271 3027 1396 3061 asserit
1410 3028 1560 3073 primum
1571 3029 1741 3065 Herodem

192 3081 324 3126 fugisse
334 3107 342 3122 ‚
358 3084 479 3127 postea
489 3081 696 3116 Nazaretum
705 3106 714 3123 ,
731 3081 810 3116 iude
823 3081 866 3115 ad
879 3082 1089 3128 baptismum
1101 3082 1304 3127 accessis-⁴303
1321 3094 1410 3129 quae
1423 3095 1536 3131 neque
1548 3097 1628 3122 cum
1639 3097 1741 3122 evau-

1421 3152 1474 3186 FO
