2008 3294
346 210 466 248 cch

345 322 443 361 ptore
465 315 556 349 falsa
578 313 710 348 Meletii
731 317 810 348 acta
832 313 1026 360 conscripta
1047 313 1176 356 fuisse,
1198 313 1236 348 in
1259 313 1385 359 quibus
1407 313 1645 360 turpissimam
1667 312 1818 348 hominis
1840 313 1892 348 in-

344 372 486 406 famiam
506 374 542 405 et
563 371 773 405 execrabilia
793 370 950 405 facinora
970 371 1185 406 dissimulare
1209 374 1355 405 conatus
1376 374 1440 407 est.
1486 370 1527 406 In
1542 381 1584 406 ea
1599 381 1679 406 cum
1694 369 1893 417 imprudens

344 428 523 462 incidisset
532 426 762 473 Epiphanius,
775 436 898 462 ¹veram
908 437 949 462 ac
961 428 1133 463 sinceram
1144 428 1242 462 illam
1253 437 1331 462 esse
1345 427 1581 462 narrationem
1595 428 1726 462 frustra
1741 427 1894 462 credidit.

347 485 445 526 Quod
459 485 593 519 utinam
609 485 642 518 ei
655 484 692 518 iu
715 487 868 519 mentem
889 495 961 519 non
975 485 1144 519 venisset!
1188 484 1340 519 Pessime
1364 484 1503 530 quidem
1527 484 1569 519 de
1591 484 1744 520 humano
1768 494 1894 531 genere

344 545 520 576 merentur
542 542 609 584 illi,
634 541 972 589 qui‚sacrosanctam
994 540 1159 576 historiae
1182 541 1362 576 veritatem
1385 540 1572 576 mendaciis
1595 545 1786 588 aspergunt
1807 542 1893 577 suis.

348 599 418 633 Sed
433 599 543 633 multo
559 598 754 633 detestandi
767 599 882 644 magis
897 609 939 633 ac
954 599 1092 645 publice
1114 598 1293 634 coercendi
1307 597 1466 633 videntur
1482 599 1543 645 qui
1559 599 1604 634 ad
1616 599 1811 633 falsitatem
1830 598 1896 632 im-

345 656 484 702 pietatis
500 666 542 690 ac
555 655 730 701 sacrilegii
744 655 875 690 crimen
890 655 1101 702 adiungunt,
1125 656 1208 690 dum
1229 666 1284 690 res
1305 654 1555 690 haereticorum
1570 655 1751 691 hominum
1773 665 1896 690 eorun-

346 713 494 758 demque
517 723 659 747 caussas
683 723 724 747 ac
745 723 914 758 personas
937 713 1016 747 stilo
1041 723 1104 747 suo
1128 724 1199 747 non
1222 712 1325 747 modo
1347 712 1546 755 sublevant,
1568 712 1630 747 sed
1651 713 1756 748 etiam
1776 715 1896 747 contra

346 770 452 804 fidem
466 770 622 804 veritatis
637 773 820 804 exornant.
843 769 1048 804 Cuiusmodi
1063 773 1177 804 aetate
1192 773 1313 804 nostra
1328 770 1521 816 complures
1536 769 1700 804 historiae
1715 769 1895 816 prodeunt,

346 837 368 862 a
387 826 584 870 catholicis,
603 830 643 861 ut
656 826 764 861 videri
776 827 916 869 volunt,
939 831 975 861 et
996 827 1174 861 Romanae
1197 826 1450 861 communionis
1470 825 1669 861 hominibus
1685 826 1814 869 editae,
1835 825 1895 860 sed

346 895 435 930 quae
452 883 649 919 Genevensi
662 884 780 929 aliquo
795 887 967 918 conventu
982 883 1170 918 meditatae
1185 883 1400 929 dictetaeque
1413 880 1607 918 videanturss
1630 883 1784 925 Quarum
1797 893 1896 929 prae·

346 941 568 976 dicandarum
583 940 691 976 finem
705 941 840 975 nullum
855 939 1020 975 haeretici
1040 941 1107 987 ipsi
1130 941 1264 975 faciunt
1285 939 1462 983 catholici,
1483 951 1554 975 non
1577 943 1618 975 ut
1638 943 1817 986 suspectas
1841 950 1896 974 so-

346 999 419 1033 lum
427 1025 436 1042 ,
452 998 514 1034 sed
529 1002 568 1033 ut
577 998 704 1044 impias
716 1008 756 1032 ac
769 997 950 1032 damnatas
963 1001 1181 1034 execrantur.
1204 997 1385 1032 Eiusmodi
1396 997 1583 1032 Meletiana
1592 997 1653 1032 illa
1662 997 1731 1032 fuit
1739 997 1896 1039 historia,

346 1066 437 1102 quae
452 1056 712 1090 sanctissimum
726 1055 840 1090 virum
854 1055 891 1090 in
907 1065 1059 1090 errorem
1075 1055 1228 1090 adduxit.
1274 1054 1364 1089 Nam
1386 1054 1498 1100 qualis
1513 1065 1634 1090 revera
1647 1053 1808 1089 Meletius
1822 1053 1897 1088 fne-

346 1113 409 1155 rit,
431 1123 565 1159 quaeve
579 1112 775 1147 concitandi
790 1110 988 1147 schismatis
1005 1113 1141 1147 occasio
1158 1123 1198 1146 ac
1214 1112 1429 1158 progressio,
1449 1112 1559 1146 multo
1582 1111 1708 1146 certius
1731 1121 1777 1146 ex
1792 1109 1897 1145 Atha-

345 1170 438 1204 nasii
459 1170 596 1216 scriptis
627 1172 731 1215 atque
755 1180 799 1204 ex
823 1168 966 1204 Nicaeni
985 1169 1125 1204 concilii
1147 1169 1320 1215 synodicis
1342 1169 1451 1204 literis
1473 1168 1622 1214 intelligi
1643 1171 1768 1215 potest.
1809 1167 1898 1204 Vide

344 1227 488 1262 omnino
504 1237 594 1273 quae
607 1226 677 1261 illic
693 1236 715 1260 a
729 1226 881 1261 Baronio
896 1226 1157 1261 accuratissime
1172 1226 1400 1272 disputantur.

435 1283 479 1320 N.
495 1295 519 1320 1.
553 1283 661 1317 Τοῦτο
676 1280 739 1328 γὰρ
755 1281 827 1323 ἔθος
843 1281 895 1317 ἐπὶ
910 1282 967 1316 τὸν
983 1280 1016 1316 ἐν
1031 1286 1071 1330 τῇ·
1087 1281 1339 1329 Ἀλεξανδρείᾳ]
1377 1283 1435 1318 Sic
1450 1283 1487 1318 in
1502 1293 1632 1330 magno
1648 1281 1800 1318 Nicaeno
1815 1292 1898 1317 eon·

347 1341 426 1376 cilio
441 1340 527 1376 Gan.
539 1352 587 1376 vr.
604 1339 645 1374 τὰ
659 1338 784 1386 ἀρχαῖα
798 1338 854 1383 ἔθη
871 1339 1028 1386 κρατείτω
1044 1338 1085 1374 τὰ
1100 1338 1132 1374 ἐν
1147 1338 1304 1386 Αἰγύπτῳ
1322 1340 1375 1374 καὶ
1390 1339 1490 1386 Λιβύῃ
1507 1339 1561 1374 καὶ
1577 1338 1796 1386 Πενταπόλει,
1809 1338 1898 1374 ὥστε

346 1398 403 1432 τὸν
419 1396 451 1431 ἐν
467 1396 694 1443 Ἀλεξανδρείᾳ
708 1395 886 1431 ἐπίσκοπον
902 1395 1033 1432 πάντων
1049 1397 1176 1431 τούτων
1191 1394 1275 1443 ἔχειν
1291 1395 1349 1441 τὴν
1369 1395 1524 1437 ἐξουσίαν.
1570 1397 1676 1432 Porro
1697 1397 1735 1432 in
1754 1396 1798 1432 iis
1819 1407 1898 1442 pm-

345 1455 468 1489 vinciis
487 1454 721 1496 recensendis,
744 1464 834 1500 quae
848 1453 1080 1489 Alexandriae
1101 1454 1376 1496 contribuuntur,
1397 1453 1741 1488 animadvertendum
1757 1456 1827 1496 est,
1847 1452 1898 1488 di-

346 1512 479 1557 stingui
494 1512 539 1546 ab
554 1510 746 1557 Epiphanio
761 1510 819 1555 τὴν
835 1510 1017 1557 Μαρεώτην
1033 1514 1070 1546 et
1083 1510 1141 1554 τὴν
1158 1509 1364 1558 Μαρεώτιδα.
1394 1510 1613 1546 Ptolemaeus
1628 1511 1687 1546 lib.
1701 1522 1748 1547 ιν.
1763 1510 1898 1546 Mareo-

346 1569 452 1604 tidem
475 1572 512 1603 et
533 1569 749 1604 Maraeotam
771 1569 830 1603 ita¹
844 1568 1026 1611 discernit,
1049 1572 1088 1603 ut
1109 1568 1296 1603 Maraeotis
1321 1567 1486 1614 oppidum
1509 1568 1555 1603 sit
1576 1567 1708 1614 Lybiae
1729 1566 1897 1610 Numidis,

347 1626 440 1660 haud
454 1626 575 1672 procul
589 1626 634 1660 ab
651 1625 784 1668 Oasite,
808 1630 846 1660 at
861 1623 879 1659 ὁ
896 1624 1076 1672 Μαρεώτης
1091 1625 1270 1672 provincia
1287 1625 1350 1668 sit,
1373 1625 1446 1660 sive
1467 1624 1599 1660 Nemus
1619 1635 1661 1660 ac
1681 1624 1898 1671 praefectura

347 1683 393 1718 ad
416 1683 581 1726 Mariam,
604 1683 677 1718 sive
700 1682 927 1718 Mareotidem
950 1683 1084 1725 lacum,
1108 1692 1197 1728 quae
1219 1682 1256 1717 in
1271 1682 1430 1728 Aegypto
1454 1685 1624 1717 censetur.
1667 1681 1800 1717 Plinius
1816 1692 1896 1718 vero

347 1741 523 1776 Mareotes
537 1740 632 1775 velut
646 1740 813 1786 populum
829 1739 1003 1786 quendam
1018 1740 1056 1774 in
1070 1739 1259 1774 Mareotide
1274 1739 1385 1785 Libya
1400 1739 1548 1774 collocat
1559 1739 1621 1775 lib.
1635 1751 1668 1774 v.
1683 1749 1759 1786 cap.
1771 1750 1818 1774 vr.

438 1797 481 1832 N.
496 1810 536 1832 11.
567 1797 814 1843 Παραπεσόντες
839 1793 895 1831 οὖν
923 1796 977 1831 καὶ
1000 1796 1178 1841 θύσαντες]
1225 1796 1381 1832 Tametsi
1406 1795 1642 1843 impetrandae
1667 1796 1898 1842 poenitentiae

346 1866 472 1890 caussa
485 1854 530 1889 ad
545 1858 715 1900 martyres
729 1854 854 1890 iccirco
870 1853 1070 1900 confugisse
1084 1853 1193 1889 videri
1206 1853 1361 1901 possint,
1385 1853 1478 1900 quod
1492 1853 1598 1888 iidem
1611 1853 1664 1888 illi
1678 1853 1832 1901 episcopi
1842 1852 1898 1889 Ιο-

348 1916 440 1955 rent,
462 1923 483 1946 a
503 1912 628 1958 quibus
650 1911 685 1946 id
709 1911 855 1946 obtineri
879 1911 1015 1955 debuit;
1038 1909 1264 1946 nihilomiuus
1280 1914 1432 1946 veterem
1453 1910 1496 1945 ad
1511 1910 1616 1945 ritum
1631 1909 1791 1946 fortassis
1803 1910 1898 1947 istud

347 1969 511 2015 pertinet,
534 1979 603 2014 quo
626 1969 742 2015 lapsos
763 1967 808 2003 ad
831 1971 1001 2014 martyres
1024 1967 1150 2004 adiisse
1173 1968 1320 2011 scimus,
1343 1970 1384 2003 ut
1397 1967 1442 2003 ab
1456 1967 1500 2002 iis
1515 1967 1652 2003 libellos
1666 1967 1839 2003 solium
1853 1967 1896 2002 ad

347 2025 519 2063 antistites
533 2029 705 2072 peterent,
720 2036 869 2071 quorum
884 2025 1051 2061 beneficio
1066 2025 1104 2061 in
1118 2025 1295 2071 integrum
1310 2025 1578 2060 restituerentur.
1622 2023 1674 2060 De
1690 2021 1897 2071 quibus&—

349 2094 458 2130 quens
473 2087 527 2118 est
541 2082 634 2129 apud
649 2081 862 2129 Cyprianum
871 2107 881 2124 ,
895 2081 1147 2117 Tertullianum
1161 2091 1202 2117 ac
1219 2086 1372 2117 caeteros
1386 2081 1528 2132 mentio.
1698 2117 1703 2122 .

439 2138 488 2174 Οὖ
505 2138 568 2187 μὴν
580 2139 636 2173 ἵνα
651 2138 787 2179 ἕκαστος
803 2137 966 2185 &eunom
998 2137 1123 2174 Clerici
1136 2141 1216 2185 post
1229 2133 1477 2184 poenitentiam
1488 2136 1669 2185 'publicam
1679 2136 1897 2187 adnpmmu·

348 2197 490 2233 nionem
504 2196 628 2232 laicam
643 2206 893 2243 nonnunquam
907 2194 1048 2231 redacti.
1076 2195 1173 2231 Alias
1189 2194 1319 2231 honore
1340 2205 1382 2230 ac
1403 2193 1575 2241 dignitate*
1591 2193 1781 2255 ιιιιόἰᾎιῑ),
1793 2190 1898 2232 ὀιιιηὶ

348 2254 527 2289 functione
550 2252 721 2289 duntaxat
742 2256 778 2288 et
797 2251 1095 2288 administratione
1117 2251 1283 2288 summoti
1299 2255 1391 2288 sunt.
1420 2251 1643 2297 ancyranum
1656 2254 1755 2299 como.
1768 2251 1854 2300 Qun.
1869 2264 1895 2290 1.

349 2311 571 2357 Presbyteros
587 2309 798 2346 sacrificatos
807 2336 816 2354 ‚
833 2309 893 2356 qui
908 2313 1030 2356 postea
1044 2308 1087 2344 ad
1104 2313 1276 2345 certamen
1291 2307 1470 2351 redierint,
1484 2308 1582 2343 iubet
1596 2310 1652 2353 τῆς
1660 2307 1722 2356 μὶν
1734 2311 1829 2357 τιμῆς
1839 2310 1895 2353 τῆς

350 2366 434 2403 κατὰ
448 2366 606 2414 καθέδραν
623 2366 783 2415 μετίχιιν,
804 2365 991 2414 προςφίριιν
1013 2365 1049 2402 ai
1070 2365 1207 2412 αὐτοὺς,
1229 2366 1251 2411 ἢ
1269 2363 1408 2413 ὁμιλαν,
1424 2365 1445 2410 ἢ
1461 2363 1548 2406 ὅλως
1564 2364 1768 2413 λιυτουργέῐν
1784 2377 1814 2401 τι
1829 2368 1896 2402 τῶν

348 2424 516 2472 ίιρατικῶν
533 2423 577 2471 μὴ
594 2423 716 2465 ἐξεῖναι.
761 2422 860 2467 Quod
875 2422 966 2459 idem
982 2422 1066 2460 Can.
1081 2424 1240 2470 sequenti
1255 2422 1296 2459 de
1311 2421 1472 2458 Diaconis
1488 2422 1717 2466 constituitur,
1741 2434 1821 2460 cum
1843 2434 1895 2467 eo,

351 2486 391 2517 ut
401 2482 432 2517 si
442 2492 530 2529 quos
542 2480 725 2528 episcopus
736 2480 953 2525 humilitatis,
967 2480 1199 2527 poenitentiae
1212 2489 1253 2516 ae
1265 2478 1409 2516 caeteris
1423 2478 1458 2515 id
1474 2488 1586 2526 genus
1602 2478 1726 2515 officiis
1741 2480 1896 2527 insignes

350 2538 646 2582 animadverterit,
661 2548 743 2574 cum
757 2538 809 2574 eis
823 2538 942 2574 mitius
958 2542 1062 2584 atque
1077 2536 1262 2573 humanius
1275 2537 1386 2584 possit
1395 2545 1508 2583 agere.
1532 2536 1578 2571 At
1588 2535 1658 2572 Leo
1670 2546 1762 2584 papa
1771 2535 1896 2584 Eum.

350 2596 493 2632 clericos
509 2595 553 2631 ab
569 2594 750 2631 haereticis
765 2598 974 2631 revertentes
988 2598 1068 2642 post
1082 2593 1329 2642 poeniteutiam
1352 2593 1426 2630 siue
1448 2593 1518 2630 ulla
1539 2603 1600 2640 spe
1615 2594 1844 2640 promotionis
1859 2594 1895 2629 in

352 2651 474 2689 eodem
485 2662 625 2689 manere
638 2652 756 2689 ordine
768 2651 932 2696 decrevit,
946 2653 985 2688 in
997 2661 1066 2699 quo
1078 2651 1226 2688 fuerant.
1249 2650 1294 2687 At
1305 2650 1388 2687 olim
1399 2649 1531 2687 clericis
1547 2659 1650 2697 aegre
1664 2650 1800 2686 indulta
1813 2660 1895 2698 poe-

297 2727 320 2753 ,ι,,
354 2710 509 2746 nitentia.
541 2710 620 2746 ideo
635 2710 671 2746 in
688 2709 901 2746 arausicano
919 2720 941 2745 ι.
958 2708 1042 2746 Oan.
1056 2709 1090 2747 4.
1107 2709 1312 2745 nominatim
1327 2710 1482 2744 caveturz
1509 2707 1750 2743 Paenitentiam
1767 2709 1895 2743 deside-

353 2768 506 2802 rantibus
521 2770 622 2802 etiam
638 2768 776 2803 clerici·
789 2779 854 2802 non
871 2768 1071 2812 neqandam.
1102 2766 1232 2802 Verum
1248 2765 1307 2813 qui
1321 2762 1568 2813 poenitentiam
1584 2763 1768 2811 aliquando
1782 2764 1895 2812 publi-

354 2835 430 2859 cam
446 2824 629 2868 obiissent,
646 2823 795 2860 ordinari
811 2823 908 2859 netas
924 2828 1006 2859 erat.
1039 2822 1143 2859 Cone.
1158 2822 1267 2859 Tolet.
1281 2833 1303 2859 ι.
1320 2821 1403 2859 Oan.
1415 2820 1448 2857 2.
1492 2821 1580 2858 Hinc
1601 2821 1746 2868 Optatus
1763 2821 1895 2858 Milevi·

354 2885 456 2916 tanus
478 2882 536 2917 ub.
559 2893 595 2918 n.
642 2881 836 2922 laventem,
857 2880 987 2927 inquit,
1006 2891 1142 2927 pueros.
1189 2880 1242 2915 De
1259 2879 1465 2926 poenitentia
1492 2881 1692 2921 sauciastis,
1720 2891 1761 2914 ne
1788 2880 1895 2926 aliqui

354 2939 514 2973 ordsnarn·
524 2941 717 2984 pom-'nent
765 2937 814 2973 lta
829 2938 883 2973 vel
899 2937 1012 2984 pueri,
1029 2938 1088 2984 qui
1103 2935 1215 2973 coacti
1229 2934 1458 2983 poenitentiae
1473 2934 1622 2981 speciem
1637 2934 1895 2979 adumbrarant,

355 3005 377 3030 a
399 2995 506 3030 naci-iu
529 2994 707 3030 ordinibus
729 2994 858 3031 reiecti.
906 2993 945 3030 ln
961 2992 1075 3031 Carth.
1087 3004 1120 3030 v.
1137 2993 1220 3029 Gan.
1234 3004 1281 3029 ιι.
1297 2990 1471 3028 decretum
1488 2995 1542 3027 est
1556 3002 1599 3028 ne
1614 2992 1823 3040 presbyteris
1838 2984 1893 3035 §Sl

355 3050 507 3087 diaconis
521 3051 689 3096 graviori·
705 3051 826 3097 culpae
841 3051 1025 3093 convictis,
1047 3050 1193 3097 ideoque
1208 3048 1434 3097 deponendis,
1454 3058 1578 3085 manus
1593 3053 1760 3096 tanquam
1774 3048 1893 3109 povi-
