2008 3294
1626 243 1712 281 CCV

166 352 232 388 bus
245 351 474 388 adstrinxisse
482 376 491 393 ,
507 361 588 387 cum
599 350 800 397 capitalium
812 349 981 385 scelerum
991 348 1058 391 rei,
1070 349 1343 396 praesertimque
1354 348 1477 391 trium,
1487 347 1713 389 idololatriae,

165 407 344 446 homicidii
358 411 393 444 et
407 407 566 443 adulterii
582 407 665 443 olim
674 434 683 450 ,
699 410 738 443 ut
751 405 972 443 Innocentius
988 405 1104 448 docet,
1121 406 1298 441 communi
1312 404 1560 441 consuetudine
1575 404 1714 440 veniam

166 465 300 502 nullam
315 468 352 501 et
365 464 619 500 absolutionem
635 464 846 506 obtinerent;
867 473 939 499 non
961 461 1054 508 quod
1076 462 1210 498 absolvi
1231 463 1276 497 ab
1297 462 1444 497 ecclesia
1465 473 1536 498 non
1558 465 1714 509 possent,

166 522 446 565 ut'l'ertullianus
459 521 652 565 asserebat,
666 521 727 557 sed
738 521 831 568 quod
842 520 931 563 eius,
945 529 1051 566 quam
1063 519 1315 566 amplissimam
1327 530 1349 555 a
1358 518 1494 555 Christo
1506 522 1715 565 susceperat,

165 582 320 626 potestas
336 589 441 614 usum
457 579 559 614 certis
575 578 705 615 finibus
721 575 1040 623 circunscripsiaset.

254 636 343 674 Huic
358 639 431 671 tam
447 639 644 682 compertae
659 636 926 682 expletumque
941 633 1117 669 doctrinae
1132 633 1247 669 nullos
1263 634 1376 669 acrius
1391 637 1646 681 repugnaturos
1661 633 1715 669 in·

165 693 285 740 telligo
302 703 408 739 quam
423 693 483 739 qui
500 693 717 739 antiquitatis
732 691 983 729 ecclesiasticae
997 691 1113 726 minus
1128 690 1230 738 periti
1244 692 1370 726 veteris
1385 691 1551 727 ecclesiae
1565 691 1715 726 formam

166 748 341 787 hodiernis
356 750 480 786 ritibus
494 750 733 796 institutisque
747 749 952 791 metiuntur3
967 747 1094 794 quibus
1109 758 1271 794 asperum
1285 752 1319 783 et
1330 747 1559 783 inhumanum
1570 747 1716 790 videtur,

166 805 301 844 homini
314 806 393 850 nui,
411 807 471 853 qni
485 807 664 843 commissi
679 807 831 843 criminis
846 805 999 842 dolorem
1016 815 1055 840 ac
1068 805 1317 851 poenitentiam
1330 816 1413 851 prae
1426 817 1463 840 se
1476 805 1580 847 ferat,
1594 815 1715 852 pacem

166 867 202 899 et
217 863 472 900 absolutionem
488 863 663 911 denegari.
688 863 786 906 Quod
800 863 914 910 ipsum
927 865 1046 898 tamen
1061 862 1146 897 olim
1161 865 1254 897 certo
1270 861 1307 896 in
1319 860 1500 898 hominum
1516 863 1716 898 criminum-

167 931 235 966 que
251 930 378 967 genere
394 924 569 957 servatum
580 921 690 957 fuisse
705 924 758 957 tot
770 920 832 956 ius
845 918 1011 957 hactenus
1027 919 1131 955 allata
1144 919 1344 955 testimonia
1361 919 1610 972 demonstrant.
1633 918 1716 962 Qui-

166 977 232 1013 bus
254 988 366 1014 unum
387 978 578 1014 alterumve
601 978 644 1013 ad
667 978 843 1014 cumulum
865 975 1022 1018 accedat,
1045 978 1086 1011 ut
1105 975 1161 1012 vel
1182 975 1227 1011 ab
1242 976 1362 1012 invitis
1377 986 1562 1012 assensum
1577 987 1632 1012 res
1648 977 1717 1012 ista

166 1037 351 1071 mereatur.
393 1034 443 1070 Ac
464 1035 616 1082 primum
630 1035 723 1071 idem
738 1046 809 1071 non
825 1034 968 1071 obscure
983 1032 1177 1080 Cyprianus
1193 1032 1323 1069 indicat
1337 1032 1496 1079 Epistola
1510 1045 1588 1069 xm.
1627 1033 1715 1069 Cum

167 1091 261 1127 enim
275 1091 365 1139 lapsi
379 1091 520 1138 quidam
534 1092 668 1129 libellos
692 1103 714 1127 a
727 1091 937 1138 martyribus
958 1089 1219 1137 impetrassent,
1241 1090 1368 1136 quibus
1390 1090 1470 1126 freti
1489 1091 1596 1137 recipi
1618 1102 1658 1126 se
1679 1091 1717 1126 in

167 1149 333 1184 ecclesiae
354 1149 638 1185 communionem
652 1148 872 1196 impatienter
891 1150 1066 1195 peterent,
1090 1147 1270 1183 consultus
1285 1158 1328 1183 ea
1342 1147 1385 1182 de
1402 1158 1439 1183 re
1456 1147 1651 1195 Cyprianus
1666 1148 1717 1184 ita

168 1205 364 1242 constituit:
402 1206 446 1240 Ut
458 1209 516 1252 qui
530 1207 659 1243 libellos
673 1219 698 1243 α
711 1205 918 1251 namn-ibus
933 1211 1153 1252 acceperunt,
1177 1211 1210 1240 et
1218 1207 1478 1252 praev-oyem
1493 1216 1607 1240 eorum
1623 1206 1719 1251 apud

168 1264 264 1298 deum
280 1264 447 1299 adiuvari
454 1270 613 1310 possunt,
634 1267 667 1299 ss·
685 1263 890 1299 {uomodo
907 1263 1019 1309 aliquo
1034 1268 1067 1297 et
1079 1264 1290 1308 infimitatis
1296 1262 1455 1309 periculo
1470 1264 1717 1308 occupatis-ne*

166 1321 251 1362 rint,
266 1331 332 1355 non
347 1326 525 1366 expectata
534 1323 735 1367 praeeuntia
751 1325 869 1356 nostra
883 1321 980 1366 apud
987 1319 1221 1366 presbyterum
1242 1330 1473 1365 meumque
1489 1325 1715 1366 praesentem,

167 1377 236 1420 vel,
260 1379 292 1411 si
308 1377 487 1423 presbyter
507 1383 662 1424 repertus
683 1379 883 1424 nonfuen't,
906 1384 939 1412 et
958 1388 1080 1422 erpere
1100 1379 1209 1412 caim
1229 1379 1395 1423 eoeperit,
1419 1378 1516 1422 apud
1539 1378 1718 1411 diacoma·

168 1445 294 1480 quoque
306 1436 426 1476 facere
441 1434 705 1480 exhomoloyeoin
720 1435 839 1470 delica·
851 1437 906 1469 sut*
919 1436 1070 1481 possint,
1090 1439 1130 1468 «t
1146 1446 1248 1469 manu
1272 1437 1321 1468 eis
1340 1436 1378 1468 s'u
1393 1436 1636 1480 poenitentiam
1655 1438 1718 1468 ivs-

162 1493 296 1536 poaita,
311 1493 452 1527 veniant
465 1493 514 1527 ad
525 1493 691 1529 amaseam
704 1504 777 1527 cum
783 1503 886 1538 pace.
910 1491 983 1527 Hoc
997 1491 1066 1527 illis
1083 1490 1256 1527 duntaxat
1270 1490 1466 1537 Cyprianus
1480 1490 1641 1534 indulsit,
1656 1491 1719 1537 qui

166 1547 303 1583 libellos
318 1558 341 1584 a
354 1548 565 1595 martyribus
582 1549 810 1596 accepissent,
831 1551 1000 1592 caeteros,
1024 1547 1084 1595 qui
1097 1548 1182 1583 iisce
1197 1547 1324 1584 libellis
1341 1551 1512 1591 carerent,
1533 1551 1718 1595 expectare

169 1604 290 1642 tandiu
303 1605 423 1648 iussit,
438 1605 546 1642 donec
562 1606 726 1643 ecclesiae
741 1617 811 1654 pax
827 1609 918 1642 esset
931 1605 1075 1641 reddita
1099 1604 1332 1647 Quamobrem
1346 1616 1392 1641 ne
1406 1605 1444 1642 in
1454 1605 1630 1652 praesenti
1642 1605 1719 1652 qui·

171 1661 250 1697 dem
264 1662 387 1699 mortis
402 1662 599 1699 discrimine
613 1663 862 1710 posterioribus
878 1663 946 1699 illis
961 1673 1083 1710 pacem
1096 1662 1228 1698 tribuit.
1269 1662 1412 1708 Alioqui
1425 1661 1512 1698 nihil
1526 1662 1616 1699 inter
1630 1663 1717 1698 istos

169 1722 204 1754 et
218 1719 349 1767 priores
363 1720 563 1764 interesset,
578 1731 666 1767 quos
681 1723 799 1756 tamen
814 1720 949 1756 meliori
963 1720 1080 1767 aliqua
1095 1719 1291 1755 conditione
1305 1719 1359 1755 uti
1373 1720 1535 1766 oportuit.
1563 1721 1610 1755 At
1624 1720 1718 1756 enim

169 1775 448 1823 exhomologesis
471 1777 564 1824 apud
586 1777 797 1825 Cyprianum
820 1777 1121 1820 sacramentalem,
1143 1780 1183 1812 ut
1202 1780 1346 1819 vocant,
1369 1776 1624 1812 confessionem
1646 1788 1718 1813 non

168 1833 361 1880 significat,
383 1845 497 1881 neque
510 1845 583 1882 pax
599 1835 841 1882 absolutioque
855 1834 917 1870 illa
929 1834 1070 1882 perinde
1085 1834 1295 1870 sacramenti
1308 1844 1389 1880 pars
1404 1833 1489 1876 tuit,
1510 1844 1591 1870 cum
1613 1834 1720 1871 etiam

169 1901 192 1926 a
206 1890 351 1928 diacono
366 1901 492 1927 manns
507 1891 640 1938 imponi
654 1892 790 1935 iubeat,
805 1891 873 1927 nisi
887 1891 1079 1939 presbyteri
1094 1891 1194 1938 copia
1209 1895 1417 1938 suppeteret.
1447 1890 1500 1926 De
1515 1889 1719 1928 exhomolo-

168 1948 247 1993 gesi
261 1947 375 1984 dicam
388 1952 512 1995 postea
525 1949 696 1995 pluribus.
723 1948 821 1991 Quod
835 1948 880 1984 ad
895 1959 1017 1995 pacem
1031 1948 1415 1994 reconciliationemque
1425 1948 1592 1995 pertinet,
1608 1948 1718 1984 scien-

169 2005 253 2041 dum
266 2009 320 2041 est
333 2005 507 2052 duplicem
521 2006 558 2041 in
575 2016 616 2042 ea
630 2009 766 2053 partem
781 2016 821 2041 ac
837 2006 932 2041 velut
952 2005 1102 2042 fructum
1125 2005 1293 2042 extitisse.
1338 2004 1430 2041 Nam
1452 2009 1489 2041 et
1510 2015 1532 2041 a
1553 2007 1719 2053 peccatis,

167 2060 233 2097 hoc
250 2066 304 2099 est
317 2062 421 2109 culpa
435 2062 528 2109 ipsa,
545 2073 651 2109 quam
666 2063 830 2099 diuturna
841 2063 1053 2110 poenitentia
1065 2062 1252 2106 diluerant,
1268 2062 1548 2106 absolvebantur,
1563 2067 1599 2099 et
1613 2063 1651 2099 in
1666 2063 1718 2099 in·

167 2122 306 2166 tegi-um
319 2119 472 2155 restituti
487 2119 531 2155 ad
546 2119 737 2167 perfectum
752 2130 833 2155 cum
848 2120 995 2156 ecclesia
1008 2119 1238 2167 fidelibusque
1252 2120 1502 2156 commercium
1521 2130 1563 2156 ac
1585 2120 1718 2156 divino·

166 2187 246 2212 rum
259 2176 502 2222 mysteriorum
517 2177 798 2213 communionem
813 2175 1074 2214 adhibebantur.

257 2232 348 2269 enm
361 2233 469 2280 igitur
484 2234 529 2270 ab
545 2233 700 2270 antistite
710 2235 766 2270 vel
777 2234 956 2270 sacerdote
971 2245 1093 2281 pacem
1108 2234 1322 2281 acciperent,
1338 2239 1524 2282 utrumqne
1539 2236 1718 2271 mereban-

167 2293 234 2326 tur.
281 2290 345 2326 Sin
366 2290 464 2326 nulla
478 2291 700 2327 sacerdotum
714 2295 807 2327 esset
820 2295 995 2339 potestas,
1018 2295 1092 2328 tum
1108 2292 1272 2328 ecclesiae
1288 2292 1529 2328 tantummodo
1544 2292 1718 2329 conciliati

168 2357 292 2394 pacem
303 2358 325 2383 a
335 2347 490 2387 diaconis
502 2348 743 2394 impetrabant,
755 2349 854 2384 cuius
867 2349 1044 2385 cumulum
1056 2359 1078 2384 a
1089 2349 1264 2384 sacerdote
1275 2349 1499 2396 postmodum
1511 2349 1717 2385 obtinerent.

170 2404 283 2454 Quare
299 2403 492 2452 prrianus
506 2405 634 2441 libellis
649 2408 840 2451 martyrum
854 2405 1030 2452 praeditos
1039 2431 1050 2448 ,
1065 2406 1095 2442 si
1110 2406 1226 2442 minus
1241 2409 1428 2452 utrumque
1437 2433 1446 2451 ,
1463 2407 1612 2441 alterum
1626 2409 1718 2442 certe

168 2461 376 2498 beneficium
388 2462 557 2509 consequi
571 2462 698 2505 voluit,
714 2473 784 2508 quo
799 2462 1028 2499 eucharistiae
1044 2463 1168 2498 saltem
1184 2467 1361 2509 compotes
1376 2463 1454 2499 fieri
1467 2466 1620 2509 possent.
1650 2462 1718 2499 Ne-

170 2529 236 2565 que
249 2519 343 2554 enim
354 2519 553 2555 existimare
565 2519 663 2561 licet,
679 2518 715 2554 id
727 2518 820 2565 quod
830 2518 933 2555 hodie
944 2520 1000 2562 fit,
1015 2520 1110 2566 prius
1121 2520 1200 2556 illos
1212 2530 1234 2555 a
1247 2520 1399 2566 peccatis
1415 2520 1594 2555 absolutos
1611 2530 1718 2567 quam

168 2576 398 2622 poenitentia,
419 2575 485 2612 hoc
505 2579 559 2612 est
581 2587 766 2622 corporum
787 2576 910 2622 poenis
932 2586 974 2611 ac
989 2577 1156 2612 luctuosis
1172 2575 1331 2612 sordibus
1347 2576 1514 2612 ecclesiae
1529 2577 1717 2613 satisfecis-

170 2635 257 2670 sent.
286 2633 374 2669 Huic
390 2633 513 2669 affines
522 2659 532 2676 ,
553 2633 615 2668 sed
629 2633 783 2668 mitiores
799 2636 918 2668 tamen
931 2633 1085 2679 reliquae
1098 2634 1179 2668 illae
1200 2643 1372 2668 canonum
1387 2633 1586 2670 sanctiones
1601 2645 1643 2671 ac
1656 2645 1717 2682 pa-

169 2692 262 2725 trum
276 2689 413 2726 decreta
427 2694 525 2734 sunt,
542 2701 630 2737 quae
643 2690 882 2736 peccatoribus
893 2690 1070 2725 nonnullis
1080 2693 1283 2736 perpetuam
1293 2690 1544 2736 poenitentiam
1554 2691 1605 2726 ita
1619 2703 1716 2739 prae-

171 2745 342 2790 scribunt,
357 2757 536 2794 nunquam
552 2751 592 2782 ut
607 2747 888 2782 communionem
902 2747 1304 2792 reconciliationemque,
1319 2747 1389 2783 nisi
1402 2747 1439 2783 in
1449 2747 1522 2783 fine
1532 2748 1624 2784 vitae
1638 2760 1716 2796 per-

171 2802 334 2848 ciperent.
357 2803 558 2841 Cuiusmodi
573 2808 655 2839 sunt
671 2803 792 2838 Basilii
807 2803 851 2838 ad
862 2802 1141 2849 Amphilochium
1154 2803 1236 2839 Can.
1246 2815 1381 2847 nxxru„
1396 2805 1601 2851 Ancyranus
1613 2818 1715 2843 xxm.

171 2858 242 2894 iam
257 2869 279 2893 a
293 2859 394 2896 nobis
409 2861 517 2899 citati.
563 2861 706 2896 Accedit
725 2865 760 2895 et
773 2860 901 2895 Arelat.
917 2872 940 2895 1.
963 2859 1084 2895 Canon
1099 2873 1170 2896 xxv.
1216 2860 1270 2896 De
1286 2860 1339 2895 Ιιίε
1360 2864 1420 2908 qui
1428 2863 1527 2908 salso
1550 2870 1719 2899 accusant

164 2918 302 2960 fratres
315 2927 391 2952 suos
399 2918 537 2963 placuit
541 2943 552 2960 ‚
568 2930 623 2953 eos
635 2930 735 2963 usque
748 2919 797 2952 ad
807 2919 928 2952 avitum
941 2919 1196 2953 communicare.
1219 2917 1424 2954 Telonnum
1439 2930 1577 2969 quoque
1588 2933 1613 2956 1.
1629 2920 1713 2958 Gan.

173 2983 246 3007 xxx.
261 2972 395 3016 sanxit,
421 2973 466 3008 Ue
478 2977 629 3021 episcopi
643 2975 698 3008 vel
711 2976 854 3009 diaconi
857 2975 958 3020 filia,
974 2976 1006 3008 si
1017 2975 1271 3020 devotafuerit,
1287 2980 1320 3010 et
1325 2979 1542 3022 peccaverit,
1563 2983 1597 3012 et
1610 2981 1716 3012 mari-

174 3034 240 3063 tum
257 3030 391 3064 dumet-it
404 3036 478 3073 etc„
497 3034 531 3067 ei
544 3034 672 3066 vivente
688 3034 811 3067 marito
826 3033 1016 3073 secesserit,
1039 3037 1073 3065 et
1085 3034 1305 3078 poenituerit,
1326 3034 1416 3069 nullo
1438 3035 1534 3069 modo
1555 3037 1623 3069 uisi
1642 3038 1714 3069 vita

175 3087 347 3132 deficietur,
363 3089 519 3134 accipiat
532 3091 798 3125 communionem.
846 3087 916 3124 Sed
937 3091 972 3123 et
985 3088 1206 3125 Valentinum
1226 3088 1310 3126 Gan.
1326 3101 1378 3129 111.
1402 3090 1444 3127 de
1459 3091 1502 3127 iis
1518 3094 1577 3137 qui
1590 3103 1626 3127 ee
1635 3097 1717 3138 pose

1754 1850 1782 1876 p,
1795 1842 1853 1868 2³⁴.
