2008 3294
319 161 532 198 CLXXXIV

316 266 548 312 poenitentiae
563 265 776 310 provinciam
789 266 885 300 velut
898 266 1074 313 propriam
1089 277 1129 301 ac
1145 266 1355 312 peculiarem
1375 265 1591 312 sumpsisset.
1613 265 1724 307 Nihil,
1738 265 1870 312 opinor,

316 323 382 357 hac
397 326 517 357 nostra
533 322 730 356 coniectura
749 322 839 368 fingi
860 323 1073 369 probabilius
1095 325 1221 370 potest.
1267 321 1368 357 Nunc
1388 325 1430 357 ut
1447 321 1631 368 Epiphanii
1645 324 1872 368 veterumque

318 380 360 414 de
381 380 490 413 tribus
512 377 734 424 paschatibus
758 379 874 425 opinio
895 380 1010 426 magis
1031 380 1232 422 illustretur,
1259 379 1400 414 brevem
1421 379 1642 426 evangelicae
1664 378 1871 415 narrationis

319 437 443 471 seriem
459 436 503 470 ad
518 436 657 471 illorum
673 436 854 472 intervalla
868 436 1027 484 dirigam.

318 572 734 608 EVANGELISTARUM
751 573 979 609 NARRATIO
999 570 1059 609 AD
1078 572 1304 610 EPIPHANII
1323 571 1614 611 SENTENTIAM
1631 573 1691 609 DE
1706 567 1872 608 TRIBUS

734 630 1041 668 PASCHATIBUS
1066 628 1455 667 ACCOMMODATUR.

407 723 490 757 Post
505 722 718 768 baptismum
733 726 771 757 et
782 735 829 758 ιι.
845 723 980 758 dierum
999 723 1168 758 ieiunium
1189 733 1231 757 ea
1247 722 1470 768 contigerunt
1484 733 1574 768 quae
1588 722 1708 758 Ioann-
1720 735 1745 760 1.
1761 722 1874 769 capite

319 783 501 814 narrantur
517 779 558 814 de
574 781 812 825 apostolorum
828 781 1019 816 vocatione.
1067 780 1150 815 Inde
1173 781 1316 826 nuptiae
1336 779 1373 814 in
1390 779 1486 814 Cana
1501 779 1678 815 Galilaeae
1699 779 1819 815 Ioann.
1836 791 1873 814 ιι.

318 848 428 882 usque
452 837 496 871 ad
518 848 655 872 comma
680 837 731 874 13.
756 837 894 884 quando
919 837 1161 884 Caphar-naum
1184 847 1266 871 cum
1287 837 1360 871 suis
1382 835 1558 882 profectus
1579 840 1643 882 est.
1700 836 1768 872 Ubi
1793 845 1876 872 eum

318 895 438 939 paucis
459 894 580 929 diebus
595 893 766 929 haesisset
782 894 976 930 Galilaeam
1001 895 1102 937 obiit,
1126 894 1242 940 ibique
1264 893 1476 939 praedicavit
1497 883 1715 940 evang‘elium
1731 893 1813 930 Luc.
1826 905 1874 929 xv.

319 963 407 987 com.
427 951 478 986 14.
521 950 752 986 Nazarethum
768 953 885 998 petiit,
902 952 963 986 ubi
979 951 1228 997 propemodum
1245 961 1266 984 a
1281 950 1414 985 civibus
1431 950 1565 985 occisus
1581 954 1645 986 est.
1691 950 1775 986 Post
1789 949 1875 985 haee

319 1008 497 1054 apostolos
514 1008 628 1043 denuo
644 1009 780 1043 vocavit
793 1009 902 1044 Marc.
914 1021 938 1051 1,
958 1009 1010 1044 16.
1058 1008 1256 1054 Iterumque
1279 1018 1469 1042 conscensa
1491 1008 1573 1042 navi
1587 1007 1727 1044 Petrum
1743 1018 1787 1042 ao
1800 1017 1876 1043 cae-

195 1077 202 1091 1
225 1067 231 1076 ‘
318 1069 410 1100 toros
427 1065 471 1100 ad
486 1076 562 1100 sese
577 1066 756 1111 pertraxit.
789 1066 879 1100 Tum
896 1065 1141 1111 Caphamaum
1155 1065 1250 1099 venit
1265 1065 1373 1100 Marc.
1385 1077 1416 1108 1,
1433 1064 1486 1099 21.
1502 1064 1586 1101 Luc.
1599 1077 1647 1107 Π,
1662 1064 1718 1099 31.
1755 1063 1825 1100 Ubi
1837 1065 1877 1100 in

319 1133 503 1167 synagoga
519 1122 782 1157 daemoniacum
799 1125 906 1158 curat.
953 1122 1036 1157 Inde
1051 1122 1143 1157 Petri
1159 1133 1297 1157 socrum
1320 1133 1361 1156 ac
1376 1122 1562 1168 leprosum.
1609 1121 1773 1168 Sequitur
1787 1121 1878 1156 Mut-

320 1179 411 1214 thaei
426 1179 560 1214 vocatio
575 1178 699 1214 Matth.
712 1192 774 1222 1x.,
789 1179 897 1214 Maro.
911 1191 963 1221 11.,
978 1179 1061 1215 Luc.
1076 1191 1109 1213 v.
1147 1178 1221 1214 Sub
1241 1178 1325 1214 haec
1342 1178 1546 1214 accedentes
1559 1179 1700 1223 Ioannis
1717 1177 1880 1225 discipuli

320 1247 399 1271 cum
414 1235 608 1271 Pharisaeis
625 1237 850 1282 expostulant
865 1247 945 1270 cum
960 1247 1002 1271 eo
1015 1236 1109 1282 quod
1119 1236 1230 1282 ipsius
1243 1235 1403 1282 discipuli
1414 1237 1557 1270 minime
1569 1236 1771 1271 ieiunarent.
1790 1235 1879 1271 ‘Inde

320 1294 469 1339 primum
483 1293 614 1340 pascha
628 1298 708 1339 post
723 1293 936 1339 baptismum
952 1292 1072 1329 Ioann.
1084 1306 1123 1328 11.
1170 1292 1320 1328 Necesse
1342 1297 1396 1328 est
1411 1293 1504 1328 enim
1518 1293 1638 1328 multis
1655 1295 1759 1328 antea
1769 1293 1879 1328 mira·

320 1352 407 1385 culis
425 1351 523 1384 editis
541 1362 582 1384 ac
597 1350 852 1396 praedicatione
871 1354 993 1396 coepta
1009 1350 1175 1385 claruisse
1191 1350 1387 1393 dominum,
1409 1353 1448 1385 ut
1466 1361 1510 1385 ex
1527 1349 1707 1386 Nicodemi
1722 1350 1881 1385 oratione

320 1408 504 1452 colligitur.
535 1407 600 1441 Per
616 1407 756 1442 eosdem
772 1406 950 1453 paschatis
966 1407 1040 1442 dies
1056 1406 1214 1442 Christus
1231 1407 1464 1453 negotiatores
1483 1418 1506 1442 a
1526 1408 1657 1454 templo
1678 1406 1878 1442 summovit.

320 1465 445 1499 Postea
457 1476 537 1499 vero
553 1476 615 1510 per
630 1469 706 1499 sata
720 1464 858 1499 transiit
871 1463 994 1499 Matth.
1005 1476 1079 1506 ιιι,
1093 1464 1249 1507 Maron,
1263 1463 1331 1507 23„
1347 1463 1484 1507 Luc.v¹‚
1504 1465 1534 1501 l.
1559 1464 1761 1511 Sequuntur
1776 1467 1879 1511 gesta

319 1521 514 1557 Matth.xu.
532 1521 574 1555 ad
591 1521 646 1557 21.
665 1531 811 1556 comma.
834 1521 878 1556 Et
892 1522 1061 1558 Marmar.
1078 1532 1188 1567 usque
1205 1521 1249 1556 ad
1265 1521 1316 1557 13.
1331 1532 1431 1564 com„
1446 1521 1529 1556 Luc.
1537 1534 1584 1558 vr.
1600 1521 1646 1556 ad
1664 1521 1716 1573 12.
1730 1532 1879 1558 comma.

320 1579 479 1625 Apostoli
502 1578 664 1624 deinceps
689 1579 866 1624 eliguntur
885 1579 993 1613 Marc.
1007 1591 1058 1614 ιιι.
1075 1589 1097 1613 a
1112 1589 1248 1614 comma
1267 1578 1319 1615 13.
1337 1578 1381 1613 ad
1401 1578 1463 1622 19„
1483 1578 1567 1614 Luc.
1579 1590 1626 1615 vr.
1643 1589 1665 1613 a
1683 1578 1735 1616 12.
1753 1578 1797 1614 ad
1815 1577 1879 1622 16..

319 1635 442 1671 Matth.
456 1648 489 1672 x.
505 1639 577 1670 toto
594 1636 717 1682 capite.
766 1635 893 1670 Postea
915 1636 1044 1682 partim
1059 1636 1096 1671 in
1112 1639 1250 1678 monte,
1273 1636 1400 1682 partim
1420 1636 1457 1671 iu
1471 1636 1548 1671 loco
1565 1636 1749 1683 campestri
1763 1636 1879 1671 varios

321 1704 498 1728 sermones
514 1693 682 1736 instituit3
698 1704 786 1739 quos
803 1703 934 1739 magna.
949 1705 993 1728 ex
1009 1696 1107 1739 parte
1123 1693 1322 1728 Matthaeus
1338 1693 1541 1740 anticipavit
1554 1703 1628 1740 cap.
1636 1705 1682 1730 vr.
1695 1696 1730 1728 et
1743 1693 1880 1730 Luem.

322 1750 540 1785 Centurionis
563 1750 686 1785 deinde
712 1761 850 1786 servum
873 1761 895 1784 a
918 1751 1039 1786 morbo
1061 1750 1185 1786 liberat
1198 1750 1281 1801 Lno.
1294 1763 1354 1787 vn.
1371 1761 1394 1785 a
1410 1750 1440 1785 1.
1453 1761 1591 1786 comma
1611 1749 1655 1786 ad
1672 1749 1736 1793 10„
1755 1749 1880 1786 Matth.

323 1820 396 1843 vm.
416 1818 438 1841 a
452 1807 485 1843 5.
503 1807 546 1841 ad
568 1807 617 1842 10.
665 1807 756 1842 Tum
771 1807 894 1842 viduae
910 1807 1023 1843 filium
1048 1807 1092 1842 ad
1108 1807 1274 1855 oppidum
1289 1807 1393 1843 Naim
1407 1807 1491 1843 Luc.
1503 1819 1564 1843 vn.
1581 1818 1604 1842 a
1616 1818 1755 1843 comma
1767 1807 1882 1843 laad

326 1864 376 1899 18.
410 1864 501 1899 lnter
522 1863 608 1899 haec
632 1865 779 1899 loannes
801 1865 873 1899 iam
894 1865 930 1899 in
955 1875 1128 1900 carcerem
1149 1865 1279 1900 missus
1301 1865 1488 1912 discipulos
1503 1864 1547 1900 ad
1563 1863 1738 1900 Christum
1753 1865 1883 1912 allegat

323 1921 403 1956 Luc.
419 1934 478 1957 vu.
494 1931 516 1955 a
531 1932 668 1956 comma
688 1920 738 1957 18.
757 1921 801 1955 ad
817 1920 884 1963 35„
900 1920 1024 1957 Matth.
1039 1934 1087 1957 xr.
1135 1921 1299 1968 Sequitur
1321 1921 1522 1969 peccatricis
1545 1922 1701 1958 mulieris
1725 1921 1881 1958 officium

324 1978 458 2013 Christo
474 1979 676 2024 praestitum
692 1977 773 2013 Luc.
787 1990 849 2014 vu.
868 1989 1004 2014 comma
1020 1978 1075 2014 37.
1123 1978 1207 2014 Inde
1229 1979 1371 2015 domum
1386 1979 1483 2014 venit
1503 1979 1611 2015 Marc.
1623 1991 1676 2022 111,
1692 1977 1748 2014 20.
1793 1978 1880 2014 Dae-

323 2036 478 2070 monium
501 2039 637 2070 mutum
659 2035 761 2070 eiicit.
792 2035 875 2071 Luc.
889 2047 936 2078 ιι,
956 2035 1018 2079 14.,
1034 2034 1158 2070 Matth.
1171 2047 1233 2078 xn,
1249 2035 1304 2070 22.
1335 2035 1415 2071 ldeo
1430 2034 1608 2071 Pharisaei
1630 2035 1665 2072 in
1684 2034 1881 2071 Beelzebub

324 2090 407 2127 haec
423 2092 522 2127 illum
538 2092 651 2127 facere
668 2092 905 2128 criminantur.
939 2092 1042 2127 Venit
1063 2096 1173 2127 mater
1194 2103 1271 2127 oum
1297 2092 1462 2128 fratribus
1477 2093 1649 2136 Mamm,
1665 2092 1733 2135 31.,
1754 2091 1878 2129 matth.

326 2160 386 2191 ιη,
403 2149 459 2184 46.
490 2149 580 2184 Tum
595 2149 775 2195 egrediens
793 2149 895 2185 domo
913 2149 956 2185 ad
972 2159 1067 2185 mare
1084 2149 1249 2196 pervenit.
1282 2148 1348 2184 Ubi
1362 2150 1565 2196 parabolam
1581 2150 1746 2186 sementis
1763 2153 1798 2185 et
1812 2149 1881 2186 alis.

327 2206 495 2251 quaedam
512 2206 680 2241 edisserit.
703 2207 811 2243 Marc.
827 2218 885 2250 ιι,
901 2206 1023 2242 Matth.
1038 2218 1125 2248 ιιιιιη
1141 2216 1182 2242 ac
1196 2205 1284 2242 forte
1301 2206 1406 2242 etism
1424 2216 1512 2253 quae
1527 2206 1610 2242 Luc.
1623 2218 1671 2250 xr,
1687 2206 1742 2243 33.
1758 2207 1880 2254 legun·

327 2267 391 2297 tur.
424 2262 562 2298 interim
579 2264 736 2299 nonnulli
752 2263 797 2299 ad
813 2262 988 2299 Christum
1010 2263 1180 2299 accedunt
1198 2274 1240 2299 sc
1262 2262 1361 2310 sequi
1381 2274 1420 2299 se
1436 2263 1521 2299 velle
1537 2263 1742 2311 profitentur
1757 2263 1880 2300 Matth.

328 2332 401 2362 viu,
423 2318 472 2354 18.
503 2319 585 2355 Post
606 2321 641 2356 in
665 2321 774 2356 altum
796 2324 935 2356 evectus
957 2321 1144 2368 procellam
1169 2320 1267 2356 sedat
1282 2321 1389 2357 Marc.
1403 2331 1449 2356 xv.
1481 2320 1638 2356 Treiecto
1654 2320 1742 2357 freto
1758 2321 1796 2357 in
1813 2320 1880 2358 Ge-

328 2387 528 2412 rasenorum
552 2387 636 2422 agro
658 2378 922 2413 daemoniacum
937 2378 1071 2414 liberat.
1102 2377 1226 2414 Mstth.
1241 2389 1316 2414 vm.
1331 2377 1439 2413 Marc.
1452 2390 1484 2413 v.
1514 2377 1663 2414 Rediens
1681 2377 1880 2425 archisyna-

330 2434 413 2479 gogi
429 2434 537 2468 tiliam
554 2437 661 2469 curat.
687 2435 777 2470 Tum
793 2435 975 2481 sanguinis
990 2434 1160 2483 profluvio
1177 2435 1393 2471 laborantem
1408 2433 1530 2471 Matth.
1541 2445 1602 2477 rx..
1617 2435 1726 2471 Mne.
1739 2447 1782 2478 v.‚
1798 2435 1880 2472 Luc.

331 2503 403 2526 vni.
438 2490 605 2536 Egressus
627 2490 707 2526 inde
728 2492 764 2527 in
780 2492 929 2539 petriam
946 2492 1030 2527 abiit
1045 2492 1151 2528 Marc.
1165 2502 1225 2535 vn,
1241 2490 1362 2528 Matth.
1375 2502 1451 2528 xm.
1481 2491 1667 2539 Apostolos
1682 2492 1784 2529 binos
1799 2502 1880 2528 cum

329 2547 544 2594 amplissima
559 2550 729 2594 potestate
746 2549 859 2585 mittit.
904 2549 1011 2585 Marc.
1025 2562 1082 2592 vn,
1103 2549 1186 2586 Luc.
1205 2561 1252 2585 rx.
1293 2548 1435 2585 Interim
1448 2547 1600 2586 Herodes
1617 2559 1696 2584 cum
1714 2549 1823 2584 mults
1838 2548 1880 2584 de

332 2604 456 2639 Christi
473 2604 638 2651 prodigiis
655 2606 859 2652 accepisset,
883 2606 1047 2642 loannem
1065 2618 1086 2642 a
1102 2606 1247 2642 mortuis
1263 2606 1454 2642 excitatum
1468 2609 1584 2654 putet,
1606 2609 1640 2642 et
1658 2605 1757 2641 illum
1771 2605 1881 2642 videri

332 2662 454 2706 gestit,
478 2665 514 2697 st
537 2662 566 2696 is
591 2673 667 2697 sese
691 2661 860 2698 subducit.
906 2662 1019 2706 Quare
1034 2664 1101 2700 sub
1117 2663 1200 2700 haec
1217 2667 1374 2711 tempore
1387 2663 1552 2700 Ioannem
1566 2662 1787 2699 interiectum
1802 2673 1880 2699 esse

331 2719 491 2754 credibile
507 2723 568 2753 est.
601 2718 651 2754 Ad
668 2718 813 2755 eandem
831 2718 954 2756 Christi
970 2720 1090 2767 fugam
1107 2721 1218 2757 refero
1233 2724 1338 2769 ceput
1354 2731 1400 2757 iv.
1414 2718 1571 2763 Ioannin
1595 2730 1676 2755 cum
1691 2719 1810 2755 relicta
1825 2719 1881 2756 Iu-

332 2774 415 2810 dseu
439 2776 472 2810 in
491 2776 682 2811 Galilsesm
704 2777 863 2820 secessit,
891 2788 959 2824 quo
982 2778 1017 2814 iu
1039 2778 1161 2814 itinere
1184 2789 1262 2814 cum
1283 2777 1502 2814 Samaritana
1522 2777 1665 2813 muliere
1689 2777 1880 2814 collocutus

332 2837 394 2868 est.
419 2832 530 2873 Qusro
544 2831 656 2868 bintus
669 2834 793 2879 ingens
806 2837 860 2869 est
872 2833 1032 2870 historise
1044 2835 1134 2871 inter
1149 2845 1283 2883 caput.
1300 2838 1334 2871 et
1345 2845 1391 2871 ιν.
1408 2833 1536 2877 Ιοιῃῐι.,
1555 2834 1646 2881 quod
1661 2834 1784 2881 prioris
1797 2834 1879 2872 anni

332 2900 386 2924 res
403 2895 519 2935 gestus
536 2890 769 2935 evangelistes
784 2891 907 2937 reliqui
923 2892 1180 2928 accurstissime
1196 2891 1426 2940 scripsissent.
1453 2890 1566 2938 Caput
1580 2902 1660 2927 vero
1672 2903 1719 2927 vi.
1735 2902 1816 2928 cum
1833 2903 1879 2928 iv.

333 2956 525 2981 connexum
543 2951 605 2980 est.
638 2946 725 2982 Nam
742 2952 820 2994 post
837 2948 895 2983 ills
912 2949 1029 2984 omnis
1044 2949 1088 2985 sd
1104 2948 1230 2985 testum
1247 2947 1420 2997 quoddam
1437 2946 1594 2983 Christus
1611 2948 1770 2993 accessit,
1787 2948 1879 2996 quod

333 3014 355 3038 s
369 3001 531 3050 paschate
547 3001 636 3038 baud
654 3003 756 3049 longo
774 3004 909 3048 aberet,
933 3005 1095 3041 inlinitum
1117 3004 1274 3048 Phurim,
1298 3009 1358 3041 sut
1373 3003 1464 3040 eliud
1481 3005 1678 3052 quodpiam.
1717 3004 1880 3053 Sequitur
