2008 3294
295 205 405 254 Lvm

294 312 333 346 in
347 324 372 348 1.
383 311 460 348 Par.
473 311 736 348 IadzRambam.
770 312 900 348 Mirum
922 316 976 349 est
988 314 1096 360 igitur
1111 313 1205 360 quod
1216 313 1357 351 Tertull.
1373 315 1432 350 lib.
1449 326 1526 352 con.
1543 315 1690 351 Iudaeos
1711 326 1787 363 cap.
1798 329 1846 354 xv.

295 372 519 416 praeceptum
541 368 584 403 de
604 369 820 404 observando
841 370 1004 414 sabbato,
1025 371 1118 417 qnod
1138 371 1249 407 Exod.
1270 383 1329 406 xx.
1351 375 1387 407 et
1405 372 1545 408 Denter.
1559 385 1592 409 v.
1610 373 1777 417 sciscitur,
1791 374 1848 423 ,ita

296 427 460 473 concipit:
489 426 653 460 Memento
669 427 757 461 diem
771 427 988 463 sabbatorum
1002 430 1219 474 sanctificari
1233 441 1315 464 eum.
1354 429 1455 464 Omne
1474 442 1558 476 opus
1577 432 1700 465 semila
1713 443 1779 466 nou
1784 434 1847 477 fa·

296 486 392 518 cieeis
406 486 444 518 in
459 495 514 526 eo,
529 487 774 529 praeterquam
788 485 876 530 quod
890 486 940 520 ad
953 488 1103 520 animam
1112 489 1274 532 pertinet.
1308 485 1377 520 Sed
1391 487 1542 532 primum
1557 487 1644 522 illud
1659 487 1701 522 de
1715 488 1848 534 primae

295 542 364 576 diei
378 542 590 586 Azymorum
606 541 845 576 observatione
860 552 940 577 cum
956 537 1063 577 altero
1080 543 1122 577 de
1138 543 1284 577 sabbato
1299 543 1499 589 imprudens
1514 545 1727 590 permiscuit.

385 595 461 632 Ἔτι
476 597 512 632 δὲ
527 596 584 642 τὴν
601 598 678 644 μίαν
693 598 868 646 νηστείαν]
900 600 1035 635 Ieiunia
1052 600 1090 634 in
1103 600 1342 635 Hebraeorum
1361 601 1556 636 calendario
1572 605 1738 636 notantur
1752 613 1847 639 xxvi.

295 656 364 691 Sed
378 667 493 702 neque
507 655 600 690 fosta
612 667 726 703 neque
741 656 786 705 ab
802 667 905 703 opere
919 667 1032 692 vacua
1046 667 1087 692 ac
1103 657 1250 692 sabbata
1264 656 1422 700 fuerunt,
1445 661 1583 704 praeter
1598 670 1632 695 x.
1650 658 1758 701 Tisri,
1776 669 1847 705 quo

294 714 349 748 die
363 713 494 748 festum
509 715 694 771 ΠῆἾ-ιῧρ,
709 714 1004 760 sivaexpiationis
1014 742 1023 758 ‚
1039 725 1119 749 cum
1127 714 1261 761 jejunio
1277 715 1488 750 celebratum
1504 718 1572 758 est,
1587 715 1696 750 Levit.
1708 727 1781 759 xvr,
1793 715 1847 751 31.

293 771 407 817 Atque
422 770 509 805 haec
524 773 578 808 est
593 768 720 817 μεγάλη
737 771 882 815 νηστεία,
899 783 1005 818 quam
1019 773 1109 807 inter
1124 772 1270 807 sabbata
1282 772 1388 806 refert
1398 771 1622 819 Epiphanius.
1653 773 1744 808 Tum
1755 773 1849 808 enim

295 828 408 874 operis
423 827 511 862 nihil
523 828 820 874 faciebant,-com.
836 829 891 866 29.
929 830 979 864 De
995 830 1129 864 minore
1143 823 1272 864 ieiunio
1289 829 1444 865 nondum
1459 834 1588 864 certam
1602 830 1775 865 rationem
1790 841 1849 865 ex-

292 885 411 932 pedire
424 885 534 931 potui.
563 885 605 920 In
618 884 816 921 kalendario
832 887 1085 929 Hebraeorum,
1102 886 1195 932 qnod
1211 886 1376 932 Sigonius
1393 897 1434 921 ac
1451 887 1645 922 Torniellus
1661 887 1849 930 ediderunt,

293 942 349 977 die
363 942 457 977 Adar
471 954 544 979 nv.
560 942 730 978 ieiunium
744 942 868 978 Esther
884 954 965 978 cum
979 942 1200 980 Mardochaei
1213 943 1320 986 festo,
1343 944 1436 989 quod
1451 947 1525 978 erat
1539 944 1680 979 Pnurim
1689 971 1699 988 ,
1713 943 1780 979 hoc
1796 951 1850 979 est

291 999 439 1034 sortium
453 1000 588 1043 minus,
603 999 733 1035 incidit.
770 1000 869 1042 Quod
884 1001 1028 1046 proinde
1042 1001 1212 1036 ieiunium
1225 1001 1342 1036 minus
1359 995 1689 1047 existimaripossit.
1720 1002 1850 1041 Verum

293 1056 585 1092 summovendum
599 1056 665 1092 hoc
679 1057 848 1093 ieiunium
863 1059 901 1092 in
917 1070 994 1095 xm.
1011 1058 1121 1101 Adar,
1143 1062 1184 1093 ut
1199 1069 1220 1092 a
1234 1058 1413 1093 Munstero
1430 1062 1465 1092 et
1477 1057 1702 1093 Genebrardo
1717 1058 1850 1094 fictum

293 1118 362 1157 est,
386 1114 479 1160 quod
499 1119 535 1149 et
553 1114 745 1161 scripturae
766 1116 951 1150 autoritate
975 1118 1121 1151 constat.
1160 1115 1251 1151 Nam
1265 1114 1389 1150 Esther
1405 1126 1480 1161 cap.
1497 1128 1550 1158 ιι,
1575 1115 1630 1158 22,
1653 1127 1725 1150 xrv.
1741 1118 1777 1150 et
1791 1127 1848 1151 xv.

293 1172 424 1207 mensis
439 1171 531 1206 Adar
544 1172 636 1206 inter
646 1171 853 1207 Iudaeorum
867 1172 957 1207 festa
968 1173 1186 1214 sanciuntur,
1209 1172 1260 1206 uti
1281 1172 1351 1207 sint
1366 1174 1439 1207 dies
1452 1174 1508 1207 illi
1522 1174 1698 1218 epularum
1715 1184 1758 1207 ac
1778 1173 1850 1207 lae-

293 1232 402 1265 titiae.
434 1229 511 1264 Non
526 1229 635 1275 igitur
650 1241 720 1265 xiv.
737 1229 791 1264 die
806 1230 1017 1265 ieiunabant.
1050 1229 1163 1272 Quare
1179 1229 1220 1264 de
1235 1229 1370 1264 minore
1385 1230 1444 1264 illo
1459 1229 1605 1273 ieiunio,
1621 1229 1714 1276 quod
1729 1240 1800 1265 una
1815 1234 1851 1265 et

291 1287 421 1322 festum
436 1287 510 1321 sive
525 1286 713 1321 sabbatum
728 1287 790 1329 sit,
806 1287 956 1334 amplius
973 1287 1207 1333 quaerendum
1223 1286 1370 1323 videtur.

383 1342 482 1378 ’Ἤτοι
496 1342 528 1378 ἐν
545 1343 678 1390 δευτέρᾳ
693 1342 894 1389 σαββάτων.]
926 1344 1010 1379 Tres
1022 1344 1195 1379 duntaxat
1204 1343 1428 1379 hebdomadis
1440 1343 1544 1379 ferias
1556 1344 1850 1388 commemoravit,

291 1416 344 1447 11.,
359 1415 412 1439 111.
429 1405 464 1436 et
478 1414 526 1438 rv.
564 1401 634 1436 Sed
650 1412 721 1436 una
741 1402 846 1436 etiam
869 1405 1023 1436 caeteras
1045 1401 1284 1448 συνεκδοχικῶς
1299 1401 1504 1448 complexus
1520 1404 1584 1437 est.
1619 1401 1740 1447 Neque
1756 1401 1851 1437 enim

292 1465 347 1496 est
366 1461 439 1495 ulla
457 1459 546 1495 ratio
569 1470 630 1494 cnr
650 1469 673 1493 a
695 1459 838 1494 caeteris
861 1469 923 1494 eae
945 1459 1170 1494 solmnitates
1185 1462 1376 1494 arceantur.
1411 1458 1505 1494 Nam
1523 1462 1695 1494 certorum
1715 1458 1848 1494 dierum

292 1518 490 1564 superstitio
505 1517 567 1551 illa
582 1527 687 1563 quam
701 1516 822 1551 Iudaei
836 1517 1040 1559 observant,
1057 1518 1093 1552 et
1106 1516 1144 1550 in
1154 1515 1215 1551 lad
1227 1515 1387 1552 Ramban
1403 1516 1580 1562 exposuit,
1595 1514 1683 1551 nihil
1697 1515 1741 1551 ad
1755 1514 1848 1551 huuc

292 1576 408 1610 locum
423 1574 518 1610 facit.
556 1574 608 1609 De
624 1584 694 1620 qua
709 1574 795 1608 alias
812 1573 1033 1608 disseremus.
1731 1587 1736 1597 ⁷

382 1632 425 1669 N.
442 1644 526 1668 xxx.
551 1630 675 1666 Ὁπότε
691 1631 745 1666 καί
769 1630 799 1665 οἱ
815 1629 1079 1677 εἰδωλολάτραι]
1113 1630 1255 1667 Hieron.
1272 1629 1317 1665 ad
1333 1641 1407 1676 cap.
1422 1630 1562 1665 Hieron.
1578 1641 1620 1665 x:
1650 1629 1848 1673 Multarum,

291 1690 422 1737 inquit,
446 1702 487 1724 ex
508 1690 656 1735 quadam
672 1696 779 1735 parte
798 1692 962 1734 mentium,
985 1695 1018 1723 et
1036 1691 1182 1723 maxime
1203 1699 1288 1734 quae
1304 1688 1459 1722 Iudaeae
1474 1687 1761 1732 Palaestinasque
1773 1696 1851 1723 oon-

285 1750 374 1794 fines
393 1754 487 1790 sunt,
505 1759 607 1793 usque
623 1747 722 1781 hodie
731 1747 854 1793 populi
869 1747 1169 1788 circumciduntur,
1193 1751 1227 1780 et
1241 1748 1433 1792 praecipue
1449 1745 1614 1791 Aeqyptii
1635 1750 1669 1780 et
1683 1745 1850 1788 Idumaei,

292 1806 506 1840 Ammonitas
522 1812 554 1839 et
568 1804 760 1846 Moabitae,
782 1811 814 1839 et
828 1806 934 1838 omnis
949 1806 1043 1849 reqio
1058 1802 1342 1839 Sarracenorum.
1377 1802 1430 1837 De
1444 1802 1626 1848 Aegyptiis
1647 1802 1684 1836 id
1703 1804 1852 1844 testatur

291 1863 497 1899 Herodotus.
520 1862 681 1897 Meminit
695 1864 731 1896 et
746 1861 887 1907 Origen.
904 1873 930 1896 1.
945 1864 1067 1896 contra
1082 1861 1171 1896 Cels.

383 1920 552 1966 Τρυγόνας
569 1918 607 1953 δέ
623 1931 705 1965 φημι
721 1918 775 1952 καὶ
792 1917 990 1964 δρακαίνας.]
1025 1918 1112 1953 Plin.
1127 1918 1187 1953 lib.
1203 1929 1254 1955 rx.
1277 1928 1354 1964 cap.
1371 1929 1499 1953 xum:
1524 1916 1640 1963 Aeque
1649 1918 1851 1963 pestrfirum

293 1979 426 2013 animal
441 1988 606 2018 araneus,
628 1978 751 2022 spinae
770 1978 808 2010 in
830 1977 929 2010 dorso
949 1976 1067 2010 aculeo
1083 1978 1212 2012 noxius.
1247 1974 1316 2010 Sed
1330 1975 1455 2009 nultum
1469 1986 1609 2021 usquam
1625 1974 1851 2009 execrabilius

292 2048 392 2081 quam
408 2036 531 2069 radius
544 2045 646 2080 super
661 2034 810 2068 caudam
826 2035 972 2073 eminens
993 2035 1158 2078 tryqom's,
1179 2044 1279 2078 quam
1302 2034 1409 2067 nostra·
1422 2032 1647 2067 Paetinae-am
1663 2032 1850 2077 appellant,

293 2093 527 2139 quincunciali
541 2091 784 2136 magnitudine.
813 2090 978 2125 Aelianus
994 2090 1017 2125 l.
1034 2102 1074 2126 11.
1091 2089 1133 2124 de
1148 2090 1263 2126 Anim.
1281 2099 1355 2136 cap.
1371 2099 1404 2124 ι..
1421 2092 1611 2124 venenatos
1626 2089 1740 2135 pisces
1757 2099 1850 2124 com-

294 2153 480 2191 memorat,
495 2149 658 2195 gobium,
675 2147 877 2190 draconem,
900 2146 1137 2190 hirundinem,
1161 2157 1308 2193 quorum
1324 2150 1440 2182 tamen
1457 2146 1550 2181 virus
1565 2147 1709 2182 minime
1723 2145 1850 2182 lethale

293 2208 350 2244 sit.
389 2208 436 2242 At
457 2206 657 2254 pastinacae
678 2205 1002 2252 praesentissimum
1029 2215 1105 2240 esse
1131 2203 1240 2239 docet.
1280 2203 1331 2238 De
1353 2203 1529 2239 muraenis
1549 2203 1637 2239 Plin.
1659 2204 1720 2241 lib.
1737 2216 1850 2248 xxm,

294 2276 371 2313 cap.
387 2277 441 2303 1v=
465 2264 656 2299 Muraenae
669 2274 798 2298 morsus
811 2265 966 2310 ipsarum
983 2264 1110 2309 capitis
1124 2264 1238 2297 cinere
1252 2267 1430 2296 canantur.

467 2401 527 2438 AD
550 2399 785 2439 HAERESIM
806 2399 960 2445 xxxi„
985 2397 1104 2444 QUAE
1126 2398 1212 2436 EST
1230 2379 1675 2436 VALENTINIANORUM.

383 2494 434 2531 De
440 2494 761 2532 Valentinianorum
776 2493 882 2540 nugis
892 2496 1028 2541 praeter
1039 2493 1220 2529 Irenaeum
1233 2492 1390 2538 aliosque
1400 2494 1533 2527 veteres
1545 2503 1589 2527 ex
1600 2491 1848 2528 recentioribus

293 2552 560 2598 diligentissime
576 2551 764 2599 disputavit
777 2550 951 2587 Pamelins
967 2550 1011 2587 ad
1026 2550 1168 2587 Tertull.

385 2610 425 2645 N.
441 2622 479 2645 n.
505 2606 657 2655 Ἕφασαν
671 2606 734 2656 γὰρ
747 2608 847 2644 αὐτόν
860 2609 966 2653 τινας]
990 2607 1220 2643 Phreboniten
1237 2617 1380 2643 nemum
1395 2609 1456 2642 aut
1469 2607 1720 2654 praefecturam
1735 2617 1847 2654 neque

294 2667 385 2714 apud
401 2667 641 2703 Ptolomaeum
664 2677 778 2714 neque
800 2665 892 2713 apud
916 2665 1118 2712 diligentem
1140 2675 1259 2701 earum
1281 2674 1395 2700 rerum
1411 2663 1578 2700 ortelium
1603 2665 1752 2711 reperio,
1776 2665 1847 2709 sed,

294 2725 354 2772 qui
370 2725 538 2761 vocabulo
554 2724 735 2773 proximus
745 2749 754 2767 ,
771 2722 1029 2766 Phaeacum,
1046 2721 1139 2759 haud
1153 2722 1273 2770 procul
1287 2721 1385 2758 mari.

386 2779 539 2828 Ἀμψιοῦ,
565 2779 720 2828 mpetum]
774 2780 926 2816 Barbara
949 2778 1034 2816 haec
1057 2784 1139 2816 sunt
1159 2781 1317 2815 Aeonum
1338 2778 1499 2822 nomina,
1524 2777 1613 2814 haud
1638 2779 1711 2815 scio
1733 2789 1777 2815 an
1801 2791 1847 2816 ex

296 2839 546 2885 Aegyptiorum
569 2839 690 2886 lingua
711 2838 880 2886 proiecta,
905 2848 948 2873 sn
972 2842 1100 2873 temere
1121 2841 1226 2884 atque
1248 2836 1291 2873 sd
1312 2839 1478 2872 torrorem
1505 2836 1663 2874 conficta.
1710 2837 1847 2884 Duplex

296 2895 418 2932 horum
441 2896 546 2931 series
570 2899 633 2932 est.
680 2896 717 2931 ln
741 2896 853 2942 priore
876 2895 973 2942 paris
995 2905 1035 2931 ac
1057 2894 1210 2941 συζυγίας
1232 2893 1412 2941 copulasse
1433 2892 1578 2935 videtur,
1602 2894 1637 2929 iu
1659 2894 1846 2941 posteriore

295 2954 371 2990 sine
394 2953 464 2988 ulla
488 2954 613 3000 copula
633 2953 838 2998 singillatim
860 2952 1108 2999 percensulsee.
1144 2951 1299 2997 Cumque
1319 2950 1486 2986 nonnulla
1509 2950 1555 2986 sit
1576 2951 1758 2998 utrobique
1774 2962 1846 2987 cer-

296 3016 409 3047 torum
432 3010 611 3046 nominum
634 3010 844 3053 differentia,
868 3010 1093 3057 posteriorem
1115 3009 1191 3044 ideo
1207 3008 1374 3044 veriorem
1397 3007 1543 3043 arbitror
1565 3008 1657 3054 quod
1673 3020 1744 3045 xxx
1761 3008 1846 3046 dun·

296 3072 396 3107 taxat
416 3067 602 3111 vocabula,
619 3071 705 3115 quot
718 3066 878 3104 videlieet
893 3068 1029 3105 Aeones
1045 3069 1143 3110 sunt,
1159 3065 1349 3108 contineat,
1365 3065 1475 3101 altere
1491 3076 1616 3101 xxxin.
