2008 3294
205 1821 233 1847 p.
246 1813 304 1841 ³24.

342 216 584 254 GCLXXXVI

340 332 465 356 menus
479 321 570 356 falso
585 320 620 355 in
638 319 821 355 Sirmiensi
836 320 970 366 synodo
990 320 1222 367 conscriptam
1243 324 1456 358 asseverant.
1502 321 1593 357 Nata
1614 324 1668 357 est
1691 321 1785 357 enim
1807 332 1900 358 anno

342 378 482 413 demum
499 388 641 413 cccux.
665 377 815 412 Eusebio
840 381 875 412 et
892 377 1042 424 Hypatio
1059 389 1148 413 cosS.
1174 390 1222 414 xr.
1240 377 1318 414 Kal.
1334 377 1469 422 Iunias,
1493 382 1532 414 ut
1546 378 1760 414 Athanasius
1781 379 1842 415 lib.
1859 379 1901 415 de

341 435 492 480 Synodis
509 434 617 469 docet.
663 434 731 476 Qui
746 434 820 468 dies
835 434 922 480 prid.
937 438 1156 482 pentecostes
1176 435 1243 470 fuit
1253 461 1263 477 ,
1287 435 1379 481 quod
1393 435 1607 482 Epiphanius
1623 435 1740 471 hocin
1755 437 1832 472 loeo
1850 439 1901 471 te·

341 495 463 526 statur.
493 491 580 526 Vide
596 502 684 537 quae
700 490 864 526 Nicolaus
879 491 992 527 Faber
1006 492 1114 539 praef.
1131 492 1175 526 ad
1191 492 1314 526 Hilarii
1327 492 1526 538 fragmenta
1546 493 1702 540 disputat
1723 504 1804 540 pag.
1819 492 1899 530 375.

340 548 451 594 Igitur
472 552 553 594 post
572 549 796 593 Ancyranum
826 549 1013 584 concilium
1041 549 1194 584 Basilius
1231 549 1359 595 aliique
1383 548 1678 585 Semiarianorum
1699 550 1808 596 legati
1831 549 1902 585 sir·

339 606 451 640 mium
467 605 510 640 ad
525 606 770 651 imperatorem
783 605 932 652 profecti
951 606 1069 641 literas
1093 607 1137 641 ab
1160 617 1200 640 eo
1226 609 1349 641 contra
1362 606 1563 642 Eudoxium
1578 611 1613 642 et
1626 607 1824 642 Anomoeos
1840 617 1902 642 ex-

340 666 552 709 presserunt.
585 662 676 697 Tum
699 662 740 697 de
764 663 952 698 eorundem
976 664 1120 698 consilio
1142 664 1332 709 imperator
1351 663 1396 698 ad
1410 674 1466 698 res
1482 663 1718 700 Antiochenae
1734 664 1901 701 ecclesiae

341 719 616 766 componendas,
633 730 739 766 quam
751 719 930 756 Eudoxias
945 724 1082 767 praeter
1098 731 1248 755 canones
1266 724 1463 767 occuparat,
1479 721 1584 756 simul
1599 721 1642 756 ad
1654 722 1746 756 Astii
1762 725 1797 757 et
1807 722 1901 757 Ano·

340 788 520 812 moeorum
535 776 791 823 profligandam
806 777 1037 824 impietatem,
1061 788 1189 813 novam
1213 777 1386 823 synodum
1409 788 1624 825 congregare
1647 779 1784 821 statuit,
1809 778 1902 825 quod

341 845 447 880 supra
462 834 498 869 in
514 845 684 869 annorum
700 835 845 881 synopsi
859 835 1123 871 declaravimus.
1153 834 1281 870 Postea
1296 845 1377 870 cum
1392 835 1434 870 de
1449 835 1536 871 urbe
1545 861 1555 879 ,
1570 836 1614 875 ,in
1629 846 1700 882 qua
1714 846 1900 872 consessus

339 890 461 927 haberi
482 895 616 938 posset,
637 902 861 938 nequaquam
882 892 1037 939 episcopi
1051 892 1293 935 convenirent,
1314 891 1467 927 Basilius
1489 903 1580 928 anno
1598 902 1765 929 cccxnu.
1781 903 1902 928 rursus

340 949 384 984 ad
398 949 643 995 imperatorem
658 948 826 984 Sirmium
841 949 990 984 advolat.
1035 949 1132 984 Prior
1155 950 1249 984 enim
1271 949 1439 995 profectio
1462 950 1500 984 in
1523 960 1656 985 annum
1676 950 1901 997 superiorem,

341 1017 410 1053 quo
426 1010 462 1041 et
475 1005 700 1052 Ancyranum
715 1006 901 1042 concilim
916 1006 1128 1041 celebratum
1144 1010 1207 1050 est,
1223 1007 1379 1043 incurrit.
1402 1006 1455 1042 Ibi
1471 1017 1552 1042 cum
1567 1006 1762 1050 Urswium,
1774 1007 1902 1042 Valen-

340 1067 428 1107 tem,
449 1063 608 1098 Marcum
630 1063 871 1107 Arethusium,
894 1063 1086 1110 Georgium
1108 1063 1402 1107 Alexandrinum,
1428 1063 1644 1100 Germinium
1674 1064 1829 1111 aliosque
1849 1063 1902 1099 fa-

341 1121 464 1156 ctionis
481 1121 628 1156 Arianae
643 1121 816 1167 principes
832 1120 1050 1164 offendisset,
1075 1132 1154 1156 cum
1176 1121 1246 1156 illis
1271 1131 1481 1167 congressus
1505 1125 1574 1164 est,
1599 1131 1640 1157 ac
1662 1124 1744 1168 post
1757 1122 1902 1168 longam

340 1178 602 1213 altercationem
617 1177 758 1212 demum
774 1178 989 1214 allaborante
1005 1178 1208 1214 Constantio
1232 1178 1269 1213 in
1291 1188 1371 1213 eam
1389 1178 1472 1213 fidei
1486 1178 1739 1225 professionem
1756 1189 1902 1214 consen·

340 1246 419 1270 sum
435 1235 480 1270 ab
497 1235 658 1270 omnibus
674 1239 737 1278 est,
754 1238 793 1270 ut
805 1234 916 1275 οὐσίας
929 1239 964 1270 et
975 1233 1154 1282 ὁμοουσίου
1167 1236 1306 1271 abolitis
1317 1236 1462 1271 vocibus
1473 1235 1586 1271 filium
1601 1236 1694 1282 patri
1707 1246 1769 1283 per
1784 1235 1902 1272 omnia

340 1293 491 1328 similem
513 1292 739 1327 affirmarent.
787 1292 852 1327 Oui
872 1292 1002 1327 Valens
1024 1293 1152 1328 invitus
1176 1293 1397 1339 subscripsit,
1420 1292 1575 1328 Basilius
1598 1303 1697 1337 vero,
1721 1292 1815 1340 quud
1835 1293 1901 1328 im·

339 1354 474 1397 patrare
497 1349 642 1384 minime
663 1349 850 1396 potuisset,
874 1352 914 1384 ut
934 1349 973 1384 in
993 1349 1144 1385 formula
1166 1350 1245 1396 ipsa
1260 1350 1451 1384 substant-ia
1466 1351 1588 1385 similis
1604 1349 1774 1386 diceretur
1793 1350 1900 1394 filius,

338 1407 377 1442 in
391 1407 643 1453 subscriptione
659 1417 725 1441 sua
740 1406 824 1452 quid
839 1407 983 1442 sentiret
996 1410 1164 1442 testatum
1175 1407 1295 1450 voluit,
1318 1411 1357 1442 ut
1370 1405 1436 1442 hoc
1453 1407 1530 1442 loco
1546 1410 1666 1442 narrat
1675 1406 1900 1454 Epiphanius.

339 1464 468 1499 Valens
491 1475 571 1499 cum
593 1463 658 1498 hac
678 1463 828 1498 formula
842 1463 926 1498 fidei
947 1464 1066 1500 statim
1088 1464 1132 1499 ad
1149 1464 1367 1499 Ariminense
1391 1464 1576 1500 concilium
1598 1465 1763 1512 perrexit.
1806 1464 1902 1500 Inter

338 1522 461 1556 Hilarii
474 1521 674 1567 fragmenta
689 1524 807 1556 exstat
821 1521 969 1567 epistola
985 1520 1171 1564 Germinii,
1196 1532 1241 1556 ex
1264 1531 1334 1567 qua
1353 1521 1440 1557 illud
1460 1524 1641 1568 praeterea
1659 1522 1899 1569 cognoscitur:

339 1590 421 1614 cum
436 1581 618 1626 praesente
635 1577 840 1614 Constantio
856 1578 997 1624 longius
1014 1578 1058 1613 ad
1073 1582 1212 1614 noctem
1229 1589 1338 1625 usque
1353 1579 1490 1625 prolata
1512 1583 1604 1614 esset
1626 1579 1668 1614 de
1690 1578 1760 1615 fide
1782 1579 1900 1626 dispu-

338 1636 425 1671 tatio
442 1640 478 1671 et
493 1636 538 1671 ad
553 1640 684 1671 certam
700 1636 859 1682 regulam
874 1635 1056 1682 perducta,
1073 1636 1233 1671 Marcum
1247 1635 1472 1671 Arethusium
1487 1636 1532 1671 ab
1547 1640 1694 1683 utraque
1708 1640 1806 1683 parte
1821 1647 1899 1672 esse

338 1693 528 1737 delectum,
544 1704 566 1728 a
581 1703 651 1739 quo
669 1693 870 1728 Sirmiensis
885 1693 946 1728 illa
961 1692 1112 1728 formula
1128 1692 1271 1737 dictata,
1288 1693 1346 1728 cui
1361 1704 1450 1729 coss.
1466 1693 1614 1740 praefixi
1628 1696 1721 1730 sunt.
1753 1693 1808 1729 Ex
1824 1694 1900 1741 qui-

338 1751 405 1788 bus
429 1754 574 1799 apparet
591 1749 824 1793 Germinium,
848 1761 929 1785 cum
949 1749 1118 1786 hactenus
1134 1751 1392 1786 Anomoeorum
1415 1750 1580 1798 perfidiae
1603 1761 1684 1786 cum
1698 1751 1843 1787 Valente
1866 1754 1901 1786 et

338 1807 483 1851 Ussacio
497 1807 636 1851 fuisset,
658 1808 867 1854 quibuscum
891 1808 998 1843 etiam
1019 1807 1167 1843 Hosium
1183 1807 1227 1843 ad
1245 1805 1422 1854 ὃμοουσίου
1439 1811 1474 1843 et
1490 1806 1679 1855 ὃμοιουσίου
1693 1807 1865 1844 tollendas
1879 1819 1900 1844 e

338 1865 455 1905 medio
468 1876 573 1901 voces
595 1865 776 1912 adegerat,
800 1869 840 1900 ut
858 1865 919 1901 lib.
932 1877 980 1901 xv.
999 1875 1074 1912 cap.
1088 1877 1138 1902 xi.
1161 1865 1283 1900 scribit
1303 1865 1535 1908 Sozomenus,
1559 1865 1604 1900 ab
1626 1865 1696 1901 illis
1717 1865 1900 1913 paululum

339 1922 547 1958 dissensisse
568 1926 603 1958 et
623 1932 812 1970 suppressa
833 1923 889 1967 τῆς
911 1921 1023 1963 οὐσίας
1044 1922 1222 1958 mentione
1242 1922 1307 1958 filii
1321 1933 1382 1969 per
1399 1923 1518 1958 omnia
1532 1933 1612 1958 cum
1627 1926 1725 1970 patre
1739 1922 1899 1959 similitu·

340 1980 455 2015 dinem
471 1981 668 2026 agnovisse.

430 2037 614 2084 Γερμανοῦ,
631 2036 855 2083 ‘ructuantem
886 2037 956 2072 Alii
970 2036 1160 2084 Γερμανίου.
1192 2037 1263 2073 Sed
1277 2036 1445 2084 Γερμινίου
1461 2037 1530 2084 leg.

429 2094 471 2131 N.
490 2106 592 2130 xxm.
624 2093 845 2140 Διηνέχθησαν
869 2090 926 2128 οὖν
948 2092 978 2128 οἱ
1000 2093 1120 2139 αὐτοι]
1167 2093 1318 2130 Basilius
1342 2095 1548 2140 Ancyranus
1569 2097 1651 2140 post
1672 2090 1898 2131 sirmiensem

339 2152 530 2199 synodum,
551 2151 588 2187 in
605 2161 676 2198 qua
689 2155 866 2187 strenuam
882 2150 1048 2186 adversus
1063 2150 1250 2186 Photinum
1266 2161 1407 2197 operam
1421 2154 1626 2195 navaverat,
1642 2151 1735 2198 apud
1750 2151 1898 2199 impera-

338 2213 449 2245 torem
465 2208 581 2255 gratia
594 2208 783 2259 plurimum
794 2211 834 2244 et
847 2208 1030 2244 autoritate
1047 2208 1167 2244 valuit.
1211 2207 1301 2243 Nam
1317 2208 1362 2243 ab
1378 2207 1562 2254 Ancyrano
1578 2208 1723 2244 concilio
1739 2208 1784 2244 ad
1798 2209 1897 2246 ilium

339 2267 511 2313 allegatus
526 2264 614 2302 nihil
627 2276 700 2302 non
716 2263 876 2309 ebusan,
893 2265 979 2301 adeo
995 2269 1034 2301 ut
1046 2265 1244 2301 Eudoxium
1256 2265 1400 2312 eiusque
1415 2264 1664 2312 suffragatores
1680 2265 1897 2313 imperatoris

339 2323 452 2359 edicto
467 2323 678 2370 percelleret.
708 2321 796 2359 Mox
818 2322 856 2359 in
872 2321 1082 2359 Ariminensi
1103 2327 1138 2358 et
1152 2322 1365 2358 Seleuciensi
1380 2321 1513 2369 synodo
1529 2322 1784 2369 congregandis
1799 2334 1897 2371 prae·

339 2381 459 2428 cipuas
476 2384 592 2428 partes
607 2380 691 2427 egit.
720 2379 849 2416 Verum
865 2379 970 2427 paulo
986 2384 1066 2427 post
1080 2380 1198 2415 Aeacii
1212 2379 1362 2415 factione
1378 2378 1529 2415 deiectus
1544 2390 1615 2415 non
1632 2380 1735 2416 modo
1750 2381 1896 2428 impera-

339 2438 423 2474 toris
447 2438 579 2485 gratia,
601 2437 663 2474 sed
686 2437 889 2484 episcopatu
913 2437 1055 2485 insuper
1077 2437 1216 2473 excidit.
1262 2436 1477 2484 Plagrabant
1495 2447 1557 2484 per
1577 2437 1638 2472 illa
1652 2441 1811 2485 tempora
1824 2449 1896 2474 non

339 2495 453 2530 solum
470 2496 559 2530 inter
571 2495 718 2530 Arianos
735 2499 770 2530 et
785 2493 974 2530 catholicos
984 2520 993 2538 ,
1010 2494 1071 2530 sed
1086 2494 1176 2531 inter
1190 2494 1286 2541 ipsos
1299 2494 1444 2530 Arianos
1460 2493 1612 2531 dissidia.
1637 2493 1791 2536 Quorum
1807 2494 1895 2531 duae

339 2553 558 2599 potissimum
575 2552 744 2588 {actiones
761 2555 870 2587 erant.
917 2551 1064 2594 Quidam
1080 2552 1174 2588 euim
1190 2563 1235 2587 ex
1251 2551 1319 2587 illis
1335 2551 1422 2587 meri
1437 2550 1611 2598 dogmatis
1628 2550 1782 2588 fautores
1798 2550 1894 2595 nihil,

340 2610 432 2656 quod
449 2609 492 2645 ad
505 2609 618 2644 οὐσίαν
631 2614 666 2645 et
677 2609 909 2645 substantiam
925 2609 1084 2656 pertinet,
1100 2619 1284 2645 commune
1301 2619 1376 2644 esse
1391 2607 1463 2644 mio
1479 2618 1559 2644 oum
1574 2612 1671 2655 patre
1687 2608 1894 2652 sentiebant,

339 2667 485 2714 ideoque
499 2671 573 2702 tam
590 2665 778 2714 ὃμοιούσιον
795 2677 900 2712 quam
917 2665 1094 2713 ὀμοούσιον
1109 2665 1348 2713 repudiabant,
1364 2675 1427 2702 nec
1440 2665 1546 2702 ullam
1559 2665 1701 2701 omnino
1715 2667 1770 2710 τῆς
1783 2664 1894 2707 οὐσίας

341 2724 552 2759 mentionem
577 2724 822 2766 admittebaut3
847 2734 908 2771 pro
933 2734 974 2759 eo
999 2733 1039 2759 ac
1063 2723 1220 2771 pluribus
1243 2723 1279 2759 in
1302 2722 1439 2759 illorum
1460 2720 1698 2758 conciliabulis
1719 2722 1895 2759 decretum

341 2781 452 2815 suerat
468 2782 620 2817 maxime
638 2781 672 2816 in
689 2780 842 2816 secunda
854 2780 1036 2816 Sirmiensi
1051 2781 1216 2824 formula,
1234 2790 1337 2827 quam
1351 2779 1425 2815 Osii
1437 2782 1472 2815 et
1482 2778 1629 2815 Potamii
1642 2778 1894 2826 blasphemiam

339 2837 489 2873 Hilarius
506 2839 667 2885 appellat.
700 2836 832 2873 Horum
848 2838 1022 2885 principes
1039 2842 1138 2873 erant
1153 2837 1347 2879 Eudoxius,
1364 2836 1423 2884 qui
1435 2834 1684 2871 Antiochenam
1702 2836 1820 2872 sedem
1837 2847 1892 2873 oc-

339 2899 485 2941 cuparat
506 2895 596 2930 Astii
619 2898 802 2941 patronus,
828 2894 1001 2941 Georgius
1026 2894 1295 2938 Alexandrinus,
1318 2893 1484 2936 Euzoius,
1507 2893 1567 2939 qui
1590 2893 1792 2930 Antiochiae
1813 2898 1894 2941 post

340 2955 581 2987 exenteratum
599 2952 775 2988 Meletium
791 2951 959 2988 suil'ectns
975 2955 1040 2995 est,
1055 2962 1118 2987 nec
1134 2963 1205 2987 non
1222 2951 1367 2987 Aeacius
1384 2949 1633 2994 Caesariensis,
1650 2950 1798 2987 Urauius
1810 2950 1893 2998 Tyri

340 3007 512 3056 episcopi,
542 3008 576 3043 iu
602 3007 785 3044 Occidente
814 3020 894 3045 vero
920 3008 1082 3045 Ursaclus
1105 3013 1139 3044 et
1156 3008 1299 3051 Valens,
1328 3007 1523 3043 Germinius
1551 3008 1680 3054 aliique
1707 3008 1890 3044 innumeri.

341 3065 439 3109 Quod
456 3065 547 3100 enlm
563 3065 741 3100 aetianam
756 3065 934 3112 perfidiam
952 3076 1029 3101 cum
1042 3065 1200 3101 Eudoxio
1214 3065 1358 3101 Aeacius
1375 3065 1571 3111 caeterique
1586 3065 1892 3113 propagaverint,
