<?xml version="1.0" encoding="UTF-8"?>
<!DOCTYPE html PUBLIC "-//W3C//DTD XHTML 1.0 Transitional//EN"
    "http://www.w3.org/TR/xhtml1/DTD/xhtml1-transitional.dtd">
<html xmlns="http://www.w3.org/1999/xhtml" xml:lang="en" lang="en">
 <head>
  <title>
</title>
<meta http-equiv="Content-Type" content="text/html;charset=utf-8" />
  <meta name='ocr-system' content='tesseract 3.04.00' />
  <meta name='ocr-capabilities' content='ocr_page ocr_carea ocr_par ocr_line ocrx_word'/>
</head>
<body>
  <div class='ocr_page' id='page_1' title='image "./corporishaereseo03epip_0272.png"; bbox 0 0 2008 3294; ppageno 0'>
   <div class='ocr_carea' id='block_1_1' title="bbox 166 1415 265 1448">
    <p class='ocr_par' dir='ltr' id='par_1_1' title="bbox 166 1415 265 1448">
     <span class='ocr_line' id='line_1_1' title="bbox 166 1415 265 1448; baseline 0 -6"><span class='ocrx_word' id='word_1_1' title='bbox 166 1424 192 1448; x_wconf 83' lang='lat' dir='ltr'><strong>p.</strong></span> <span class='ocrx_word' id='word_1_2' title='bbox 207 1415 265 1442; x_wconf 79' lang='lat'>162.</span> 
     </span>
    </p>
   </div>
   <div class='ocr_carea' id='block_1_2' title="bbox 298 211 436 247">
    <p class='ocr_par' dir='ltr' id='par_1_2' title="bbox 298 211 436 247">
     <span class='ocr_line' id='line_1_2' title="bbox 298 211 436 247; baseline 0 0"><span class='ocrx_word' id='word_1_3' title='bbox 298 211 436 247; x_wconf 85' lang='lat' dir='ltr'>CXLIV</span> 
     </span>
    </p>
   </div>
   <div class='ocr_carea' id='block_1_3' title="bbox 297 308 1860 3105">
    <p class='ocr_par' dir='ltr' id='par_1_3' title="bbox 297 308 1860 3105">
     <span class='ocr_line' id='line_1_3' title="bbox 297 308 1855 361; baseline -0.004 -11"><span class='ocrx_word' id='word_1_4' title='bbox 297 315 336 350; x_wconf 91' lang='lat' dir='ltr'><strong>In</strong></span> <span class='ocrx_word' id='word_1_5' title='bbox 354 317 476 361; x_wconf 86' lang='lat' dir='ltr'><strong>quarta</strong></span> <span class='ocrx_word' id='word_1_6' title='bbox 491 314 607 349; x_wconf 86' lang='lat' dir='ltr'><strong>addito</strong></span> <span class='ocrx_word' id='word_1_7' title='bbox 624 313 679 347; x_wconf 90' lang='lat' dir='ltr'><strong>die</strong></span> <span class='ocrx_word' id='word_1_8' title='bbox 695 312 806 347; x_wconf 91' lang='lat' dir='ltr'><strong>solido</strong></span> <span class='ocrx_word' id='word_1_9' title='bbox 823 314 957 347; x_wconf 77' lang='lat' dir='ltr'><strong>restant</strong></span> <span class='ocrx_word' id='word_1_10' title='bbox 970 311 1045 348; x_wconf 89' lang='lat' dir='ltr'><strong>hor.</strong></span> <span class='ocrx_word' id='word_1_11' title='bbox 1058 311 1091 346; x_wconf 88' lang='grc'><strong>4.</strong></span> <span class='ocrx_word' id='word_1_12' title='bbox 1133 310 1218 346; x_wconf 84' lang='grc' dir='ltr'><strong>Ρο01</strong></span> <span class='ocrx_word' id='word_1_13' title='bbox 1232 310 1391 356; x_wconf 75' lang='lat' dir='ltr'><strong>quintam</strong></span> <span class='ocrx_word' id='word_1_14' title='bbox 1406 308 1794 345; x_wconf 67' lang='lat' dir='ltr'><strong>tessaradecaeteridum</strong></span> <span class='ocrx_word' id='word_1_15' title='bbox 1813 309 1855 343; x_wconf 88' lang='grc'><strong>14</strong></span> 
     </span>
     <span class='ocr_line' id='line_1_4' title="bbox 298 365 1854 418; baseline -0.004 -11"><span class='ocrx_word' id='word_1_16' title='bbox 298 372 401 407; x_wconf 83' lang='grc'><strong>110100</strong></span> <span class='ocrx_word' id='word_1_17' title='bbox 417 374 613 418; x_wconf 86' lang='lat' dir='ltr'><strong>supersunt.</strong></span> <span class='ocrx_word' id='word_1_18' title='bbox 643 369 683 404; x_wconf 93' lang='lat' dir='ltr'><strong>In</strong></span> <span class='ocrx_word' id='word_1_19' title='bbox 700 374 801 404; x_wconf 86' lang='lat' dir='ltr'><strong>sexta</strong></span> <span class='ocrx_word' id='word_1_20' title='bbox 816 369 889 403; x_wconf 90' lang='lat' dir='ltr'><strong>dies</strong></span> <span class='ocrx_word' id='word_1_21' title='bbox 905 380 997 404; x_wconf 90' lang='lat' dir='ltr'><strong>unus</strong></span> <span class='ocrx_word' id='word_1_22' title='bbox 1013 368 1189 403; x_wconf 81' lang='lat' dir='ltr'><strong>eximitur.</strong></span> <span class='ocrx_word' id='word_1_23' title='bbox 1222 367 1442 413; x_wconf 86' lang='lat' dir='ltr'><strong>Colliguntur</strong></span> <span class='ocrx_word' id='word_1_24' title='bbox 1457 367 1530 402; x_wconf 90' lang='lat' dir='ltr'><strong>dies</strong></span> <span class='ocrx_word' id='word_1_25' title='bbox 1547 366 1671 402; x_wconf 82' lang='grc'><strong>30650.</strong></span> <span class='ocrx_word' id='word_1_26' title='bbox 1701 365 1854 402; x_wconf 86' lang='lat' dir='ltr'><strong>Adiectis</strong></span> 
     </span>
     <span class='ocr_line' id='line_1_5' title="bbox 299 423 1854 470; baseline -0.004 -7"><span class='ocrx_word' id='word_1_27' title='bbox 299 429 419 463; x_wconf 89' lang='lat' dir='ltr'><strong>diebus</strong></span> <span class='ocrx_word' id='word_1_28' title='bbox 430 428 485 463; x_wconf 85' lang='lat'><strong>30.</strong></span> <span class='ocrx_word' id='word_1_29' title='bbox 501 427 592 462; x_wconf 89' lang='lat' dir='ltr'><strong>fiunt</strong></span> <span class='ocrx_word' id='word_1_30' title='bbox 602 426 726 462; x_wconf 88' lang='lat'>30680.</span> <span class='ocrx_word' id='word_1_31' title='bbox 750 425 863 468; x_wconf 86' lang='lat' dir='ltr'><strong>Quare</strong></span> <span class='ocrx_word' id='word_1_32' title='bbox 879 426 980 461; x_wconf 85' lang='lat' dir='ltr'><strong>annis</strong></span> <span class='ocrx_word' id='word_1_33' title='bbox 1001 425 1064 460; x_wconf 88' lang='lat'><strong>168</strong></span> <span class='ocrx_word' id='word_1_34' title='bbox 1081 426 1154 459; x_wconf 89' lang='lat' dir='ltr'><strong>dies</strong></span> <span class='ocrx_word' id='word_1_35' title='bbox 1171 435 1262 459; x_wconf 89' lang='lat' dir='ltr'><strong>unus</strong></span> <span class='ocrx_word' id='word_1_36' title='bbox 1279 424 1453 460; x_wconf 79' lang='lat' dir='ltr'><strong>eximitur.</strong></span> <span class='ocrx_word' id='word_1_37' title='bbox 1478 424 1551 460; x_wconf 82' lang='lat' dir='ltr'><strong>Hoc</strong></span> <span class='ocrx_word' id='word_1_38' title='bbox 1568 423 1663 459; x_wconf 88' lang='lat' dir='ltr'><strong>enim</strong></span> <span class='ocrx_word' id='word_1_39' title='bbox 1678 426 1854 470; x_wconf 76' lang='lat' dir='ltr'><strong>spectasse</strong></span> 
     </span>
     <span class='ocr_line' id='line_1_6' title="bbox 298 480 1855 531; baseline -0.004 -11"><span class='ocrx_word' id='word_1_40' title='bbox 298 486 444 520; x_wconf 91' lang='lat' dir='ltr'><strong>Iudaeos</strong></span> <span class='ocrx_word' id='word_1_41' title='bbox 459 485 628 531; x_wconf 86' lang='lat' dir='ltr'><strong>Keplerus</strong></span> <span class='ocrx_word' id='word_1_42' title='bbox 645 483 840 525; x_wconf 87' lang='lat' dir='ltr'><strong>existimat,</strong></span> <span class='ocrx_word' id='word_1_43' title='bbox 864 486 904 518; x_wconf 83' lang='lat' dir='ltr'><strong>ut</strong></span> <span class='ocrx_word' id='word_1_44' title='bbox 925 482 1018 529; x_wconf 90' lang='lat' dir='ltr'><strong>quod</strong></span> <span class='ocrx_word' id='word_1_45' title='bbox 1039 493 1173 518; x_wconf 86' lang='lat' dir='ltr'><strong>annum</strong></span> <span class='ocrx_word' id='word_1_46' title='bbox 1188 481 1364 516; x_wconf 88' lang='lat' dir='ltr'><strong>Iulianum</strong></span> <span class='ocrx_word' id='word_1_47' title='bbox 1386 481 1517 519; x_wconf 89' lang='lat' dir='ltr'><strong>scirent</strong></span> <span class='ocrx_word' id='word_1_48' title='bbox 1536 481 1672 527; x_wconf 82' lang='lat' dir='ltr'><strong>tropico</strong></span> <span class='ocrx_word' id='word_1_49' title='bbox 1687 480 1855 515; x_wconf 89' lang='lat' dir='ltr'><strong>maiorem</strong></span> 
     </span>
     <span class='ocr_line' id='line_1_7' title="bbox 298 537 1856 588; baseline -0.003 -11"><span class='ocrx_word' id='word_1_50' title='bbox 298 554 375 577; x_wconf 87' lang='lat' dir='ltr'><strong>esse</strong></span> <span class='ocrx_word' id='word_1_51' title='bbox 384 569 393 585; x_wconf 93' lang='lat'><strong>,</strong></span> <span class='ocrx_word' id='word_1_52' title='bbox 409 553 523 588; x_wconf 87' lang='lat' dir='ltr'><strong>neque</strong></span> <span class='ocrx_word' id='word_1_53' title='bbox 535 542 578 576; x_wconf 93' lang='lat' dir='ltr'><strong>de</strong></span> <span class='ocrx_word' id='word_1_54' title='bbox 589 540 714 588; x_wconf 85' lang='lat' dir='ltr'><strong>tropici</strong></span> <span class='ocrx_word' id='word_1_55' title='bbox 730 541 922 587; x_wconf 84' lang='lat' dir='ltr'><strong>quantitate</strong></span> <span class='ocrx_word' id='word_1_56' title='bbox 938 543 1130 581; x_wconf 89' lang='lat' dir='ltr'><strong>constaret,</strong></span> <span class='ocrx_word' id='word_1_57' title='bbox 1145 539 1183 573; x_wconf 89' lang='lat' dir='ltr'><strong>in</strong></span> <span class='ocrx_word' id='word_1_58' title='bbox 1198 538 1298 573; x_wconf 89' lang='lat' dir='ltr'><strong>annis</strong></span> <span class='ocrx_word' id='word_1_59' title='bbox 1314 537 1378 573; x_wconf 88' lang='lat'><strong>168</strong></span> <span class='ocrx_word' id='word_1_60' title='bbox 1394 538 1486 574; x_wconf 88' lang='lat' dir='ltr'><strong>diem</strong></span> <span class='ocrx_word' id='word_1_61' title='bbox 1500 549 1611 574; x_wconf 91' lang='lat' dir='ltr'><strong>unum</strong></span> <span class='ocrx_word' id='word_1_62' title='bbox 1623 537 1856 579; x_wconf 81' lang='lat' dir='ltr'><strong>detraherent3</strong></span> 
     </span>
     <span class='ocr_line' id='line_1_8' title="bbox 298 593 1856 645; baseline -0.003 -11"><span class='ocrx_word' id='word_1_63' title='bbox 298 600 360 645; x_wconf 90' lang='lat' dir='ltr'><strong>qui</strong></span> <span class='ocrx_word' id='word_1_64' title='bbox 383 603 467 634; x_wconf 89' lang='lat' dir='ltr'><strong>sunt</strong></span> <span class='ocrx_word' id='word_1_65' title='bbox 490 599 579 645; x_wconf 86' lang='lat' dir='ltr'><strong>cycli</strong></span> <span class='ocrx_word' id='word_1_66' title='bbox 601 599 754 634; x_wconf 86' lang='lat' dir='ltr'><strong>minores</strong></span> <span class='ocrx_word' id='word_1_67' title='bbox 769 610 840 641; x_wconf 81' lang='lat' dir='ltr'><strong>xn,</strong></span> <span class='ocrx_word' id='word_1_68' title='bbox 862 597 1014 632; x_wconf 86' lang='lat' dir='ltr'><strong>maiores</strong></span> <span class='ocrx_word' id='word_1_69' title='bbox 1031 609 1068 632; x_wconf 86' lang='grc'><strong>11.</strong></span> <span class='ocrx_word' id='word_1_70' title='bbox 1114 595 1204 630; x_wconf 88' lang='lat' dir='ltr'><strong>Nam</strong></span> <span class='ocrx_word' id='word_1_71' title='bbox 1225 595 1290 630; x_wconf 91' lang='lat'><strong>168</strong></span> <span class='ocrx_word' id='word_1_72' title='bbox 1307 595 1435 631; x_wconf 86' lang='lat' dir='ltr'><strong>Iuliani</strong></span> <span class='ocrx_word' id='word_1_73' title='bbox 1448 595 1521 631; x_wconf 88' lang='lat' dir='ltr'><strong>dies</strong></span> <span class='ocrx_word' id='word_1_74' title='bbox 1539 596 1720 642; x_wconf 81' lang='lat' dir='ltr'><strong>postulant</strong></span> <span class='ocrx_word' id='word_1_75' title='bbox 1734 593 1856 629; x_wconf 87' lang='grc'><strong>61362.</strong></span> 
     </span>
     <span class='ocr_line' id='line_1_9' title="bbox 299 652 1857 702; baseline -0.003 -11"><span class='ocrx_word' id='word_1_76' title='bbox 299 658 344 691; x_wconf 89' lang='grc' dir='ltr'><strong>Α1</strong></span> <span class='ocrx_word' id='word_1_77' title='bbox 360 657 449 702; x_wconf 89' lang='lat' dir='ltr'><strong>cycli</strong></span> <span class='ocrx_word' id='word_1_78' title='bbox 461 656 530 691; x_wconf 92' lang='lat' dir='ltr'><strong>duo</strong></span> <span class='ocrx_word' id='word_1_79' title='bbox 547 656 715 702; x_wconf 85' lang='lat' dir='ltr'><strong>maiores,</strong></span> <span class='ocrx_word' id='word_1_80' title='bbox 732 659 767 690; x_wconf 89' lang='lat' dir='ltr'><strong>et</strong></span> <span class='ocrx_word' id='word_1_81' title='bbox 786 654 849 690; x_wconf 82' lang='lat'>168</span> <span class='ocrx_word' id='word_1_82' title='bbox 861 655 944 690; x_wconf 86' lang='lat' dir='ltr'><strong>anni</strong></span> <span class='ocrx_word' id='word_1_83' title='bbox 958 654 1098 700; x_wconf 81' lang='lat' dir='ltr'><strong>tropici,</strong></span> <span class='ocrx_word' id='word_1_84' title='bbox 1114 653 1187 688; x_wconf 89' lang='lat' dir='ltr'><strong>dies</strong></span> <span class='ocrx_word' id='word_1_85' title='bbox 1199 652 1322 688; x_wconf 83' lang='lat'>31361.</span> <span class='ocrx_word' id='word_1_86' title='bbox 1345 652 1398 688; x_wconf 88' lang='lat' dir='ltr'><strong>Ita</strong></span> <span class='ocrx_word' id='word_1_87' title='bbox 1413 653 1553 700; x_wconf 86' lang='lat' dir='ltr'><strong>quidem</strong></span> <span class='ocrx_word' id='word_1_88' title='bbox 1568 652 1688 688; x_wconf 86' lang='lat' dir='ltr'><strong>Iudaei</strong></span> <span class='ocrx_word' id='word_1_89' title='bbox 1701 654 1783 698; x_wconf 79' lang='lat' dir='ltr'><strong>post</strong></span> <span class='ocrx_word' id='word_1_90' title='bbox 1796 661 1857 686; x_wconf 82' lang='lat' dir='ltr'><strong>an·-</strong></span> 
     </span>
     <span class='ocr_line' id='line_1_10' title="bbox 299 707 1858 759; baseline -0.003 -11"><span class='ocrx_word' id='word_1_91' title='bbox 299 725 365 749; x_wconf 86' lang='lat' dir='ltr'><strong>nos</strong></span> <span class='ocrx_word' id='word_1_92' title='bbox 382 713 427 748; x_wconf 89' lang='lat'><strong>84</strong></span> <span class='ocrx_word' id='word_1_93' title='bbox 441 714 562 748; x_wconf 85' lang='lat' dir='ltr'><strong>lunam</strong></span> <span class='ocrx_word' id='word_1_94' title='bbox 579 723 660 748; x_wconf 89' lang='lat' dir='ltr'><strong>cum</strong></span> <span class='ocrx_word' id='word_1_95' title='bbox 675 713 748 747; x_wconf 90' lang='lat' dir='ltr'><strong>sole</strong></span> <span class='ocrx_word' id='word_1_96' title='bbox 763 711 860 759; x_wconf 86' lang='lat' dir='ltr'><strong>paria</strong></span> <span class='ocrx_word' id='word_1_97' title='bbox 875 712 990 747; x_wconf 87' lang='lat' dir='ltr'><strong>facere</strong></span> <span class='ocrx_word' id='word_1_98' title='bbox 1007 711 1074 746; x_wconf 90' lang='lat' dir='ltr'><strong>sibi</strong></span> <span class='ocrx_word' id='word_1_99' title='bbox 1088 713 1344 757; x_wconf 80' lang='lat' dir='ltr'><strong>persuaserant.</strong></span> <span class='ocrx_word' id='word_1_100' title='bbox 1376 710 1447 746; x_wconf 81' lang='lat' dir='ltr'><strong>Sed</strong></span> <span class='ocrx_word' id='word_1_101' title='bbox 1461 711 1598 746; x_wconf 87' lang='lat' dir='ltr'><strong>nonita</strong></span> <span class='ocrx_word' id='word_1_102' title='bbox 1612 713 1674 745; x_wconf 89' lang='lat' dir='ltr'><strong>est.</strong></span> <span class='ocrx_word' id='word_1_103' title='bbox 1706 708 1798 744; x_wconf 86' lang='lat' dir='ltr'><strong>Nam</strong></span> <span class='ocrx_word' id='word_1_104' title='bbox 1813 707 1858 743; x_wconf 87' lang='lat'><strong>84</strong></span> 
     </span>
     <span class='ocr_line' id='line_1_11' title="bbox 300 766 1860 816; baseline -0.003 -10"><span class='ocrx_word' id='word_1_105' title='bbox 300 771 384 806; x_wconf 87' lang='lat' dir='ltr'><strong>anni</strong></span> <span class='ocrx_word' id='word_1_106' title='bbox 410 772 567 813; x_wconf 88' lang='lat' dir='ltr'><strong>lunares,</strong></span> <span class='ocrx_word' id='word_1_107' title='bbox 594 769 661 806; x_wconf 93' lang='lat' dir='ltr'><strong>hoc</strong></span> <span class='ocrx_word' id='word_1_108' title='bbox 688 773 742 805; x_wconf 89' lang='lat' dir='ltr'><strong>est</strong></span> <span class='ocrx_word' id='word_1_109' title='bbox 767 770 856 816; x_wconf 89' lang='lat' dir='ltr'><strong>cycli</strong></span> <span class='ocrx_word' id='word_1_110' title='bbox 883 769 1215 804; x_wconf 82' lang='lat' dir='ltr'><strong>decemnovennales</strong></span> <span class='ocrx_word' id='word_1_111' title='bbox 1231 768 1254 802; x_wconf 87' lang='lat'>4</span> <span class='ocrx_word' id='word_1_112' title='bbox 1277 778 1358 803; x_wconf 90' lang='lat' dir='ltr'><strong>cum</strong></span> <span class='ocrx_word' id='word_1_113' title='bbox 1381 768 1587 803; x_wconf 84' lang='lat' dir='ltr'><strong>octaeteride</strong></span> <span class='ocrx_word' id='word_1_114' title='bbox 1610 766 1682 802; x_wconf 90' lang='lat' dir='ltr'><strong>dies</strong></span> <span class='ocrx_word' id='word_1_115' title='bbox 1710 766 1860 812; x_wconf 73' lang='lat' dir='ltr'><strong>exigunt</strong></span> 
     </span>
     <span class='ocr_line' id='line_1_12' title="bbox 299 820 1858 871; baseline -0.004 -8"><span class='ocrx_word' id='word_1_116' title='bbox 299 828 429 871; x_wconf 88' lang='grc'><strong>30682,</strong></span> <span class='ocrx_word' id='word_1_117' title='bbox 452 827 527 863; x_wconf 88' lang='grc'><strong>1101.</strong></span> <span class='ocrx_word' id='word_1_118' title='bbox 544 827 576 864; x_wconf 90' lang='grc'><strong>6.</strong></span> <span class='ocrx_word' id='word_1_119' title='bbox 591 825 648 862; x_wconf 89' lang='grc'><strong>51’</strong></span> <span class='ocrx_word' id='word_1_120' title='bbox 664 827 749 862; x_wconf 68' lang='lat' dir='ltr'><strong>fere.</strong></span> <span class='ocrx_word' id='word_1_121' title='bbox 794 827 991 862; x_wconf 87' lang='lat' dir='ltr'><strong>Discrimen</strong></span> <span class='ocrx_word' id='word_1_122' title='bbox 1014 838 1036 860; x_wconf 87' lang='lat' dir='ltr'><strong>a</strong></span> <span class='ocrx_word' id='word_1_123' title='bbox 1059 826 1201 860; x_wconf 88' lang='lat' dir='ltr'><strong>Iulianis</strong></span> <span class='ocrx_word' id='word_1_124' title='bbox 1226 825 1327 860; x_wconf 84' lang='lat' dir='ltr'><strong>annis</strong></span> <span class='ocrx_word' id='word_1_125' title='bbox 1350 824 1395 860; x_wconf 87' lang='lat'><strong>84</strong></span> <span class='ocrx_word' id='word_1_126' title='bbox 1417 829 1472 860; x_wconf 91' lang='lat' dir='ltr'><strong>est</strong></span> <span class='ocrx_word' id='word_1_127' title='bbox 1494 825 1562 860; x_wconf 90' lang='lat' dir='ltr'><strong>diei</strong></span> <span class='ocrx_word' id='word_1_128' title='bbox 1579 824 1615 868; x_wconf 93' lang='lat'><strong>1,</strong></span> <span class='ocrx_word' id='word_1_129' title='bbox 1637 823 1713 860; x_wconf 89' lang='lat' dir='ltr'><strong>hor.</strong></span> <span class='ocrx_word' id='word_1_130' title='bbox 1734 823 1766 858; x_wconf 89' lang='grc'><strong>6.</strong></span> <span class='ocrx_word' id='word_1_131' title='bbox 1788 820 1858 858; x_wconf 85' lang='grc'><strong>51’.</strong></span> 
     </span>
     <span class='ocr_line' id='line_1_13' title="bbox 300 880 1782 932; baseline -0.003 -11"><span class='ocrx_word' id='word_1_132' title='bbox 300 886 412 928; x_wconf 87' lang='lat' dir='ltr'><strong>Quare</strong></span> <span class='ocrx_word' id='word_1_133' title='bbox 428 885 533 920; x_wconf 92' lang='lat' dir='ltr'><strong>biduo</strong></span> <span class='ocrx_word' id='word_1_134' title='bbox 548 883 800 932; x_wconf 85' lang='lat' dir='ltr'><strong>propemodum</strong></span> <span class='ocrx_word' id='word_1_135' title='bbox 814 884 1018 919; x_wconf 88' lang='lat' dir='ltr'><strong>neomeniae</strong></span> <span class='ocrx_word' id='word_1_136' title='bbox 1034 883 1199 930; x_wconf 82' lang='lat' dir='ltr'><strong>politicae</strong></span> <span class='ocrx_word' id='word_1_137' title='bbox 1215 882 1450 929; x_wconf 81' lang='lat' dir='ltr'><strong>anticipantur</strong></span> <span class='ocrx_word' id='word_1_138' title='bbox 1464 882 1502 917; x_wconf 91' lang='lat' dir='ltr'><strong>in</strong></span> <span class='ocrx_word' id='word_1_139' title='bbox 1518 882 1616 928; x_wconf 83' lang='lat' dir='ltr'><strong>cyclo</strong></span> <span class='ocrx_word' id='word_1_140' title='bbox 1631 880 1782 916; x_wconf 85' lang='lat' dir='ltr'><strong>Iudaico.</strong></span> 
     </span>
     <span class='ocr_line' id='line_1_14' title="bbox 390 939 1858 988; baseline -0.003 -11"><span class='ocrx_word' id='word_1_141' title='bbox 390 943 484 978; x_wconf 86' lang='lat' dir='ltr'><strong>Haec</strong></span> <span class='ocrx_word' id='word_1_142' title='bbox 496 942 698 978; x_wconf 82' lang='lat' dir='ltr'><strong>summatim</strong></span> <span class='ocrx_word' id='word_1_143' title='bbox 708 941 894 988; x_wconf 81' lang='lat' dir='ltr'><strong>Keplerus3</strong></span> <span class='ocrx_word' id='word_1_144' title='bbox 912 941 1023 987; x_wconf 90' lang='lat' dir='ltr'><strong>quiin</strong></span> <span class='ocrx_word' id='word_1_145' title='bbox 1038 941 1170 976; x_wconf 85' lang='lat' dir='ltr'><strong>Graeco</strong></span> <span class='ocrx_word' id='word_1_146' title='bbox 1183 943 1351 976; x_wconf 87' lang='lat' dir='ltr'><strong>contextu</strong></span> <span class='ocrx_word' id='word_1_147' title='bbox 1365 939 1536 975; x_wconf 86' lang='lat' dir='ltr'><strong>nonnulla</strong></span> <span class='ocrx_word' id='word_1_148' title='bbox 1551 941 1751 981; x_wconf 75' lang='lat' dir='ltr'><strong>commutat,</strong></span> <span class='ocrx_word' id='word_1_149' title='bbox 1768 947 1858 984; x_wconf 90' lang='lat' dir='ltr'><strong>quae</strong></span> 
     </span>
     <span class='ocr_line' id='line_1_15' title="bbox 300 995 1858 1047; baseline -0.004 -12"><span class='ocrx_word' id='word_1_150' title='bbox 300 1001 403 1047; x_wconf 91' lang='lat' dir='ltr'><strong>paulo</strong></span> <span class='ocrx_word' id='word_1_151' title='bbox 419 1003 502 1047; x_wconf 86' lang='lat' dir='ltr'><strong>post</strong></span> <span class='ocrx_word' id='word_1_152' title='bbox 515 999 770 1035; x_wconf 81' lang='lat' dir='ltr'><strong>adnotabimus.</strong></span> <span class='ocrx_word' id='word_1_153' title='bbox 793 998 901 1044; x_wconf 87' lang='lat' dir='ltr'><strong>Atqui</strong></span> <span class='ocrx_word' id='word_1_154' title='bbox 913 998 980 1033; x_wconf 87' lang='lat' dir='ltr'><strong>duo</strong></span> <span class='ocrx_word' id='word_1_155' title='bbox 993 998 1127 1033; x_wconf 91' lang='lat' dir='ltr'><strong>suntin</strong></span> <span class='ocrx_word' id='word_1_156' title='bbox 1144 998 1218 1033; x_wconf 91' lang='lat' dir='ltr'><strong>eius</strong></span> <span class='ocrx_word' id='word_1_157' title='bbox 1235 997 1369 1032; x_wconf 87' lang='lat' dir='ltr'><strong>ratione</strong></span> <span class='ocrx_word' id='word_1_158' title='bbox 1386 1007 1476 1043; x_wconf 90' lang='lat' dir='ltr'><strong>quae</strong></span> <span class='ocrx_word' id='word_1_159' title='bbox 1490 995 1578 1031; x_wconf 86' lang='lat' dir='ltr'><strong>mihi</strong></span> <span class='ocrx_word' id='word_1_160' title='bbox 1591 1007 1663 1031; x_wconf 90' lang='lat' dir='ltr'><strong>non</strong></span> <span class='ocrx_word' id='word_1_161' title='bbox 1679 995 1764 1030; x_wconf 89' lang='lat' dir='ltr'><strong>satis</strong></span> <span class='ocrx_word' id='word_1_162' title='bbox 1778 1005 1858 1042; x_wconf 88' lang='lat' dir='ltr'><strong>pro-</strong></span> 
     </span>
     <span class='ocr_line' id='line_1_16' title="bbox 300 1051 1860 1102; baseline -0.004 -9"><span class='ocrx_word' id='word_1_163' title='bbox 300 1060 438 1094; x_wconf 87' lang='lat' dir='ltr'><strong>bantur.</strong></span> <span class='ocrx_word' id='word_1_164' title='bbox 485 1057 641 1092; x_wconf 87' lang='lat' dir='ltr'><strong>Primum</strong></span> <span class='ocrx_word' id='word_1_165' title='bbox 661 1056 755 1091; x_wconf 89' lang='lat' dir='ltr'><strong>enim</strong></span> <span class='ocrx_word' id='word_1_166' title='bbox 778 1066 859 1091; x_wconf 90' lang='lat' dir='ltr'><strong>cum</strong></span> <span class='ocrx_word' id='word_1_167' title='bbox 876 1054 1091 1102; x_wconf 85' lang='lat' dir='ltr'><strong>Epiphanius</strong></span> <span class='ocrx_word' id='word_1_168' title='bbox 1114 1055 1206 1090; x_wconf 88' lang='lat' dir='ltr'><strong>dicat</strong></span> <span class='ocrx_word' id='word_1_169' title='bbox 1228 1055 1374 1090; x_wconf 89' lang='lat' dir='ltr'><strong>Iudaeos</strong></span> <span class='ocrx_word' id='word_1_170' title='bbox 1398 1054 1442 1089; x_wconf 89' lang='lat' dir='ltr'><strong>de</strong></span> <span class='ocrx_word' id='word_1_171' title='bbox 1463 1053 1550 1089; x_wconf 89' lang='lat' dir='ltr'><strong>solis</strong></span> <span class='ocrx_word' id='word_1_172' title='bbox 1573 1063 1694 1096; x_wconf 87' lang='lat' dir='ltr'><strong>cursu,</strong></span> <span class='ocrx_word' id='word_1_173' title='bbox 1717 1051 1783 1088; x_wconf 89' lang='lat' dir='ltr'><strong>hoc</strong></span> <span class='ocrx_word' id='word_1_174' title='bbox 1805 1056 1860 1087; x_wconf 88' lang='lat' dir='ltr'><strong>est</strong></span> 
     </span>
     <span class='ocr_line' id='line_1_17' title="bbox 300 1108 1859 1162; baseline -0.004 -12"><span class='ocrx_word' id='word_1_175' title='bbox 300 1115 367 1150; x_wconf 85' lang='lat'><strong>365</strong></span> <span class='ocrx_word' id='word_1_176' title='bbox 375 1115 418 1162; x_wconf 35' lang='lat'><strong>¹14</strong></span> <span class='ocrx_word' id='word_1_177' title='bbox 432 1114 556 1150; x_wconf 88' lang='lat' dir='ltr'><strong>horam</strong></span> <span class='ocrx_word' id='word_1_178' title='bbox 572 1113 752 1156; x_wconf 87' lang='lat' dir='ltr'><strong>decedere,</strong></span> <span class='ocrx_word' id='word_1_179' title='bbox 774 1113 848 1148; x_wconf 86' lang='lat' dir='ltr'><strong>sive</strong></span> <span class='ocrx_word' id='word_1_180' title='bbox 871 1113 1113 1148; x_wconf 80' lang='lat' dir='ltr'><strong>duodecimam</strong></span> <span class='ocrx_word' id='word_1_181' title='bbox 1134 1115 1192 1147; x_wconf 80' lang='grc' dir='ltr'><strong>τοῦ</strong></span> <span class='ocrx_word' id='word_1_182' title='bbox 1213 1111 1418 1159; x_wconf 75' lang='grc' dir='ltr'>νυχθήμερον</span> <span class='ocrx_word' id='word_1_183' title='bbox 1439 1114 1593 1158; x_wconf 86' lang='lat' dir='ltr'><strong>partem,</strong></span> <span class='ocrx_word' id='word_1_184' title='bbox 1615 1109 1709 1157; x_wconf 88' lang='lat' dir='ltr'><strong>quod</strong></span> <span class='ocrx_word' id='word_1_185' title='bbox 1728 1110 1779 1144; x_wconf 86' lang='lat' dir='ltr'><strong>ita</strong></span> <span class='ocrx_word' id='word_1_186' title='bbox 1791 1108 1859 1144; x_wconf 82' lang='lat' dir='ltr'><strong>Ke-</strong></span> 
     </span>
     <span class='ocr_line' id='line_1_18' title="bbox 299 1166 1859 1219; baseline -0.004 -12"><span class='ocrx_word' id='word_1_187' title='bbox 299 1173 416 1219; x_wconf 87' lang='lat' dir='ltr'><strong>plerus</strong></span> <span class='ocrx_word' id='word_1_188' title='bbox 432 1173 572 1219; x_wconf 85' lang='lat' dir='ltr'><strong>accipit,</strong></span> <span class='ocrx_word' id='word_1_189' title='bbox 589 1175 629 1206; x_wconf 88' lang='lat' dir='ltr'><strong>ut</strong></span> <span class='ocrx_word' id='word_1_190' title='bbox 641 1171 775 1206; x_wconf 87' lang='lat' dir='ltr'><strong>decimo</strong></span> <span class='ocrx_word' id='word_1_191' title='bbox 789 1174 912 1217; x_wconf 87' lang='lat' dir='ltr'><strong>quarto</strong></span> <span class='ocrx_word' id='word_1_192' title='bbox 927 1181 1065 1216; x_wconf 89' lang='lat' dir='ltr'><strong>quoque</strong></span> <span class='ocrx_word' id='word_1_193' title='bbox 1077 1180 1170 1205; x_wconf 88' lang='lat' dir='ltr'><strong>anno</strong></span> <span class='ocrx_word' id='word_1_194' title='bbox 1182 1169 1287 1205; x_wconf 89' lang='lat' dir='ltr'><strong>horae</strong></span> <span class='ocrx_word' id='word_1_195' title='bbox 1298 1169 1380 1204; x_wconf 89' lang='lat' dir='ltr'><strong>illae</strong></span> <span class='ocrx_word' id='word_1_196' title='bbox 1392 1168 1480 1204; x_wconf 88' lang='lat' dir='ltr'><strong>duae</strong></span> <span class='ocrx_word' id='word_1_197' title='bbox 1495 1167 1751 1210; x_wconf 82' lang='lat' dir='ltr'><strong>subtrahantur,</strong></span> <span class='ocrx_word' id='word_1_198' title='bbox 1766 1166 1859 1202; x_wconf 86' lang='lat' dir='ltr'><strong>idem</strong></span> 
     </span>
     <span class='ocr_line' id='line_1_19' title="bbox 300 1224 1859 1275; baseline -0.003 -11"><span class='ocrx_word' id='word_1_199' title='bbox 300 1234 336 1264; x_wconf 89' lang='lat' dir='ltr'><strong>et</strong></span> <span class='ocrx_word' id='word_1_200' title='bbox 350 1231 387 1264; x_wconf 92' lang='lat' dir='ltr'><strong>in</strong></span> <span class='ocrx_word' id='word_1_201' title='bbox 402 1230 518 1264; x_wconf 83' lang='lat' dir='ltr'><strong>lunari</strong></span> <span class='ocrx_word' id='word_1_202' title='bbox 533 1240 624 1264; x_wconf 85' lang='lat' dir='ltr'><strong>anno</strong></span> <span class='ocrx_word' id='word_1_203' title='bbox 640 1227 842 1275; x_wconf 88' lang='lat' dir='ltr'><strong>imprudens</strong></span> <span class='ocrx_word' id='word_1_204' title='bbox 857 1227 958 1270; x_wconf 77' lang='lat' dir='ltr'><strong>facit3</strong></span> <span class='ocrx_word' id='word_1_205' title='bbox 976 1227 1067 1274; x_wconf 89' lang='lat' dir='ltr'><strong>quod</strong></span> <span class='ocrx_word' id='word_1_206' title='bbox 1083 1238 1196 1274; x_wconf 88' lang='lat' dir='ltr'><strong>neque</strong></span> <span class='ocrx_word' id='word_1_207' title='bbox 1211 1237 1334 1262; x_wconf 82' lang='lat' dir='ltr'><strong>verum</strong></span> <span class='ocrx_word' id='word_1_208' title='bbox 1349 1230 1419 1269; x_wconf 91' lang='lat' dir='ltr'><strong>est,</strong></span> <span class='ocrx_word' id='word_1_209' title='bbox 1441 1236 1506 1261; x_wconf 91' lang='lat' dir='ltr'><strong>nec</strong></span> <span class='ocrx_word' id='word_1_210' title='bbox 1520 1224 1736 1272; x_wconf 80' lang='lat' dir='ltr'><strong>Epiphanius</strong></span> <span class='ocrx_word' id='word_1_211' title='bbox 1751 1224 1859 1270; x_wconf 89' lang='lat' dir='ltr'><strong>signi-</strong></span> 
     </span>
     <span class='ocr_line' id='line_1_20' title="bbox 300 1281 1860 1330; baseline -0.003 -8"><span class='ocrx_word' id='word_1_212' title='bbox 300 1287 392 1322; x_wconf 88' lang='lat' dir='ltr'><strong>ficat.</strong></span> <span class='ocrx_word' id='word_1_213' title='bbox 423 1286 514 1322; x_wconf 86' lang='lat' dir='ltr'><strong>Nam</strong></span> <span class='ocrx_word' id='word_1_214' title='bbox 529 1297 610 1321; x_wconf 91' lang='lat' dir='ltr'><strong>cum</strong></span> <span class='ocrx_word' id='word_1_215' title='bbox 626 1297 687 1321; x_wconf 77' lang='lat' dir='ltr'><strong>xxv</strong></span> <span class='ocrx_word' id='word_1_216' title='bbox 703 1285 786 1320; x_wconf 88' lang='lat' dir='ltr'><strong>anni</strong></span> <span class='ocrx_word' id='word_1_217' title='bbox 800 1286 940 1320; x_wconf 88' lang='lat' dir='ltr'><strong>lunares</strong></span> <span class='ocrx_word' id='word_1_218' title='bbox 957 1284 1138 1320; x_wconf 87' lang='lat' dir='ltr'><strong>duodecim</strong></span> <span class='ocrx_word' id='word_1_219' title='bbox 1153 1284 1257 1319; x_wconf 87' lang='lat' dir='ltr'><strong>horas</strong></span> <span class='ocrx_word' id='word_1_220' title='bbox 1273 1294 1380 1330; x_wconf 87' lang='lat' dir='ltr'><strong>supra</strong></span> <span class='ocrx_word' id='word_1_221' title='bbox 1393 1283 1484 1319; x_wconf 88' lang='lat'>5108</span> <span class='ocrx_word' id='word_1_222' title='bbox 1499 1283 1572 1318; x_wconf 88' lang='lat' dir='ltr'><strong>dies</strong></span> <span class='ocrx_word' id='word_1_223' title='bbox 1588 1282 1770 1329; x_wconf 88' lang='lat' dir='ltr'><strong>colligant,</strong></span> <span class='ocrx_word' id='word_1_224' title='bbox 1791 1281 1860 1318; x_wconf 76' lang='lat' dir='ltr'><strong>Re—</strong></span> 
     </span>
     <span class='ocr_line' id='line_1_21' title="bbox 300 1337 1859 1391; baseline -0.003 -12"><span class='ocrx_word' id='word_1_225' title='bbox 300 1345 416 1391; x_wconf 87' lang='lat' dir='ltr'><strong>plerus</strong></span> <span class='ocrx_word' id='word_1_226' title='bbox 433 1344 552 1379; x_wconf 89' lang='lat' dir='ltr'><strong>decem</strong></span> <span class='ocrx_word' id='word_1_227' title='bbox 568 1346 704 1378; x_wconf 87' lang='lat' dir='ltr'><strong>tantum</strong></span> <span class='ocrx_word' id='word_1_228' title='bbox 718 1341 824 1377; x_wconf 88' lang='lat' dir='ltr'><strong>horas</strong></span> <span class='ocrx_word' id='word_1_229' title='bbox 839 1342 1014 1385; x_wconf 83' lang='lat' dir='ltr'><strong>attribuit,</strong></span> <span class='ocrx_word' id='word_1_230' title='bbox 1035 1346 1221 1388; x_wconf 86' lang='lat' dir='ltr'><strong>propterea</strong></span> <span class='ocrx_word' id='word_1_231' title='bbox 1243 1340 1336 1388; x_wconf 90' lang='lat' dir='ltr'><strong>quod</strong></span> <span class='ocrx_word' id='word_1_232' title='bbox 1356 1352 1375 1376; x_wconf 92' lang='grc'><strong>0</strong></span> <span class='ocrx_word' id='word_1_233' title='bbox 1389 1339 1480 1376; x_wconf 89' lang='lat'>5108</span> <span class='ocrx_word' id='word_1_234' title='bbox 1495 1340 1617 1376; x_wconf 86' lang='lat' dir='ltr'><strong>diebus</strong></span> <span class='ocrx_word' id='word_1_235' title='bbox 1633 1339 1799 1386; x_wconf 89' lang='lat' dir='ltr'><strong>horisque</strong></span> <span class='ocrx_word' id='word_1_236' title='bbox 1817 1337 1859 1374; x_wconf 88' lang='grc'><strong>12</strong></span> 
     </span>
     <span class='ocr_line' id='line_1_22' title="bbox 300 1395 1858 1444; baseline -0.003 -8"><span class='ocrx_word' id='word_1_237' title='bbox 300 1402 466 1437; x_wconf 86' lang='lat' dir='ltr'><strong>tredecim</strong></span> <span class='ocrx_word' id='word_1_238' title='bbox 478 1401 578 1436; x_wconf 87' lang='lat' dir='ltr'><strong>annis</strong></span> <span class='ocrx_word' id='word_1_239' title='bbox 590 1399 735 1435; x_wconf 88' lang='lat' dir='ltr'><strong>Iulianis</strong></span> <span class='ocrx_word' id='word_1_240' title='bbox 748 1399 910 1434; x_wconf 86' lang='lat' dir='ltr'><strong>detractis</strong></span> <span class='ocrx_word' id='word_1_241' title='bbox 919 1425 928 1442; x_wconf 90' lang='lat'><strong>,</strong></span> <span class='ocrx_word' id='word_1_242' title='bbox 945 1410 1025 1434; x_wconf 85' lang='lat' dir='ltr'><strong>cum</strong></span> <span class='ocrx_word' id='word_1_243' title='bbox 1039 1399 1170 1434; x_wconf 85' lang='lat' dir='ltr'><strong>residui</strong></span> <span class='ocrx_word' id='word_1_244' title='bbox 1185 1399 1256 1434; x_wconf 90' lang='lat' dir='ltr'><strong>sint</strong></span> <span class='ocrx_word' id='word_1_245' title='bbox 1267 1398 1340 1434; x_wconf 90' lang='lat' dir='ltr'><strong>dies</strong></span> <span class='ocrx_word' id='word_1_246' title='bbox 1352 1398 1386 1442; x_wconf 87' lang='lat'><strong>5,</strong></span> <span class='ocrx_word' id='word_1_247' title='bbox 1401 1396 1506 1433; x_wconf 86' lang='lat' dir='ltr'><strong>horae</strong></span> <span class='ocrx_word' id='word_1_248' title='bbox 1518 1397 1550 1440; x_wconf 83' lang='lat'><strong>2,</strong></span> <span class='ocrx_word' id='word_1_249' title='bbox 1565 1396 1630 1433; x_wconf 90' lang='lat' dir='ltr'><strong>has</strong></span> <span class='ocrx_word' id='word_1_250' title='bbox 1645 1398 1739 1444; x_wconf 86' lang='lat' dir='ltr'><strong>ipsas</strong></span> <span class='ocrx_word' id='word_1_251' title='bbox 1755 1395 1858 1431; x_wconf 87' lang='lat' dir='ltr'><strong>horas</strong></span> 
     </span>
     <span class='ocr_line' id='line_1_23' title="bbox 298 1453 1859 1502; baseline -0.003 -8"><span class='ocrx_word' id='word_1_252' title='bbox 298 1459 387 1494; x_wconf 86' lang='lat' dir='ltr'><strong>duas</strong></span> <span class='ocrx_word' id='word_1_253' title='bbox 404 1459 538 1494; x_wconf 88' lang='lat' dir='ltr'><strong>eximit.</strong></span> <span class='ocrx_word' id='word_1_254' title='bbox 585 1457 698 1500; x_wconf 83' lang='lat' dir='ltr'><strong>Quare</strong></span> <span class='ocrx_word' id='word_1_255' title='bbox 720 1461 794 1492; x_wconf 84' lang='lat' dir='ltr'><strong>tam</strong></span> <span class='ocrx_word' id='word_1_256' title='bbox 813 1457 850 1492; x_wconf 91' lang='lat' dir='ltr'><strong>in</strong></span> <span class='ocrx_word' id='word_1_257' title='bbox 865 1456 982 1491; x_wconf 83' lang='lat' dir='ltr'><strong>lunari</strong></span> <span class='ocrx_word' id='word_1_258' title='bbox 995 1455 1344 1491; x_wconf 70' lang='lat' dir='ltr'><strong>tessaradecaeteride</strong></span> <span class='ocrx_word' id='word_1_259' title='bbox 1360 1466 1467 1502; x_wconf 87' lang='lat' dir='ltr'><strong>quam</strong></span> <span class='ocrx_word' id='word_1_260' title='bbox 1481 1455 1519 1491; x_wconf 88' lang='lat' dir='ltr'><strong>in</strong></span> <span class='ocrx_word' id='word_1_261' title='bbox 1533 1455 1670 1490; x_wconf 85' lang='lat' dir='ltr'><strong>Iuliana</strong></span> <span class='ocrx_word' id='word_1_262' title='bbox 1681 1454 1787 1490; x_wconf 89' lang='lat' dir='ltr'><strong>horas</strong></span> <span class='ocrx_word' id='word_1_263' title='bbox 1801 1453 1859 1489; x_wconf 84' lang='lat' dir='ltr'><strong>de-</strong></span> 
     </span>
     <span class='ocr_line' id='line_1_24' title="bbox 299 1511 1859 1562; baseline -0.003 -10"><span class='ocrx_word' id='word_1_264' title='bbox 299 1515 407 1552; x_wconf 84' lang='lat' dir='ltr'><strong>trahit</strong></span> <span class='ocrx_word' id='word_1_265' title='bbox 419 1516 505 1551; x_wconf 86' lang='lat' dir='ltr'><strong>duas</strong></span> <span class='ocrx_word' id='word_1_266' title='bbox 515 1543 523 1559; x_wconf 94' lang='lat'><strong>,</strong></span> <span class='ocrx_word' id='word_1_267' title='bbox 544 1515 701 1562; x_wconf 89' lang='lat' dir='ltr'><strong>adeoque</strong></span> <span class='ocrx_word' id='word_1_268' title='bbox 715 1518 797 1561; x_wconf 88' lang='lat' dir='ltr'><strong>post</strong></span> <span class='ocrx_word' id='word_1_269' title='bbox 810 1513 874 1549; x_wconf 89' lang='grc'><strong>168</strong></span> <span class='ocrx_word' id='word_1_270' title='bbox 887 1524 998 1548; x_wconf 88' lang='lat' dir='ltr'><strong>annos</strong></span> <span class='ocrx_word' id='word_1_271' title='bbox 1010 1513 1194 1560; x_wconf 86' lang='lat' dir='ltr'><strong>utrobique</strong></span> <span class='ocrx_word' id='word_1_272' title='bbox 1206 1513 1280 1549; x_wconf 86' lang='lat' dir='ltr'><strong>dies</strong></span> <span class='ocrx_word' id='word_1_273' title='bbox 1291 1524 1383 1548; x_wconf 89' lang='lat' dir='ltr'><strong>unus</strong></span> <span class='ocrx_word' id='word_1_274' title='bbox 1395 1513 1594 1560; x_wconf 82' lang='lat' dir='ltr'><strong>perimitur3</strong></span> <span class='ocrx_word' id='word_1_275' title='bbox 1611 1511 1704 1559; x_wconf 89' lang='lat' dir='ltr'><strong>quod</strong></span> <span class='ocrx_word' id='word_1_276' title='bbox 1714 1511 1752 1547; x_wconf 89' lang='lat' dir='ltr'><strong>in</strong></span> <span class='ocrx_word' id='word_1_277' title='bbox 1765 1522 1859 1546; x_wconf 84' lang='lat' dir='ltr'><strong>auno</strong></span> 
     </span>
     <span class='ocr_line' id='line_1_25' title="bbox 300 1565 1856 1620; baseline -0.004 -11"><span class='ocrx_word' id='word_1_278' title='bbox 300 1574 414 1609; x_wconf 85' lang='lat' dir='ltr'><strong>lunari</strong></span> <span class='ocrx_word' id='word_1_279' title='bbox 427 1584 570 1620; x_wconf 87' lang='lat' dir='ltr'><strong>prorsus</strong></span> <span class='ocrx_word' id='word_1_280' title='bbox 587 1577 642 1608; x_wconf 93' lang='lat' dir='ltr'><strong>est</strong></span> <span class='ocrx_word' id='word_1_281' title='bbox 656 1572 863 1607; x_wconf 86' lang='lat' dir='ltr'><strong>inauditum.</strong></span> <span class='ocrx_word' id='word_1_282' title='bbox 911 1571 1086 1614; x_wconf 86' lang='lat' dir='ltr'><strong>Alterum,</strong></span> <span class='ocrx_word' id='word_1_283' title='bbox 1110 1571 1204 1617; x_wconf 91' lang='lat' dir='ltr'><strong>quod</strong></span> <span class='ocrx_word' id='word_1_284' title='bbox 1217 1569 1450 1618; x_wconf 86' lang='lat' dir='ltr'><strong>Epiphanium</strong></span> <span class='ocrx_word' id='word_1_285' title='bbox 1472 1570 1654 1616; x_wconf 82' lang='lat' dir='ltr'><strong>scripsisse</strong></span> <span class='ocrx_word' id='word_1_286' title='bbox 1671 1572 1786 1616; x_wconf 75' lang='lat' dir='ltr'><strong>putat,</strong></span> <span class='ocrx_word' id='word_1_287' title='bbox 1809 1565 1856 1609; x_wconf 82' lang='grc' dir='ltr'><strong>τξ’</strong></span> 
     </span>
     <span class='ocr_line' id='line_1_26' title="bbox 300 1623 1858 1678; baseline -0.003 -13"><span class='ocrx_word' id='word_1_288' title='bbox 300 1631 423 1678; x_wconf 75' lang='grc' dir='ltr'><strong>ἡμέρα,</strong></span> <span class='ocrx_word' id='word_1_289' title='bbox 440 1630 530 1677; x_wconf 82' lang='grc' dir='ltr'>παρὰ</span> <span class='ocrx_word' id='word_1_290' title='bbox 546 1630 635 1677; x_wconf 85' lang='grc' dir='ltr'>ὥρας</span> <span class='ocrx_word' id='word_1_291' title='bbox 652 1630 729 1676; x_wconf 72' lang='grc' dir='ltr'><strong>δύο,</strong></span> <span class='ocrx_word' id='word_1_292' title='bbox 745 1641 808 1676; x_wconf 88' lang='grc'><strong>1110</strong></span> <span class='ocrx_word' id='word_1_293' title='bbox 825 1627 880 1669; x_wconf 78' lang='grc' dir='ltr'><strong>τξέ</strong></span> <span class='ocrx_word' id='word_1_294' title='bbox 892 1626 1012 1676; x_wconf 76' lang='grc' dir='ltr'>ἡμέραι</span> <span class='ocrx_word' id='word_1_295' title='bbox 1026 1625 1116 1676; x_wconf 70' lang='grc' dir='ltr'>παρὰ</span> <span class='ocrx_word' id='word_1_296' title='bbox 1133 1627 1223 1676; x_wconf 84' lang='grc' dir='ltr'>ὥραν</span> <span class='ocrx_word' id='word_1_297' title='bbox 1240 1628 1334 1675; x_wconf 79' lang='grc' dir='ltr'><strong>μίαν,</strong></span> <span class='ocrx_word' id='word_1_298' title='bbox 1346 1623 1423 1663; x_wconf 55' lang='lat' dir='ltr'><strong>‘hoc</strong></span> <span class='ocrx_word' id='word_1_299' title='bbox 1439 1631 1493 1663; x_wconf 86' lang='lat' dir='ltr'><strong>est</strong></span> <span class='ocrx_word' id='word_1_300' title='bbox 1507 1627 1610 1663; x_wconf 84' lang='lat' dir='ltr'><strong>horas</strong></span> <span class='ocrx_word' id='word_1_301' title='bbox 1626 1626 1649 1662; x_wconf 85' lang='lat'><strong>4</strong></span> <span class='ocrx_word' id='word_1_302' title='bbox 1663 1636 1771 1676; x_wconf 78' lang='lat' dir='ltr'><strong>supra</strong></span> <span class='ocrx_word' id='word_1_303' title='bbox 1785 1625 1858 1661; x_wconf 84' lang='lat' dir='ltr'><strong>dies</strong></span> 
     </span>
     <span class='ocr_line' id='line_1_27' title="bbox 300 1683 1859 1735; baseline -0.003 -11"><span class='ocrx_word' id='word_1_304' title='bbox 300 1689 368 1724; x_wconf 80' lang='lat'><strong>360</strong></span> <span class='ocrx_word' id='word_1_305' title='bbox 384 1699 576 1735; x_wconf 81' lang='lat' dir='ltr'><strong>superesse.</strong></span> <span class='ocrx_word' id='word_1_306' title='bbox 606 1687 699 1723; x_wconf 89' lang='lat' dir='ltr'><strong>Nam</strong></span> <span class='ocrx_word' id='word_1_307' title='bbox 713 1687 751 1722; x_wconf 92' lang='lat' dir='ltr'><strong>in</strong></span> <span class='ocrx_word' id='word_1_308' title='bbox 766 1686 900 1722; x_wconf 90' lang='lat' dir='ltr'><strong>dierum</strong></span> <span class='ocrx_word' id='word_1_309' title='bbox 914 1696 1060 1721; x_wconf 87' lang='lat' dir='ltr'><strong>numero</strong></span> <span class='ocrx_word' id='word_1_310' title='bbox 1076 1688 1169 1720; x_wconf 88' lang='lat' dir='ltr'><strong>recte</strong></span> <span class='ocrx_word' id='word_1_311' title='bbox 1185 1685 1380 1732; x_wconf 82' lang='lat' dir='ltr'><strong>quinariam</strong></span> <span class='ocrx_word' id='word_1_312' title='bbox 1395 1689 1515 1721; x_wconf 74' lang='lat' dir='ltr'><strong>notam</strong></span> <span class='ocrx_word' id='word_1_313' title='bbox 1533 1683 1766 1720; x_wconf 79' lang='lat' dir='ltr'><strong>inducendam</strong></span> <span class='ocrx_word' id='word_1_314' title='bbox 1779 1694 1859 1719; x_wconf 88' lang='lat' dir='ltr'><strong>cen-</strong></span> 
     </span>
     <span class='ocr_line' id='line_1_28' title="bbox 301 1740 1859 1792; baseline -0.003 -11"><span class='ocrx_word' id='word_1_315' title='bbox 301 1747 389 1790; x_wconf 87' lang='lat' dir='ltr'><strong>suit,</strong></span> <span class='ocrx_word' id='word_1_316' title='bbox 406 1746 467 1781; x_wconf 81' lang='lat' dir='ltr'><strong>sed</strong></span> <span class='ocrx_word' id='word_1_317' title='bbox 482 1749 522 1780; x_wconf 89' lang='lat' dir='ltr'><strong>ut</strong></span> <span class='ocrx_word' id='word_1_318' title='bbox 537 1744 626 1792; x_wconf 83' lang='grc' dir='ltr'>παρὰ</span> <span class='ocrx_word' id='word_1_319' title='bbox 641 1744 735 1780; x_wconf 89' lang='lat' dir='ltr'><strong>idem</strong></span> <span class='ocrx_word' id='word_1_320' title='bbox 747 1744 793 1779; x_wconf 90' lang='lat' dir='ltr'><strong>sit</strong></span> <span class='ocrx_word' id='word_1_321' title='bbox 804 1754 844 1779; x_wconf 84' lang='lat' dir='ltr'><strong>ac</strong></span> <span class='ocrx_word' id='word_1_322' title='bbox 852 1750 1006 1790; x_wconf 79' lang='lat' dir='ltr'><strong>praeter,</strong></span> <span class='ocrx_word' id='word_1_323' title='bbox 1022 1742 1185 1778; x_wconf 83' lang='lat' dir='ltr'><strong>assentiri</strong></span> <span class='ocrx_word' id='word_1_324' title='bbox 1195 1754 1266 1778; x_wconf 91' lang='lat' dir='ltr'><strong>non</strong></span> <span class='ocrx_word' id='word_1_325' title='bbox 1277 1753 1424 1789; x_wconf 87' lang='lat' dir='ltr'><strong>possum</strong></span> <span class='ocrx_word' id='word_1_326' title='bbox 1433 1769 1442 1786; x_wconf 97' lang='lat'><strong>,</strong></span> <span class='ocrx_word' id='word_1_327' title='bbox 1459 1742 1541 1789; x_wconf 82' lang='lat' dir='ltr'><strong>quia</strong></span> <span class='ocrx_word' id='word_1_328' title='bbox 1555 1741 1728 1777; x_wconf 81' lang='lat' dir='ltr'><strong>defectum</strong></span> <span class='ocrx_word' id='word_1_329' title='bbox 1742 1740 1859 1788; x_wconf 78' lang='lat' dir='ltr'><strong>potius</strong></span> 
     </span>
     <span class='ocr_line' id='line_1_29' title="bbox 301 1797 1858 1848; baseline -0.003 -9"><span class='ocrx_word' id='word_1_330' title='bbox 301 1805 337 1839; x_wconf 88' lang='lat' dir='ltr'><strong>in</strong></span> <span class='ocrx_word' id='word_1_331' title='bbox 361 1803 533 1839; x_wconf 84' lang='lat' dir='ltr'><strong>eiusmodi</strong></span> <span class='ocrx_word' id='word_1_332' title='bbox 555 1802 811 1838; x_wconf 87' lang='lat' dir='ltr'><strong>constructione</strong></span> <span class='ocrx_word' id='word_1_333' title='bbox 834 1801 1027 1848; x_wconf 79' lang='lat' dir='ltr'><strong>significat3</strong></span> <span class='ocrx_word' id='word_1_334' title='bbox 1055 1803 1178 1847; x_wconf 85' lang='lat' dir='ltr'><strong>estque</strong></span> <span class='ocrx_word' id='word_1_335' title='bbox 1201 1797 1290 1848; x_wconf 74' lang='grc' dir='ltr'>παρὰ</span> <span class='ocrx_word' id='word_1_336' title='bbox 1313 1799 1404 1847; x_wconf 82' lang='grc' dir='ltr'>ὥραν</span> <span class='ocrx_word' id='word_1_337' title='bbox 1427 1799 1514 1846; x_wconf 77' lang='grc' dir='ltr'><strong>μίαν,</strong></span> <span class='ocrx_word' id='word_1_338' title='bbox 1537 1811 1608 1835; x_wconf 78' lang='lat' dir='ltr'><strong>una</strong></span> <span class='ocrx_word' id='word_1_339' title='bbox 1629 1799 1716 1835; x_wconf 77' lang='lat' dir='ltr'><strong>hora</strong></span> <span class='ocrx_word' id='word_1_340' title='bbox 1737 1801 1858 1834; x_wconf 75' lang='lat' dir='ltr'><strong>mim.</strong></span> 
     </span>
     <span class='ocr_line' id='line_1_30' title="bbox 302 1856 1860 1906; baseline -0.003 -10"><span class='ocrx_word' id='word_1_341' title='bbox 302 1861 401 1904; x_wconf 85' lang='lat' dir='ltr'><strong>Quod</strong></span> <span class='ocrx_word' id='word_1_342' title='bbox 416 1865 453 1896; x_wconf 86' lang='lat' dir='ltr'><strong>et</strong></span> <span class='ocrx_word' id='word_1_343' title='bbox 466 1860 613 1896; x_wconf 85' lang='lat' dir='ltr'><strong>subinde</strong></span> <span class='ocrx_word' id='word_1_344' title='bbox 624 1859 793 1906; x_wconf 85' lang='lat' dir='ltr'><strong>Keplerus</strong></span> <span class='ocrx_word' id='word_1_345' title='bbox 810 1859 970 1906; x_wconf 86' lang='lat' dir='ltr'><strong>agnoscit</strong></span> <span class='ocrx_word' id='word_1_346' title='bbox 991 1861 1027 1894; x_wconf 84' lang='lat' dir='ltr'><strong>et</strong></span> <span class='ocrx_word' id='word_1_347' title='bbox 1045 1858 1197 1905; x_wconf 86' lang='lat' dir='ltr'><strong>priorem</strong></span> <span class='ocrx_word' id='word_1_348' title='bbox 1211 1858 1309 1893; x_wconf 80' lang='lat' dir='ltr'><strong>illam</strong></span> <span class='ocrx_word' id='word_1_349' title='bbox 1323 1857 1494 1893; x_wconf 87' lang='lat' dir='ltr'><strong>rationem</strong></span> <span class='ocrx_word' id='word_1_350' title='bbox 1513 1856 1606 1892; x_wconf 84' lang='lat' dir='ltr'><strong>haud</strong></span> <span class='ocrx_word' id='word_1_351' title='bbox 1621 1857 1708 1892; x_wconf 87' lang='lat' dir='ltr'><strong>satis</strong></span> <span class='ocrx_word' id='word_1_352' title='bbox 1722 1856 1860 1903; x_wconf 86' lang='lat' dir='ltr'><strong>placere</strong></span> 
     </span>
     <span class='ocr_line' id='line_1_31' title="bbox 301 1913 1860 1964; baseline -0.003 -10"><span class='ocrx_word' id='word_1_353' title='bbox 301 1919 370 1954; x_wconf 86' lang='lat' dir='ltr'><strong>sibi</strong></span> <span class='ocrx_word' id='word_1_354' title='bbox 384 1918 524 1955; x_wconf 70' lang='lat' dir='ltr'><strong>fatetur.</strong></span> <span class='ocrx_word' id='word_1_355' title='bbox 549 1917 661 1964; x_wconf 84' lang='lat' dir='ltr'><strong>Igitur</strong></span> <span class='ocrx_word' id='word_1_356' title='bbox 673 1916 859 1963; x_wconf 85' lang='lat' dir='ltr'><strong>diligenter</strong></span> <span class='ocrx_word' id='word_1_357' title='bbox 870 1915 1052 1951; x_wconf 83' lang='lat' dir='ltr'><strong>subductis</strong></span> <span class='ocrx_word' id='word_1_358' title='bbox 1068 1926 1110 1950; x_wconf 88' lang='lat' dir='ltr'><strong>ac</strong></span> <span class='ocrx_word' id='word_1_359' title='bbox 1124 1915 1267 1950; x_wconf 83' lang='lat' dir='ltr'><strong>tentatis</strong></span> <span class='ocrx_word' id='word_1_360' title='bbox 1283 1915 1463 1958; x_wconf 89' lang='lat' dir='ltr'><strong>omnibus,</strong></span> <span class='ocrx_word' id='word_1_361' title='bbox 1479 1914 1605 1961; x_wconf 86' lang='lat' dir='ltr'><strong>quibus</strong></span> <span class='ocrx_word' id='word_1_362' title='bbox 1617 1913 1860 1950; x_wconf 78' lang='lat' dir='ltr'><strong>difficillimum</strong></span> 
     </span>
     <span class='ocr_line' id='line_1_32' title="bbox 300 1970 1859 2022; baseline -0.003 -11"><span class='ocrx_word' id='word_1_363' title='bbox 300 1975 394 2011; x_wconf 89' lang='grc'><strong>1111110</strong></span> <span class='ocrx_word' id='word_1_364' title='bbox 409 1976 546 2022; x_wconf 85' lang='lat' dir='ltr'><strong>cyclum</strong></span> <span class='ocrx_word' id='word_1_365' title='bbox 560 1978 711 2011; x_wconf 76' lang='lat' dir='ltr'><strong>tractare</strong></span> <span class='ocrx_word' id='word_1_366' title='bbox 727 1978 832 2020; x_wconf 86' lang='lat' dir='ltr'><strong>atque</strong></span> <span class='ocrx_word' id='word_1_367' title='bbox 853 1974 1028 2009; x_wconf 85' lang='lat' dir='ltr'><strong>illustrare</strong></span> <span class='ocrx_word' id='word_1_368' title='bbox 1050 1983 1252 2020; x_wconf 81' lang='lat' dir='ltr'><strong>possemus,</strong></span> <span class='ocrx_word' id='word_1_369' title='bbox 1274 1971 1404 2019; x_wconf 87' lang='lat' dir='ltr'><strong>duplici</strong></span> <span class='ocrx_word' id='word_1_370' title='bbox 1422 1971 1459 2007; x_wconf 91' lang='lat' dir='ltr'><strong>id</strong></span> <span class='ocrx_word' id='word_1_371' title='bbox 1479 1972 1614 2007; x_wconf 82' lang='lat' dir='ltr'><strong>ratione</strong></span> <span class='ocrx_word' id='word_1_372' title='bbox 1634 1970 1859 2018; x_wconf 69' lang='lat' dir='ltr'><strong>perfecimus3</strong></span> 
     </span>
     <span class='ocr_line' id='line_1_33' title="bbox 302 2028 1740 2081; baseline -0.004 -12"><span class='ocrx_word' id='word_1_373' title='bbox 302 2043 451 2081; x_wconf 89' lang='lat' dir='ltr'><strong>quarum</strong></span> <span class='ocrx_word' id='word_1_374' title='bbox 468 2034 688 2075; x_wconf 85' lang='lat' dir='ltr'><strong>alterutram,</strong></span> <span class='ocrx_word' id='word_1_375' title='bbox 703 2031 772 2067; x_wconf 88' lang='lat' dir='ltr'><strong>nisi</strong></span> <span class='ocrx_word' id='word_1_376' title='bbox 788 2031 953 2074; x_wconf 81' lang='lat' dir='ltr'><strong>fallimur,</strong></span> <span class='ocrx_word' id='word_1_377' title='bbox 969 2040 1082 2076; x_wconf 89' lang='lat' dir='ltr'><strong>aequo</strong></span> <span class='ocrx_word' id='word_1_378' title='bbox 1098 2033 1204 2076; x_wconf 86' lang='lat' dir='ltr'><strong>atque</strong></span> <span class='ocrx_word' id='word_1_379' title='bbox 1220 2029 1356 2068; x_wconf 82' lang='lat' dir='ltr'><strong>erudito</strong></span> <span class='ocrx_word' id='word_1_380' title='bbox 1369 2029 1491 2065; x_wconf 85' lang='lat' dir='ltr'><strong>lectori</strong></span> <span class='ocrx_word' id='word_1_381' title='bbox 1502 2028 1740 2076; x_wconf 81' lang='lat' dir='ltr'><strong>probabimus.</strong></span> 
     </span>
     <span class='ocr_line' id='line_1_34' title="bbox 392 2084 1860 2133; baseline -0.004 -7"><span class='ocrx_word' id='word_1_382' title='bbox 392 2090 509 2126; x_wconf 84' lang='lat' dir='ltr'><strong>Prima</strong></span> <span class='ocrx_word' id='word_1_383' title='bbox 524 2093 641 2125; x_wconf 87' lang='lat' dir='ltr'><strong>autem</strong></span> <span class='ocrx_word' id='word_1_384' title='bbox 656 2094 712 2124; x_wconf 84' lang='lat' dir='ltr'><strong>est</strong></span> <span class='ocrx_word' id='word_1_385' title='bbox 732 2087 914 2124; x_wconf 89' lang='lat' dir='ltr'><strong>eiusmodi.</strong></span> <span class='ocrx_word' id='word_1_386' title='bbox 944 2086 1063 2123; x_wconf 88' lang='lat' dir='ltr'><strong>Iudaei</strong></span> <span class='ocrx_word' id='word_1_387' title='bbox 1083 2086 1222 2133; x_wconf 79' lang='lat' dir='ltr'><strong>cyclum</strong></span> <span class='ocrx_word' id='word_1_388' title='bbox 1242 2086 1461 2133; x_wconf 81' lang='lat' dir='ltr'><strong>usurpabant</strong></span> <span class='ocrx_word' id='word_1_389' title='bbox 1480 2086 1669 2133; x_wconf 84' lang='lat' dir='ltr'><strong>duplicem,</strong></span> <span class='ocrx_word' id='word_1_390' title='bbox 1690 2084 1860 2121; x_wconf 87' lang='lat' dir='ltr'><strong>maiorem</strong></span> 
     </span>
     <span class='ocr_line' id='line_1_35' title="bbox 302 2142 1860 2190; baseline -0.004 -6"><span class='ocrx_word' id='word_1_391' title='bbox 302 2158 343 2183; x_wconf 86' lang='lat' dir='ltr'><strong>ac</strong></span> <span class='ocrx_word' id='word_1_392' title='bbox 358 2148 547 2190; x_wconf 87' lang='lat' dir='ltr'><strong>minorem;</strong></span> <span class='ocrx_word' id='word_1_393' title='bbox 570 2146 662 2183; x_wconf 88' lang='lat' dir='ltr'><strong>hunc</strong></span> <span class='ocrx_word' id='word_1_394' title='bbox 677 2157 749 2189; x_wconf 74' lang='lat' dir='ltr'><strong>xiv,</strong></span> <span class='ocrx_word' id='word_1_395' title='bbox 772 2146 871 2181; x_wconf 88' lang='lat' dir='ltr'><strong>illum</strong></span> <span class='ocrx_word' id='word_1_396' title='bbox 886 2156 1019 2180; x_wconf 62' lang='lat' dir='ltr'><strong>mxxxiv</strong></span> <span class='ocrx_word' id='word_1_397' title='bbox 1035 2154 1218 2179; x_wconf 86' lang='lat' dir='ltr'><strong>annorum.</strong></span> <span class='ocrx_word' id='word_1_398' title='bbox 1248 2143 1423 2179; x_wconf 86' lang='lat' dir='ltr'><strong>Lunarem</strong></span> <span class='ocrx_word' id='word_1_399' title='bbox 1438 2153 1570 2179; x_wconf 84' lang='lat' dir='ltr'><strong>annum</strong></span> <span class='ocrx_word' id='word_1_400' title='bbox 1582 2142 1690 2179; x_wconf 85' lang='lat' dir='ltr'><strong>iidem</strong></span> <span class='ocrx_word' id='word_1_401' title='bbox 1704 2142 1860 2189; x_wconf 86' lang='lat' dir='ltr'><strong>praecise</strong></span> 
     </span>
     <span class='ocr_line' id='line_1_36' title="bbox 302 2198 1859 2248; baseline -0.004 -6"><span class='ocrx_word' id='word_1_402' title='bbox 302 2206 435 2241; x_wconf 85' lang='lat' dir='ltr'><strong>dierum</strong></span> <span class='ocrx_word' id='word_1_403' title='bbox 451 2204 536 2248; x_wconf 84' lang='lat'>354,</span> <span class='ocrx_word' id='word_1_404' title='bbox 551 2203 718 2240; x_wconf 86' lang='lat' dir='ltr'><strong>horarum</strong></span> <span class='ocrx_word' id='word_1_405' title='bbox 734 2202 756 2238; x_wconf 91' lang='lat'>8</span> <span class='ocrx_word' id='word_1_406' title='bbox 772 2201 1042 2238; x_wconf 79' lang='lat' dir='ltr'><strong>constituebant.</strong></span> <span class='ocrx_word' id='word_1_407' title='bbox 1075 2201 1129 2236; x_wconf 89' lang='grc'><strong>110</strong></span> <span class='ocrx_word' id='word_1_408' title='bbox 1143 2201 1179 2236; x_wconf 84' lang='grc'><strong>10</strong></span> <span class='ocrx_word' id='word_1_409' title='bbox 1195 2199 1540 2236; x_wconf 68' lang='lat' dir='ltr'><strong>tessaradecaeterids</strong></span> <span class='ocrx_word' id='word_1_410' title='bbox 1555 2199 1629 2236; x_wconf 90' lang='lat' dir='ltr'><strong>dies</strong></span> <span class='ocrx_word' id='word_1_411' title='bbox 1646 2203 1745 2235; x_wconf 87' lang='grc'><strong>01001</strong></span> <span class='ocrx_word' id='word_1_412' title='bbox 1758 2198 1859 2243; x_wconf 90' lang='grc'><strong>5108,</strong></span> 
     </span>
     <span class='ocr_line' id='line_1_37' title="bbox 304 2256 1860 2307; baseline -0.004 -8"><span class='ocrx_word' id='word_1_413' title='bbox 304 2263 407 2299; x_wconf 85' lang='grc'><strong>110100</strong></span> <span class='ocrx_word' id='word_1_414' title='bbox 422 2263 456 2299; x_wconf 81' lang='lat'><strong>4.</strong></span> <span class='ocrx_word' id='word_1_415' title='bbox 486 2262 579 2298; x_wconf 81' lang='lat' dir='ltr'><strong>Anni</strong></span> <span class='ocrx_word' id='word_1_416' title='bbox 594 2262 733 2297; x_wconf 87' lang='lat' dir='ltr'><strong>lunares</strong></span> <span class='ocrx_word' id='word_1_417' title='bbox 750 2273 809 2296; x_wconf 81' lang='lat' dir='ltr'><strong>xxv</strong></span> <span class='ocrx_word' id='word_1_418' title='bbox 826 2259 1004 2307; x_wconf 80' lang='lat' dir='ltr'><strong>simplices</strong></span> <span class='ocrx_word' id='word_1_419' title='bbox 1024 2258 1097 2294; x_wconf 87' lang='lat' dir='ltr'><strong>dies</strong></span> <span class='ocrx_word' id='word_1_420' title='bbox 1121 2257 1292 2305; x_wconf 87' lang='lat' dir='ltr'><strong>colligunt</strong></span> <span class='ocrx_word' id='word_1_421' title='bbox 1305 2257 1412 2301; x_wconf 85' lang='lat'>4956,</span> <span class='ocrx_word' id='word_1_422' title='bbox 1433 2258 1596 2305; x_wconf 75' lang='lat' dir='ltr'><strong>syzygias</strong></span> <span class='ocrx_word' id='word_1_423' title='bbox 1615 2257 1695 2301; x_wconf 86' lang='lat'>168,</span> <span class='ocrx_word' id='word_1_424' title='bbox 1718 2256 1860 2292; x_wconf 87' lang='lat' dir='ltr'><strong>alternis</strong></span> 
     </span>
     <span class='ocr_line' id='line_1_38' title="bbox 302 2314 1860 2367; baseline -0.004 -11"><span class='ocrx_word' id='word_1_425' title='bbox 302 2321 423 2367; x_wconf 86' lang='lat' dir='ltr'><strong>plenas</strong></span> <span class='ocrx_word' id='word_1_426' title='bbox 439 2323 475 2356; x_wconf 88' lang='lat' dir='ltr'><strong>et</strong></span> <span class='ocrx_word' id='word_1_427' title='bbox 490 2330 612 2363; x_wconf 85' lang='lat' dir='ltr'><strong>cavas,</strong></span> <span class='ocrx_word' id='word_1_428' title='bbox 627 2317 694 2355; x_wconf 87' lang='lat' dir='ltr'><strong>hoc</strong></span> <span class='ocrx_word' id='word_1_429' title='bbox 709 2321 764 2354; x_wconf 88' lang='lat' dir='ltr'><strong>est</strong></span> <span class='ocrx_word' id='word_1_430' title='bbox 779 2317 823 2352; x_wconf 84' lang='lat'>84</span> <span class='ocrx_word' id='word_1_431' title='bbox 838 2317 959 2364; x_wconf 84' lang='lat' dir='ltr'><strong>plenas</strong></span> <span class='ocrx_word' id='word_1_432' title='bbox 978 2315 1192 2362; x_wconf 83' lang='lat' dir='ltr'><strong>totidemque</strong></span> <span class='ocrx_word' id='word_1_433' title='bbox 1208 2325 1321 2351; x_wconf 80' lang='lat' dir='ltr'><strong>cavas.</strong></span> <span class='ocrx_word' id='word_1_434' title='bbox 1344 2314 1523 2351; x_wconf 83' lang='lat' dir='ltr'><strong>Accedunt</strong></span> <span class='ocrx_word' id='word_1_435' title='bbox 1537 2315 1788 2351; x_wconf 86' lang='lat' dir='ltr'><strong>embolimaeae</strong></span> <span class='ocrx_word' id='word_1_436' title='bbox 1803 2324 1860 2360; x_wconf 89' lang='lat' dir='ltr'><strong>sy-</strong></span> 
     </span>
     <span class='ocr_line' id='line_1_39' title="bbox 302 2371 1860 2425; baseline -0.004 -11"><span class='ocrx_word' id='word_1_437' title='bbox 302 2379 425 2425; x_wconf 81' lang='lat' dir='ltr'><strong>zygiae</strong></span> <span class='ocrx_word' id='word_1_438' title='bbox 440 2378 565 2425; x_wconf 86' lang='lat' dir='ltr'><strong>plenae</strong></span> <span class='ocrx_word' id='word_1_439' title='bbox 581 2389 613 2421; x_wconf 85' lang='lat' dir='ltr'><strong>v,</strong></span> <span class='ocrx_word' id='word_1_440' title='bbox 635 2376 708 2412; x_wconf 85' lang='lat' dir='ltr'><strong>sive</strong></span> <span class='ocrx_word' id='word_1_441' title='bbox 724 2375 798 2411; x_wconf 91' lang='lat' dir='ltr'><strong>dies</strong></span> <span class='ocrx_word' id='word_1_442' title='bbox 818 2374 892 2410; x_wconf 80' lang='lat'>150.</span> <span class='ocrx_word' id='word_1_443' title='bbox 922 2373 1028 2410; x_wconf 79' lang='lat' dir='ltr'><strong>Fiunt</strong></span> <span class='ocrx_word' id='word_1_444' title='bbox 1048 2373 1085 2409; x_wconf 89' lang='lat' dir='ltr'><strong>in</strong></span> <span class='ocrx_word' id='word_1_445' title='bbox 1108 2372 1455 2409; x_wconf 70' lang='lat' dir='ltr'><strong>tessaradecaeteride</strong></span> <span class='ocrx_word' id='word_1_446' title='bbox 1477 2372 1550 2408; x_wconf 86' lang='lat' dir='ltr'><strong>dies</strong></span> <span class='ocrx_word' id='word_1_447' title='bbox 1566 2371 1672 2415; x_wconf 87' lang='lat'>5106,</span> <span class='ocrx_word' id='word_1_448' title='bbox 1694 2371 1860 2419; x_wconf 73' lang='lat' dir='ltr'><strong>syzygiae</strong></span> 
     </span>
     <span class='ocr_line' id='line_1_40' title="bbox 303 2428 1860 2483; baseline -0.004 -12"><span class='ocrx_word' id='word_1_449' title='bbox 303 2437 424 2483; x_wconf 82' lang='lat' dir='ltr'><strong>plenae</strong></span> <span class='ocrx_word' id='word_1_450' title='bbox 441 2434 502 2478; x_wconf 85' lang='grc'><strong>89,</strong></span> <span class='ocrx_word' id='word_1_451' title='bbox 524 2444 632 2470; x_wconf 82' lang='lat' dir='ltr'><strong>cavae</strong></span> <span class='ocrx_word' id='word_1_452' title='bbox 647 2433 708 2469; x_wconf 87' lang='lat'><strong>84:</strong></span> <span class='ocrx_word' id='word_1_453' title='bbox 731 2435 919 2480; x_wconf 84' lang='lat' dir='ltr'><strong>supersunt</strong></span> <span class='ocrx_word' id='word_1_454' title='bbox 940 2430 1013 2467; x_wconf 87' lang='lat' dir='ltr'><strong>dies</strong></span> <span class='ocrx_word' id='word_1_455' title='bbox 1030 2430 1051 2466; x_wconf 91' lang='grc'><strong>2</strong></span> <span class='ocrx_word' id='word_1_456' title='bbox 1061 2456 1070 2474; x_wconf 93' lang='grc'><strong>,</strong></span> <span class='ocrx_word' id='word_1_457' title='bbox 1092 2428 1196 2466; x_wconf 87' lang='lat' dir='ltr'><strong>horae</strong></span> <span class='ocrx_word' id='word_1_458' title='bbox 1212 2429 1244 2466; x_wconf 88' lang='lat'><strong>4.</strong></span> <span class='ocrx_word' id='word_1_459' title='bbox 1275 2428 1473 2466; x_wconf 82' lang='lat' dir='ltr'><strong>Reservatis</strong></span> <span class='ocrx_word' id='word_1_460' title='bbox 1488 2428 1583 2465; x_wconf 85' lang='lat' dir='ltr'><strong>horis</strong></span> <span class='ocrx_word' id='word_1_461' title='bbox 1598 2429 1635 2465; x_wconf 89' lang='lat' dir='ltr'><strong>in</strong></span> <span class='ocrx_word' id='word_1_462' title='bbox 1649 2429 1757 2465; x_wconf 86' lang='lat' dir='ltr'><strong>finem</strong></span> <span class='ocrx_word' id='word_1_463' title='bbox 1772 2428 1860 2475; x_wconf 82' lang='lat' dir='ltr'><strong>cycli</strong></span> 
     </span>
     <span class='ocr_line' id='line_1_41' title="bbox 303 2486 1859 2539; baseline -0.004 -10"><span class='ocrx_word' id='word_1_464' title='bbox 303 2493 445 2529; x_wconf 86' lang='lat' dir='ltr'><strong>maioris</strong></span> <span class='ocrx_word' id='word_1_465' title='bbox 462 2492 634 2539; x_wconf 88' lang='lat' dir='ltr'><strong>reliquum</strong></span> <span class='ocrx_word' id='word_1_466' title='bbox 651 2490 796 2526; x_wconf 87' lang='lat' dir='ltr'><strong>biduum</strong></span> <span class='ocrx_word' id='word_1_467' title='bbox 812 2489 856 2525; x_wconf 87' lang='lat' dir='ltr'><strong>ad</strong></span> <span class='ocrx_word' id='word_1_468' title='bbox 871 2489 957 2524; x_wconf 86' lang='lat' dir='ltr'><strong>duas</strong></span> <span class='ocrx_word' id='word_1_469' title='bbox 973 2498 1076 2524; x_wconf 79' lang='lat' dir='ltr'><strong>cavas</strong></span> <span class='ocrx_word' id='word_1_470' title='bbox 1093 2487 1255 2535; x_wconf 78' lang='lat' dir='ltr'><strong>syzygias</strong></span> <span class='ocrx_word' id='word_1_471' title='bbox 1271 2487 1475 2524; x_wconf 82' lang='lat' dir='ltr'><strong>adiunctum</strong></span> <span class='ocrx_word' id='word_1_472' title='bbox 1495 2486 1640 2523; x_wconf 82' lang='lat' dir='ltr'><strong>totidem</strong></span> <span class='ocrx_word' id='word_1_473' title='bbox 1659 2497 1679 2522; x_wconf 91' lang='lat' dir='ltr'><strong>e</strong></span> <span class='ocrx_word' id='word_1_474' title='bbox 1694 2496 1859 2522; x_wconf 82' lang='lat' dir='ltr'><strong>cavarum</strong></span> 
     </span>
     <span class='ocr_line' id='line_1_42' title="bbox 303 2542 1858 2594; baseline -0.005 -8"><span class='ocrx_word' id='word_1_475' title='bbox 303 2561 448 2586; x_wconf 87' lang='lat' dir='ltr'><strong>numero</strong></span> <span class='ocrx_word' id='word_1_476' title='bbox 465 2548 623 2585; x_wconf 80' lang='lat' dir='ltr'><strong>detrahit.</strong></span> <span class='ocrx_word' id='word_1_477' title='bbox 660 2548 714 2583; x_wconf 87' lang='lat' dir='ltr'><strong>Ita</strong></span> <span class='ocrx_word' id='word_1_478' title='bbox 733 2547 825 2583; x_wconf 83' lang='lat' dir='ltr'><strong>flunt</strong></span> <span class='ocrx_word' id='word_1_479' title='bbox 845 2547 887 2582; x_wconf 89' lang='grc'><strong>91</strong></span> <span class='ocrx_word' id='word_1_480' title='bbox 905 2546 1046 2594; x_wconf 83' lang='lat' dir='ltr'><strong>plenae,</strong></span> <span class='ocrx_word' id='word_1_481' title='bbox 1064 2556 1169 2582; x_wconf 79' lang='lat' dir='ltr'><strong>cavae</strong></span> <span class='ocrx_word' id='word_1_482' title='bbox 1185 2544 1229 2581; x_wconf 89' lang='grc'><strong>82</strong></span> <span class='ocrx_word' id='word_1_483' title='bbox 1251 2545 1287 2581; x_wconf 89' lang='lat' dir='ltr'><strong>in</strong></span> <span class='ocrx_word' id='word_1_484' title='bbox 1302 2547 1378 2581; x_wconf 84' lang='grc'><strong>1010</strong></span> <span class='ocrx_word' id='word_1_485' title='bbox 1397 2543 1762 2588; x_wconf 73' lang='lat' dir='ltr'><strong>tessaradecaeteride,</strong></span> <span class='ocrx_word' id='word_1_486' title='bbox 1785 2542 1858 2579; x_wconf 87' lang='lat' dir='ltr'><strong>dies</strong></span> 
     </span>
     <span class='ocr_line' id='line_1_43' title="bbox 303 2600 1859 2652; baseline -0.004 -9"><span class='ocrx_word' id='word_1_487' title='bbox 303 2608 405 2643; x_wconf 81' lang='lat'>5108.</span> <span class='ocrx_word' id='word_1_488' title='bbox 437 2606 536 2650; x_wconf 86' lang='lat' dir='ltr'><strong>Quod</strong></span> <span class='ocrx_word' id='word_1_489' title='bbox 553 2606 584 2642; x_wconf 87' lang='lat' dir='ltr'><strong>si</strong></span> <span class='ocrx_word' id='word_1_490' title='bbox 601 2606 679 2652; x_wconf 88' lang='lat' dir='ltr'><strong>quis</strong></span> <span class='ocrx_word' id='word_1_491' title='bbox 696 2604 904 2641; x_wconf 86' lang='lat' dir='ltr'><strong>embolimos</strong></span> <span class='ocrx_word' id='word_1_492' title='bbox 925 2614 1065 2639; x_wconf 87' lang='lat' dir='ltr'><strong>menses</strong></span> <span class='ocrx_word' id='word_1_493' title='bbox 1082 2615 1101 2639; x_wconf 88' lang='lat' dir='ltr'>v</span> <span class='ocrx_word' id='word_1_494' title='bbox 1119 2602 1278 2649; x_wconf 89' lang='lat' dir='ltr'><strong>singulos</strong></span> <span class='ocrx_word' id='word_1_495' title='bbox 1298 2601 1432 2638; x_wconf 84' lang='lat' dir='ltr'><strong>dierum</strong></span> <span class='ocrx_word' id='word_1_496' title='bbox 1453 2600 1625 2637; x_wconf 80' lang='lat' dir='ltr'><strong>duntaxat</strong></span> <span class='ocrx_word' id='word_1_497' title='bbox 1639 2601 1700 2646; x_wconf 90' lang='grc'><strong>29,</strong></span> <span class='ocrx_word' id='word_1_498' title='bbox 1724 2600 1799 2638; x_wconf 84' lang='grc'><strong>1101.</strong></span> <span class='ocrx_word' id='word_1_499' title='bbox 1818 2600 1859 2636; x_wconf 89' lang='grc'><strong>12</strong></span> 
     </span>
     <span class='ocr_line' id='line_1_44' title="bbox 303 2658 1859 2707; baseline -0.004 -7"><span class='ocrx_word' id='word_1_500' title='bbox 303 2676 380 2699; x_wconf 82' lang='lat' dir='ltr'><strong>esse</strong></span> <span class='ocrx_word' id='word_1_501' title='bbox 395 2665 510 2707; x_wconf 84' lang='lat' dir='ltr'><strong>malit,</strong></span> <span class='ocrx_word' id='word_1_502' title='bbox 526 2663 630 2699; x_wconf 84' lang='lat' dir='ltr'><strong>addat</strong></span> <span class='ocrx_word' id='word_1_503' title='bbox 645 2662 688 2699; x_wconf 85' lang='lat' dir='ltr'><strong>ad</strong></span> <span class='ocrx_word' id='word_1_504' title='bbox 704 2660 811 2705; x_wconf 87' lang='grc'><strong>4956,</strong></span> <span class='ocrx_word' id='word_1_505' title='bbox 828 2661 902 2697; x_wconf 85' lang='lat' dir='ltr'><strong>diss</strong></span> <span class='ocrx_word' id='word_1_506' title='bbox 924 2660 997 2704; x_wconf 85' lang='lat'>147,</span> <span class='ocrx_word' id='word_1_507' title='bbox 1013 2659 1087 2697; x_wconf 89' lang='lat' dir='ltr'><strong>hor.</strong></span> <span class='ocrx_word' id='word_1_508' title='bbox 1106 2659 1157 2696; x_wconf 90' lang='grc'><strong>12.</strong></span> <span class='ocrx_word' id='word_1_509' title='bbox 1181 2658 1399 2707; x_wconf 83' lang='lat' dir='ltr'><strong>Golliguntur</strong></span> <span class='ocrx_word' id='word_1_510' title='bbox 1414 2658 1487 2695; x_wconf 87' lang='lat' dir='ltr'><strong>dies</strong></span> <span class='ocrx_word' id='word_1_511' title='bbox 1502 2658 1608 2702; x_wconf 86' lang='lat'>5103,</span> <span class='ocrx_word' id='word_1_512' title='bbox 1623 2658 1696 2694; x_wconf 86' lang='grc'><strong>1101.</strong></span> <span class='ocrx_word' id='word_1_513' title='bbox 1713 2658 1754 2694; x_wconf 91' lang='grc'><strong>12</strong></span> <span class='ocrx_word' id='word_1_514' title='bbox 1769 2667 1859 2706; x_wconf 85' lang='lat' dir='ltr'><strong>quae</strong></span> 
     </span>
     <span class='ocr_line' id='line_1_45' title="bbox 303 2714 1859 2765; baseline -0.003 -10"><span class='ocrx_word' id='word_1_515' title='bbox 303 2733 322 2755; x_wconf 82' lang='grc'><strong>0</strong></span> <span class='ocrx_word' id='word_1_516' title='bbox 338 2722 445 2763; x_wconf 78' lang='lat'>5108,</span> <span class='ocrx_word' id='word_1_517' title='bbox 468 2720 577 2757; x_wconf 86' lang='lat' dir='ltr'><strong>hor.4</strong></span> <span class='ocrx_word' id='word_1_518' title='bbox 596 2720 750 2756; x_wconf 79' lang='lat' dir='ltr'><strong>detracta</strong></span> <span class='ocrx_word' id='word_1_519' title='bbox 771 2718 972 2765; x_wconf 86' lang='lat' dir='ltr'><strong>relinquunt</strong></span> <span class='ocrx_word' id='word_1_520' title='bbox 994 2717 1068 2753; x_wconf 82' lang='lat' dir='ltr'><strong>dies</strong></span> <span class='ocrx_word' id='word_1_521' title='bbox 1083 2717 1124 2762; x_wconf 91' lang='grc'><strong>4,</strong></span> <span class='ocrx_word' id='word_1_522' title='bbox 1146 2716 1221 2753; x_wconf 86' lang='grc'><strong>1101.</strong></span> <span class='ocrx_word' id='word_1_523' title='bbox 1244 2716 1296 2753; x_wconf 86' lang='lat'>16.</span> <span class='ocrx_word' id='word_1_524' title='bbox 1341 2715 1370 2752; x_wconf 77' lang='lat' dir='ltr'>E</span> <span class='ocrx_word' id='word_1_525' title='bbox 1392 2715 1519 2763; x_wconf 88' lang='lat' dir='ltr'><strong>quibus</strong></span> <span class='ocrx_word' id='word_1_526' title='bbox 1546 2715 1727 2752; x_wconf 84' lang='lat' dir='ltr'><strong>duodecim</strong></span> <span class='ocrx_word' id='word_1_527' title='bbox 1754 2714 1859 2751; x_wconf 83' lang='lat' dir='ltr'><strong>horae</strong></span> 
     </span>
     <span class='ocr_line' id='line_1_46' title="bbox 303 2771 1860 2822; baseline -0.004 -8"><span class='ocrx_word' id='word_1_528' title='bbox 303 2778 470 2813; x_wconf 82' lang='lat' dir='ltr'><strong>deductae</strong></span> <span class='ocrx_word' id='word_1_529' title='bbox 485 2783 520 2814; x_wconf 85' lang='lat' dir='ltr'><strong>et</strong></span> <span class='ocrx_word' id='word_1_530' title='bbox 536 2778 578 2814; x_wconf 85' lang='lat' dir='ltr'><strong>ad</strong></span> <span class='ocrx_word' id='word_1_531' title='bbox 597 2777 754 2813; x_wconf 76' lang='lat' dir='ltr'><strong>ultimam</strong></span> <span class='ocrx_word' id='word_1_532' title='bbox 770 2776 1011 2812; x_wconf 72' lang='lat' dir='ltr'><strong>intercalarem</strong></span> <span class='ocrx_word' id='word_1_533' title='bbox 1027 2774 1225 2822; x_wconf 74' lang='lat' dir='ltr'><strong>syzygiam,</strong></span> <span class='ocrx_word' id='word_1_534' title='bbox 1249 2784 1353 2821; x_wconf 82' lang='lat' dir='ltr'><strong>quam</strong></span> <span class='ocrx_word' id='word_1_535' title='bbox 1367 2771 1501 2809; x_wconf 83' lang='lat' dir='ltr'><strong>dierum</strong></span> <span class='ocrx_word' id='word_1_536' title='bbox 1517 2773 1578 2817; x_wconf 84' lang='grc'><strong>29,</strong></span> <span class='ocrx_word' id='word_1_537' title='bbox 1594 2772 1668 2808; x_wconf 90' lang='lat' dir='ltr'><strong>hor.</strong></span> <span class='ocrx_word' id='word_1_538' title='bbox 1684 2773 1724 2808; x_wconf 90' lang='grc'><strong>12</strong></span> <span class='ocrx_word' id='word_1_539' title='bbox 1739 2772 1860 2809; x_wconf 82' lang='grc'><strong>0101111-</strong></span> 
     </span>
     <span class='ocr_line' id='line_1_47' title="bbox 304 2830 1859 2882; baseline -0.003 -12"><span class='ocrx_word' id='word_1_540' title='bbox 304 2846 399 2877; x_wconf 78' lang='lat' dir='ltr'><strong>mus,</strong></span> <span class='ocrx_word' id='word_1_541' title='bbox 414 2835 615 2871; x_wconf 83' lang='lat' dir='ltr'><strong>accedentes</strong></span> <span class='ocrx_word' id='word_1_542' title='bbox 639 2834 779 2882; x_wconf 83' lang='lat' dir='ltr'><strong>plenam</strong></span> <span class='ocrx_word' id='word_1_543' title='bbox 801 2833 896 2872; x_wconf 80' lang='lat' dir='ltr'><strong>illam</strong></span> <span class='ocrx_word' id='word_1_544' title='bbox 920 2832 1089 2870; x_wconf 74' lang='lat' dir='ltr'><strong>efficiunt.</strong></span> <span class='ocrx_word' id='word_1_545' title='bbox 1122 2832 1225 2870; x_wconf 71' lang='grc' dir='ltr'><strong>,Τοιο</strong></span> <span class='ocrx_word' id='word_1_546' title='bbox 1240 2841 1320 2867; x_wconf 84' lang='lat' dir='ltr'><strong>vero</strong></span> <span class='ocrx_word' id='word_1_547' title='bbox 1337 2833 1486 2878; x_wconf 84' lang='lat' dir='ltr'><strong>quatuor</strong></span> <span class='ocrx_word' id='word_1_548' title='bbox 1501 2830 1551 2866; x_wconf 89' lang='lat' dir='ltr'><strong>illi</strong></span> <span class='ocrx_word' id='word_1_549' title='bbox 1567 2830 1640 2866; x_wconf 88' lang='lat' dir='ltr'><strong>dies</strong></span> <span class='ocrx_word' id='word_1_550' title='bbox 1657 2842 1676 2866; x_wconf 93' lang='lat' dir='ltr'><strong>e</strong></span> <span class='ocrx_word' id='word_1_551' title='bbox 1691 2830 1786 2866; x_wconf 72' lang='lat' dir='ltr'><strong>cavis</strong></span> <span class='ocrx_word' id='word_1_552' title='bbox 1802 2840 1859 2877; x_wconf 87' lang='lat' dir='ltr'><strong>sy·</strong></span> 
     </span>
     <span class='ocr_line' id='line_1_48' title="bbox 304 2886 1858 2939; baseline -0.004 -11"><span class='ocrx_word' id='word_1_553' title='bbox 304 2893 415 2939; x_wconf 76' lang='lat' dir='ltr'><strong>sygiis</strong></span> <span class='ocrx_word' id='word_1_554' title='bbox 433 2892 573 2927; x_wconf 76' lang='lat' dir='ltr'><strong>totidem</strong></span> <span class='ocrx_word' id='word_1_555' title='bbox 599 2892 719 2938; x_wconf 83' lang='lat' dir='ltr'><strong>plenas</strong></span> <span class='ocrx_word' id='word_1_556' title='bbox 741 2890 968 2927; x_wconf 83' lang='lat' dir='ltr'><strong>constituunt.</strong></span> <span class='ocrx_word' id='word_1_557' title='bbox 1008 2888 1107 2925; x_wconf 89' lang='lat' dir='ltr'><strong>Unde</strong></span> <span class='ocrx_word' id='word_1_558' title='bbox 1128 2889 1250 2936; x_wconf 80' lang='lat' dir='ltr'><strong>plenae</strong></span> <span class='ocrx_word' id='word_1_559' title='bbox 1271 2888 1436 2935; x_wconf 81' lang='lat' dir='ltr'><strong>syaygiae</strong></span> <span class='ocrx_word' id='word_1_560' title='bbox 1457 2886 1652 2923; x_wconf 80' lang='lat' dir='ltr'><strong>conflantur</strong></span> <span class='ocrx_word' id='word_1_561' title='bbox 1667 2888 1729 2931; x_wconf 88' lang='grc'><strong>91,</strong></span> <span class='ocrx_word' id='word_1_562' title='bbox 1752 2897 1858 2923; x_wconf 80' lang='lat' dir='ltr'><strong>cavae</strong></span> 
     </span>
     <span class='ocr_line' id='line_1_49' title="bbox 304 2942 1858 2993; baseline -0.003 -9"><span class='ocrx_word' id='word_1_563' title='bbox 304 2951 366 2993; x_wconf 70' lang='lat'><strong>⁶2.</strong></span> <span class='ocrx_word' id='word_1_564' title='bbox 389 2955 427 2986; x_wconf 81' lang='grc'><strong>01</strong></span> <span class='ocrx_word' id='word_1_565' title='bbox 448 2953 563 2985; x_wconf 80' lang='lat' dir='ltr'><strong>antes.</strong></span> <span class='ocrx_word' id='word_1_566' title='bbox 610 2948 757 2984; x_wconf 72' lang='lat' dir='ltr'><strong>Restant</strong></span> <span class='ocrx_word' id='word_1_567' title='bbox 777 2947 883 2983; x_wconf 85' lang='grc'><strong>110100</strong></span> <span class='ocrx_word' id='word_1_568' title='bbox 897 2947 931 2984; x_wconf 89' lang='grc'><strong>4.</strong></span> <span class='ocrx_word' id='word_1_569' title='bbox 980 2946 1162 2983; x_wconf 82' lang='lat' dir='ltr'><strong>Caeterum</strong></span> <span class='ocrx_word' id='word_1_570' title='bbox 1184 2945 1267 2982; x_wconf 86' lang='lat' dir='ltr'><strong>anni</strong></span> <span class='ocrx_word' id='word_1_571' title='bbox 1287 2944 1414 2981; x_wconf 83' lang='lat' dir='ltr'><strong>Iuliani</strong></span> <span class='ocrx_word' id='word_1_572' title='bbox 1429 2956 1488 2981; x_wconf 75' lang='lat' dir='ltr'><strong>xiv</strong></span> <span class='ocrx_word' id='word_1_573' title='bbox 1505 2944 1578 2980; x_wconf 86' lang='lat' dir='ltr'><strong>dies</strong></span> <span class='ocrx_word' id='word_1_574' title='bbox 1595 2945 1744 2992; x_wconf 84' lang='lat' dir='ltr'><strong>exigunt</strong></span> <span class='ocrx_word' id='word_1_575' title='bbox 1758 2942 1858 2987; x_wconf 81' lang='lat'>⁵113,</span> 
     </span>
     <span class='ocr_line' id='line_1_50' title="bbox 304 3000 1857 3050; baseline -0.005 -6"><span class='ocrx_word' id='word_1_576' title='bbox 304 3006 405 3044; x_wconf 79' lang='lat' dir='ltr'><strong>boras</strong></span> <span class='ocrx_word' id='word_1_577' title='bbox 426 3007 476 3043; x_wconf 85' lang='grc'><strong>12,</strong></span> <span class='ocrx_word' id='word_1_578' title='bbox 522 3006 693 3042; x_wconf 72' lang='lat' dir='ltr'><strong>Lunai-em</strong></span> <span class='ocrx_word' id='word_1_579' title='bbox 718 3006 824 3050; x_wconf 68' lang='lat' dir='ltr'><strong>igitur</strong></span> <span class='ocrx_word' id='word_1_580' title='bbox 839 3003 1223 3041; x_wconf 66' lang='lat' dir='ltr'><strong>tessaradecaeteridem</strong></span> <span class='ocrx_word' id='word_1_581' title='bbox 1239 3002 1362 3039; x_wconf 82' lang='lat' dir='ltr'><strong>solaris</strong></span> <span class='ocrx_word' id='word_1_582' title='bbox 1381 3006 1523 3049; x_wconf 83' lang='lat' dir='ltr'><strong>superat</strong></span> <span class='ocrx_word' id='word_1_583' title='bbox 1537 3002 1658 3038; x_wconf 87' lang='lat' dir='ltr'><strong>diebus</strong></span> <span class='ocrx_word' id='word_1_584' title='bbox 1675 3002 1713 3046; x_wconf 91' lang='lat'><strong>5,</strong></span> <span class='ocrx_word' id='word_1_585' title='bbox 1735 3000 1808 3038; x_wconf 85' lang='lat' dir='ltr'><strong>hor.</strong></span> <span class='ocrx_word' id='word_1_586' title='bbox 1825 3000 1857 3036; x_wconf 87' lang='grc'><strong>8.</strong></span> 
     </span>
     <span class='ocr_line' id='line_1_51' title="bbox 303 3059 1856 3105; baseline -0.004 -5"><span class='ocrx_word' id='word_1_587' title='bbox 303 3064 373 3100; x_wconf 68' lang='lat' dir='ltr'><strong>Sed</strong></span> <span class='ocrx_word' id='word_1_588' title='bbox 385 3063 751 3100; x_wconf 65' lang='lat' dir='ltr'><strong>uunsrsdocseteridou</strong></span> <span class='ocrx_word' id='word_1_589' title='bbox 765 3063 905 3098; x_wconf 83' lang='lat' dir='ltr'><strong>lunares</strong></span> <span class='ocrx_word' id='word_1_590' title='bbox 919 3074 969 3105; x_wconf 75' lang='lat' dir='ltr'><strong>vr,</strong></span> <span class='ocrx_word' id='word_1_591' title='bbox 987 3062 1059 3098; x_wconf 81' lang='lat' dir='ltr'><strong>sive</strong></span> <span class='ocrx_word' id='word_1_592' title='bbox 1076 3061 1159 3097; x_wconf 87' lang='lat' dir='ltr'><strong>anni</strong></span> <span class='ocrx_word' id='word_1_593' title='bbox 1173 3072 1301 3097; x_wconf 63' lang='lat' dir='ltr'><strong>cxxxiv</strong></span> <span class='ocrx_word' id='word_1_594' title='bbox 1315 3059 1388 3095; x_wconf 84' lang='lat' dir='ltr'><strong>dies</strong></span> <span class='ocrx_word' id='word_1_595' title='bbox 1406 3060 1576 3105; x_wconf 84' lang='lat' dir='ltr'><strong>colligunt</strong></span> <span class='ocrx_word' id='word_1_596' title='bbox 1586 3059 1710 3103; x_wconf 82' lang='grc'><strong>40679,</strong></span> <span class='ocrx_word' id='word_1_597' title='bbox 1725 3059 1856 3095; x_wconf 85' lang='lat' dir='ltr'><strong>solares</strong></span> 
     </span>
    </p>
   </div>
  </div>
 </body>
</html>
