2008 3294
313 215 451 252 CCXVI

312 320 480 366 simisque
494 319 688 354 rationibus
704 319 879 354 evertitur.
924 318 994 354 Sed
1008 321 1181 366 repugnat
1195 328 1277 364 prae
1293 318 1436 353 caeteris
1456 318 1665 365 gravissima
1687 317 1724 354 S.
1739 317 1866 354 Leonis

312 376 522 413 sanctissimi
537 375 712 422 pontificis
729 376 934 419 auctoritas,
957 377 1018 423 qui
1039 376 1128 411 hanc
1149 374 1423 421 profitendorum
1444 376 1584 422 publice
1599 375 1771 411 scelerum
1785 385 1867 411 con-

313 433 531 470 suetudinem
557 437 725 479 tanquam
753 433 963 479 apostolicae
989 433 1130 479 regulae
1159 432 1376 467 contrariam
1392 433 1567 480 improbat
1589 432 1746 479 Epistola
1760 443 1866 469 nux.

313 503 388 538 cap.
405 490 437 525 2.
485 489 591 525 Cuius
607 490 713 524 verba
728 489 783 524 hic
801 490 942 525 omnino
958 489 1182 525 describenda
1197 492 1289 523 sunt.
1335 490 1456 533 Illam,
1477 490 1607 536 inquit,
1630 492 1731 524 etiam
1748 495 1868 524 contra

314 549 535 594 apostolicam
554 548 708 592 requlam
725 550 1050 594 praesumpta‘onem‚
1074 559 1172 594 quam
1197 558 1304 592 nuper
1327 549 1451 591 aqnovi
1475 561 1497 582 a
1521 548 1718 594 quibusdam
1741 547 1869 581 illicita

312 606 532 651 usurpatione
547 607 721 646 committi,
741 605 848 639 modis
863 605 1011 639 omnibus
1027 606 1189 639 constituo
1204 603 1393 638 submoveri
1407 603 1464 645 (de
1474 607 1686 650 poenitentia
1701 604 1869 646 videlicet,

313 675 398 708 quae
415 665 465 696 ita
482 675 504 695 a
513 662 674 708 fidelibus
683 662 911 708 postulatur),
935 673 975 696 ne
993 663 1034 696 de
1055 661 1261 706 siuqulorum
1271 666 1491 706 peccato-rum
1505 673 1628 706 qenere
1644 654 1769 696 libellis
1783 662 1870 695 scri·

306 726 374 765 pta
387 721 553 765 professio
563 718 701 764 publice
715 721 887 760 recitetur,
906 730 978 752 cum
995 725 1110 753 reatus
1132 720 1414 752 conscientiarum
1434 720 1590 764 sufficiat
1607 719 1689 753 solis
1710 718 1870 752 sacerdo-

315 776 446 811 dotibus
460 777 619 810 indicari
633 778 838 822 consessione
852 781 996 811 secreta.
1047 776 1210 815 Quamvis
1232 777 1319 809 euim
1334 776 1511 821 plenitudo
1519 776 1608 822 fidei
1620 776 1780 811 videatur
1799 785 1870 810 esse

315 834 511 875 laudanda,
533 845 619 879 quae
634 838 779 879 propter
794 834 851 868 dei
865 835 1013 868 timorem
1030 834 1126 879 apud
1140 833 1288 867 homines
1303 833 1499 867 erubescere
1514 844 1578 867 nou
1593 839 1738 876 veretur,
1759 837 1872 866 tamen

314 893 394 935 quia
411 902 474 924 non
491 891 635 924 omnium
650 889 839 925 huiusmodi
853 896 931 924 sunt
938 895 1107 936 peccata,
1130 896 1168 924 ut
1187 901 1247 931 ea,
1270 901 1357 935 quae
1367 891 1612 935 poenitentiam
1621 895 1784 936 poscunt,
1805 901 1872 924 non

315 950 456 982 timeant
458 947 642 993 publicare
648 973 658 990 ,
669 953 882 982 removeatur
894 953 960 981 tam
974 947 1208 993 improbabilis
1221 947 1439 989 consuetudo,
1451 958 1492 981 ne
1505 947 1601 982 multi
1611 948 1873 993 apoem'tentiae

315 1005 474 1039 remediis
489 1010 685 1046 arceantur,
703 1005 779 1039 dum
797 1010 858 1038 aut
871 1005 1084 1046 erubescunt,
1108 1010 1168 1038 aut
1189 1010 1339 1038 metuunt
1351 1005 1500 1038 inimicis
1515 1015 1579 1038 sua
1586 1006 1694 1049 sacta
1708 1005 1872 1046 reserari,

315 1062 432 1108 quibus
441 1063 575 1107 possint
588 1063 694 1106 lequm
712 1063 944 1096 constitutione
954 1062 1110 1107 percelli.
1155 1061 1292 1107 Sufficit
1306 1063 1392 1095 enim
1407 1061 1472 1095 illa
1494 1062 1673 1106 consessio,
1695 1071 1783 1106 quae
1795 1061 1872 1106 pri-

315 1131 401 1153 mum
418 1119 478 1153 deo
494 1120 647 1164 offertur,
660 1123 727 1153 tum
745 1122 846 1153 etiam
863 1119 1036 1153 sacerdoti
1042 1145 1051 1161 ,
1075 1120 1133 1164 qui
1149 1130 1215 1164 pro
1239 1119 1374 1152 delictis
1390 1121 1619 1163 poenitentum
1633 1122 1799 1164 precator
1813 1127 1874 1151 ac·-

319 1176 418 1212 cedit.
464 1175 526 1210 His
553 1176 737 1210 verborum
761 1175 1078 1221 sententiarumque
1112 1175 1315 1210 fulminibus
1343 1178 1579 1210 commentum
1604 1174 1690 1210 illud
1715 1173 1875 1220 publicae

317 1230 547 1268 confessionis
562 1232 769 1279 percellitur.
817 1232 855 1267 Si
872 1232 964 1267 enim
979 1243 1024 1267 ne
1039 1232 1236 1267 volentibus
1253 1231 1392 1278 quidem
1409 1235 1512 1278 atque
1527 1233 1618 1267 ultro
1632 1230 1874 1278 flagitantibus

315 1290 500 1325 criminum
521 1291 590 1326 reis
612 1290 749 1337 publice
771 1290 839 1324 ista
861 1289 1082 1336 pronunciari
1103 1300 1230 1336 passus
1254 1292 1322 1332 est,
1344 1299 1492 1335 eamque
1515 1295 1635 1324 contra
1656 1290 1875 1324 traditionem

272 1370 281 1381 .
317 1349 538 1394 apostolicam
549 1349 856 1393 praesumptionem
873 1357 950 1381 esse
974 1346 1109 1390 definit,
1133 1350 1229 1381 estne
1250 1350 1290 1381 ut
1312 1347 1478 1381 reiectum
1502 1357 1542 1382 ac
1565 1346 1767 1382 damnatum
1786 1345 1877 1382 tenu

316 1404 489 1452 pontificis
512 1404 639 1439 iudicio
661 1414 794 1439 morem
814 1404 1010 1450 legitimum
1034 1403 1221 1450 aliquando
1245 1403 1353 1439 fuisse
1377 1407 1539 1450 putemus
1570 1407 1604 1439 et
1627 1404 1805 1439 communi
1827 1403 1873 1439 ab

318 1463 479 1497 omnibus
495 1462 661 1496 ecclesiae
677 1462 751 1496 iure
767 1465 943 1495 servatum
953 1464 968 1495 ἲ
1014 1460 1152 1496 Atenim
1167 1461 1322 1507 plerique
1338 1461 1388 1496 sic
1404 1461 1629 1508 respondent:
1665 1461 1818 1497 Leonem
1833 1460 1875 1496 de

318 1519 460 1555 occultis
485 1518 655 1554 duntaxat
679 1517 880 1553 criminibus
905 1518 1018 1564 loqui,
1043 1528 1132 1564 quae
1147 1518 1284 1564 publice
1306 1517 1463 1553 confiteri
1482 1529 1585 1554 nemo
1608 1518 1781 1561 debuerit,
1804 1529 1876 1553 non

318 1581 434 1612 autem
457 1576 498 1611 de
522 1576 687 1623 publicis,
712 1586 801 1622 quae
816 1575 920 1610 unica
936 1575 1096 1621 publicae
1113 1574 1341 1610 confessionis
1359 1585 1461 1622 seges
1479 1575 1604 1610 extitit.
1650 1574 1876 1611 Commodius

317 1635 376 1669 isti
399 1645 502 1677 sane,
527 1633 587 1680 qui
610 1633 654 1668 ab
676 1631 741 1667 hac
764 1632 895 1679 publici
910 1633 987 1679 lege
1004 1632 1181 1667 dedecoris
1198 1632 1334 1667 occulta
1350 1632 1475 1667 saltem
1497 1632 1691 1679 excipiunt:
1716 1632 1809 1679 quod
1830 1640 1877 1668 ne

318 1691 377 1726 alii
400 1690 539 1738 quidem
562 1690 752 1724 remittunt.
799 1689 954 1732 Quorum
977 1689 1148 1724 nonnulla.
1169 1690 1346 1725 temeritas
1362 1689 1555 1724 Tridentini
1579 1689 1716 1725 concilii
1731 1699 1815 1725 voce
1834 1696 1877 1725 ac

319 1748 456 1783 decreto
470 1751 622 1783 notatur.
659 1746 796 1782 Etenim
813 1746 908 1783 Sess.
920 1758 991 1782 xxv.
1009 1757 1127 1794 cap.v.
1145 1757 1225 1782 cum
1241 1746 1417 1782 docuisset
1428 1746 1606 1793 publicam
1621 1745 1876 1782 contessionem

320 1806 409 1840 nullo
425 1806 539 1840 diuino
549 1810 736 1850 praecepto
753 1805 953 1839 ’nunciatam
967 1804 1094 1847 fuisse,
1111 1804 1229 1839 statim
1246 1803 1380 1847 adiicit,
1396 1815 1457 1839 nec
1469 1806 1557 1838 satis
1569 1804 1716 1839 consulte
1727 1803 1877 1839 humana

321 1864 438 1908 aliqua
450 1863 521 1907 leqe
527 1864 802 1908 praeciperetur,
818 1868 857 1896 ut
867 1862 1010 1903 delicta,
1020 1864 1226 1908 praesertim
1238 1866 1370 1896 secreta
1379 1887 1388 1903 ‚
1396 1861 1540 1907 publica
1553 1867 1662 1896 essent
1673 1860 1878 1907 consessione

321 1919 521 1966 aperienda.
567 1917 730 1953 Divinum
746 1929 887 1965 prorsus
903 1928 943 1954 ac
958 1922 1056 1954 tanto
1074 1929 1242 1954 consessu
1257 1917 1403 1964 dignum
1428 1918 1624 1961 oraculum,
1646 1929 1691 1953 ex
1715 1915 1784 1964 quo
1805 1929 1877 1954 non

320 1975 423 2011 modo
440 1975 481 2010 de
498 1978 709 2010 secretorum
725 1976 925 2017 criminum,
942 1975 1002 2010 sed
1019 1975 1123 2011 etiam
1141 1975 1359 2022 publicorum
1375 1975 1514 2022 publica
1529 1975 1744 2022 professione
1759 1974 1878 2022 colligi

320 2036 435 2080 potest
448 2033 545 2068 nulla
559 2042 714 2078 unquam
730 2030 898 2075 humana,
915 2031 979 2067 hoc
996 2035 1051 2067 est
1066 2031 1301 2067 ecclesiastica
1315 2032 1410 2078 lege,
1434 2042 1540 2078 quam
1561 2031 1677 2068 divino
1692 2035 1875 2079 praecepto

321 2089 510 2126 Tridentini
525 2092 641 2136 patres
658 2094 853 2135 opponunt,
876 2089 1135 2135 poenitentibus
1156 2088 1356 2135 impositam
1376 2087 1503 2131 fuisse,
1524 2099 1564 2124 ac
1587 2099 1632 2124 ne
1651 2089 1784 2136 imponi
1801 2089 1876 2136 qui-

322 2147 399 2183 dem
415 2146 600 2195 prudenter
615 2146 780 2192 potuisse.
828 2144 1006 2192 Siquidem
1023 2156 1091 2181 vox
1114 2146 1172 2181 illa
1182 2148 1386 2191 praescr-&m
1403 2144 1492 2181 hanc
1507 2144 1612 2181 habet
1627 2146 1717 2188 vim,
1739 2149 1779 2181 ut
1801 2157 1876 2182 cae-

322 2208 397 2240 tera
412 2213 549 2251 quoque
566 2213 688 2250 parum
701 2203 858 2238 consulte
870 2202 1091 2249 pronunciari
1103 2205 1318 2245 censeantur,
1334 2201 1488 2248 adeoque
1502 2213 1590 2249 quae
1603 2202 1645 2237 de
1657 2202 1725 2238 illis
1737 2203 1876 2250 publice

323 2260 527 2297 confitendis
542 2260 612 2295 lata
627 2259 730 2295 suerit
745 2260 801 2295 lex
819 2259 1015 2295 inconsulta
1030 2259 1075 2295 sit
1090 2259 1302 2306 minimeque
1318 2258 1483 2306 prudens,
1506 2259 1571 2295 etsi
1592 2260 1701 2295 altera
1722 2268 1812 2307 quae
1833 2260 1877 2297 de

323 2318 465 2354 secretis
480 2317 572 2353 idem
588 2321 770 2360 statueret,
786 2315 986 2364 prudentiae
1003 2317 1117 2352 minus
1132 2315 1270 2352 habeat.
1308 2317 1462 2363 Apparet
1476 2316 1582 2363 igitur
1599 2327 1642 2352 ex
1659 2317 1877 2354 Tridentino-

323 2387 398 2412 rum
415 2374 478 2411 PP.
502 2385 607 2410 sensu
629 2373 761 2410 nullam
785 2384 938 2421 unquam
962 2373 1157 2409 istiusmodi
1181 2373 1294 2420 legem
1319 2373 1496 2416 extitisse,
1521 2384 1609 2420 quae
1633 2374 1676 2409 ad
1700 2374 1877 2422 publicam

324 2442 607 2480 quoruncumque
623 2434 842 2479 peccatorum
859 2430 1112 2467 confessionem
1128 2430 1345 2478 poenitentes
1361 2430 1600 2478 adstringeret.
1625 2430 1738 2473 Quare
1749 2431 1876 2469 Leonis

325 2490 428 2526 etiam
445 2488 618 2525 decretum
636 2487 680 2524 ad
696 2488 814 2524 omnia
832 2491 1051 2535 peccatorum
1074 2498 1201 2534 genera
1223 2488 1381 2535 pertinet.
1427 2487 1540 2534 Atque
1556 2488 1611 2523 vel
1634 2498 1678 2524 ex
1700 2499 1759 2532 eo,
1783 2488 1875 2536 quod

324 2547 423 2583 fateri
439 2545 496 2582 isti
512 2549 696 2592 coguntur,
717 2545 858 2593 publica
877 2545 991 2581 solum
1014 2545 1159 2581 crimina
1174 2543 1370 2581 confitenda
1384 2544 1508 2587 tuisse,
1531 2555 1603 2580 non
1627 2546 1778 2590 occulta,
1799 2546 1876 2582 nul·

326 2605 395 2640 lam
411 2603 551 2640 omnino
568 2602 821 2639 contessionem
834 2602 1007 2649 publicam
1023 2602 1101 2649 lege
1114 2602 1337 2638 constitutam
1350 2611 1427 2638 esse
1440 2599 1652 2638 validissime
1663 2602 1876 2650 probabitur.

326 2661 460 2697 Etenim
478 2670 557 2696 cum
579 2660 623 2695 ob
646 2659 806 2706 graviora
828 2659 999 2695 duntaxat
1019 2662 1053 2695 et
1074 2659 1233 2707 capitalia
1255 2658 1386 2695 scelera
1400 2658 1611 2706 poenitentia
1626 2658 1763 2705 publica
1779 2670 1876 2707 prae-

327 2718 453 2764 scripta
469 2717 531 2761 sit,
548 2717 607 2764 qul
623 2715 707 2752 haec
723 2715 859 2763 publice
876 2715 1106 2764 omnibusque
1119 2716 1266 2752 consciis
1279 2715 1491 2759 admIsisset,
1507 2725 1586 2751 cum
1602 2715 1738 2763 publice
1754 2721 1877 2764 postea

328 2775 531 2822 poeniteret,
554 2772 635 2821 quid
658 2783 700 2809 ea
721 2772 876 2809 confiteri
892 2783 1033 2810 necesse
1049 2772 1182 2816 habuit,
1207 2776 1266 2809 aut
1282 2773 1340 2820 qui
1356 2771 1492 2808 tandem
1509 2771 1544 2808 in
1561 2772 1628 2808 1111·
1646 2773 1782 2820 publice
1798 2784 1875 2821 pro-

328 2830 463 2867 mendis
481 2830 590 2878 pudor
606 2841 645 2866 ac
662 2829 886 2871 verecundia,
909 2830 966 2866 cui
981 2830 1017 2867 in
1033 2829 1234 2877 abroganda
1249 2829 1467 2866 confessione
1483 2828 1660 2865 Nectarius
1678 2831 1875 2867 consultum

328 2898 403 2924 esse
420 2889 596 2924 voluerat?
642 2886 801 2930 Querltur
817 2887 1031 2924 Sozomsnus
1053 2887 1190 2924 sublato
1205 2885 1273 2923 hoo
1292 2886 1384 2935 ipso,
1408 2884 1637 2934 quodcunque
1653 2887 1793 2924 taudem
1809 2886 1875 2924 Ne·

329 2945 455 2981 ctarius
472 2945 679 2992 antiquavit,
696 2945 790 2980 velut
804 2944 921 2980 fraeno
939 2944 1087 2992 quodam
1104 2944 1272 2988 detracto,
1288 2943 1454 2980 malorem
1467 2943 1509 2978 ad
1523 2954 1624 2979 omne
1641 2944 1753 2981 scelus
1769 2945 1874 2981 licen·

329 3002 412 3038 tiam
429 3000 584 3037 hominen
600 2999 779 3044 babuisse,
803 3011 881 3037 cum
904 3006 983 3037 ante
1000 3004 1054 3046 τῆς
1071 2999 1259 3048 ἱξαγγιλίας
1277 3004 1389 3037 metus
1405 3000 1482 3036 illos
1499 3010 1539 3036 ac
1556 3001 1762 3037 verecundia
1777 3001 1873 3038 cofir-

331 3062 431 3095 ceret.
478 3056 592 3094 Nostri
608 3057 672 3094 hoc
690 3057 731 3093 ad
749 3057 923 3105 publicam
940 3058 1192 3095 consessionem
1208 3057 1429 3094 transferunt.
1476 3057 1530 3101 Si,
1554 3061 1592 3094 ut
1608 3058 1746 3102 volunt,
1761 3058 1873 3106 publi·
