2008 3294
1537 198 1675 237 CCXCI

212 304 255 341 N.
271 316 304 340 v.
335 303 434 339 oiim»
450 306 506 349 τῆς
523 302 697 348 ἐκκλησίας
718 302 910 349 λαβούσης]
956 302 1024 345 Qui
1046 302 1090 338 ad
1112 302 1298 350 Epiphanii
1318 305 1471 339 mentem
1494 302 1677 350 diligenter

123 362 282 399 animum
296 361 474 404 adiecerit,
489 372 559 396 non
576 361 748 396 dubitabit
762 360 846 407 quin
863 357 956 394 οὔπω
971 371 1034 406 pro
1052 359 1140 394 οὕτω
1156 359 1237 396 huic
1251 361 1328 396 loco
1344 360 1390 395 sit
1403 360 1530 407 aptius.

216 417 259 455 N.
274 431 322 456 vr.
354 417 554 465 Μασμαρὼθ
571 417 591 452 ἃ
607 416 677 452 τινά
693 416 760 452 ἐστι
782 415 1007 463 διυλεστήρια]
1054 417 1195 453 Nullum
1219 417 1390 453 eiusmodi
1410 417 1620 453 vocabulum
1640 418 1677 452 in

123 475 301 522 scripturis
324 475 468 522 reperio.
513 474 680 510 Proxima
694 485 766 510 vox
787 473 867 510 huic
891 478 945 509 est
967 477 1148 515 ruff-mm
1171 475 1261 510 inter
1283 475 1404 520 templi
1422 484 1523 517 vasa,
1544 485 1633 521 quae
1655 485 1677 509 a

122 532 324 579 Babyloniis
341 532 473 578 direpta
489 535 800 567 commemorantur
814 531 962 566 Hierem.
979 543 1053 574 ιιι,
1072 531 1123 566 19.
1160 531 1228 566 Sed
1252 543 1323 566 non
1348 530 1554 579 διυλιστῆρας
1569 532 1678 577 signi-

121 589 214 631 ficat,
229 600 350 625 verum
367 587 501 635 φιάλας,
518 590 612 636 apud
627 601 708 624 ux.
722 588 1054 624 manufirmam.
1078 588 1148 623 Alii
1163 591 1383 623 emunctoria.
1407 589 1499 624 Sane
1516 591 1677 630 ΕἿἿὮΊΒ

114 648 238 691 [αα-ει
252 649 343 683 sunt.
390 645 460 682 Sed
480 646 523 682 ab
540 657 582 681 ea
598 657 682 682 voce
698 644 792 681 haud
807 645 878 681 seio
895 655 940 680 an
963 648 1168 686 rvi-inm
1191 645 1338 680 derivari
1353 646 1490 692 possint
1503 658 1566 693 pro
1585 647 1678 689 colis,

123 703 249 749 quibus
264 703 384 739 vinum
401 703 606 738 defaecatur.
651 703 705 739 Ita
727 699 865 749 μιδικὼθ
888 701 980 740 idem
1005 713 1081 737 esse
1105 713 1146 737 ac
1170 700 1307 743 κυάθους
1330 703 1486 738 nondum
1509 704 1677 750 comperi:

123 769 229 806 quam
243 770 366 796 vocem
381 760 440 795 lib.
457 759 499 795 de
514 760 625 796 Mens.
642 763 676 795 et
690 758 798 795 Pond.
813 759 954 806 repetit,
977 769 1059 806 pag.
1079 758 1164 801 182„
1187 763 1226 795 ut
1241 763 1276 794 et
1291 760 1563 797 antecedentem.
1609 759 1678 795 Sed

123 814 259 857 κυάθους
274 820 376 852 vocat
391 816 549 864 μεδεκώθ.
579 817 708 854 Verum
724 819 886 877 ΠῚἿΡῦἎ
901 827 923 852 a
938 828 1020 853 Lxx.
1039 815 1153 859 nasoon
1166 815 1365 853 redduntur.

211 873 254 911 N.
271 886 333 910 vn.
363 874 575 910 Luculentus
592 877 645 909 est
659 872 715 909 hic
730 871 916 920 Epiphanii
929 873 1043 916 locus,
1067 884 1113 908 ex
1137 884 1206 920 quo
1222 875 1398 910 variorum
1419 874 1568 916 rituum,
1591 886 1678 921 quos

122 929 292 967 catholica
309 941 348 966 ac
371 931 532 967 Romana
557 930 703 966 ecelesia
722 929 892 977 hodieque
912 930 1052 973 retinet,
1075 934 1231 966 vetustas
1254 932 1427 967 asseritur.
1475 931 1680 967 Cuiusmodi

123 990 205 1023 sunt
219 991 394 1024 certorum
409 988 543 1024 dierum
556 987 696 1031 ieiunia,
712 998 832 1034 preces
847 998 909 1034 pro
926 987 1071 1023 mortuis
1088 992 1123 1022 et
1137 992 1339 1023 sanctorum
1354 988 1496 1034 perinde
1511 999 1550 1024 ac
1569 994 1679 1024 caete-

122 1055 242 1080 rorum
257 1044 411 1081 fidelium
427 1044 782 1081 commemorationes.
816 1044 867 1080 De
883 1044 1009 1091 quibus
1025 1045 1171 1091 aliisque
1188 1045 1426 1092 compluribus
1442 1046 1518 1092 agit
1531 1047 1568 1081 in
1585 1047 1679 1081 calce

123 1101 226 1138 huius
242 1102 372 1148 operss,
386 1102 425 1138 in
436 1101 663 1149 Expositione
674 1101 772 1137 Fidei
783 1100 990 1138 Catholicae.
1015 1101 1249 1144 Quamobrem
1264 1103 1302 1138 in
1317 1102 1416 1138 illum
1431 1103 1548 1149 ipsum
1563 1103 1679 1138 loc-um

124 1159 352 1205 opportunius
374 1159 580 1202 conferetur,
603 1159 635 1194 si
657 1158 740 1205 quid
762 1158 807 1195 ad
829 1158 1071 1196 illustrandam
1094 1158 1344 1195 catholicorum
1365 1159 1570 1207 dogmatum
1592 1161 1679 1195 anti-

125 1215 294 1262 quitatem
308 1215 540 1253 adnotaadmn
555 1215 736 1252 videbitur.

347 1364 407 1401 AD
430 1364 662 1401 HAERESIM
683 1364 854 1410 LXXVI„
879 1364 998 1408 QUAE
1022 1365 1107 1401 EST
1129 1365 1461 1402 ANOMOEORUM.

213 1444 256 1481 N„
271 1457 296 1481 1.
326 1444 540 1493 Προαχθέντα
555 1443 608 1481 διὰ
623 1444 681 1490 τὴν
697 1445 826 1490 αἰετοῦ]
874 1446 1046 1482 Constans
1063 1450 1116 1482 est
1131 1446 1167 1482 in
1183 1457 1224 1482 ea
1244 1446 1425 1493 opinione,
1447 1456 1553 1492 quam
1576 1457 1680 1493 supra

124 1502 321 1549 proposuit,
341 1506 382 1538 nt
395 1502 550 1546 Aetium,
574 1514 679 1550 quem
700 1513 723 1538 a
743 1502 890 1540 Leontio
906 1503 1121 1539 Antiocheno
1138 1504 1267 1539 caeteri
1281 1503 1467 1540 diaconum
1483 1503 1680 1540 ordinatum

124 1562 300 1602 asserunt,
315 1569 339 1594 a
354 1558 504 1606 Georgio
519 1559 755 1596 Alexandrino
770 1560 806 1595 id
821 1560 1000 1606 dignitatis
1017 1564 1242 1605 consecutum
1257 1561 1445 1598 existimet.

214 1615 291 1656 Πῶς
307 1615 366 1663 μὶν
377 1615 434 1661 τὴν
446 1616 552 1663 νίτρον
569 1615 699 1652 ἃπασαν
713 1615 875 1663 ἐξέλαβι.]
896 1617 1084 1652 Nitram'ae
1097 1620 1255 1663 eqreyt‘ae
1267 1619 1467 1664 Aeyyptis's,
1484 1618 1533 1653 ait
1547 1618 1680 1654 Plinius

123 1673 182 1708 lib.
196 1685 292 1708 xxxi.
309 1684 384 1720 cap.
398 1685 432 1708 x.
463 1673 551 1708 Hinc
566 1673 676 1709 Nitria
691 1674 842 1720 Aegypti
862 1674 1095 1721 praefectura,
1118 1685 1140 1708 a
1154 1675 1237 1710 nitri
1253 1675 1372 1721 copia,
1395 1679 1435 1711 ut
1456 1675 1561 1710 refert
1575 1675 1680 1711 Sozo-

124 1741 247 1765 menus
264 1730 322 1765 lib.
335 1743 382 1766 vr.
399 1741 474 1777 cap.
486 1742 569 1766 xxx.
600 1731 732 1766 Horum
748 1731 854 1777 igitur
870 1742 911 1766 ac
928 1731 1140 1778 reliquorum
1155 1732 1379 1778 vectigalium
1395 1732 1592 1779 redemptor
1606 1732 1680 1767 fue-

124 1791 179 1822 rat
195 1786 382 1833 Georgius,
400 1787 492 1834 quod
507 1785 654 1833 ἐκλαβεῖν
670 1788 824 1836 appellat
838 1787 1062 1836 Epiphanius.
1105 1787 1224 1837 Neque
1241 1789 1334 1824 enim
1351 1789 1450 1824 aliter
1464 1790 1682 1836 interpretari

124 1844 194 1879 ista
208 1855 408 1890 possumus.

215 1899 274 1942 Ὧς
291 1900 344 1936 καὶ
360 1900 470 1942 κλίνας
486 1900 665 1947 ἐπενόησε]
703 1901 803 1944 Quod
817 1912 840 1938 a
854 1901 1035 1939 catholicis
1050 1903 1318 1949 imperatoribus
1334 1903 1446 1950 proba
1459 1914 1500 1939 ac
1515 1904 1680 1940 laudabili

124 1958 203 2004 lege
219 1958 461 2001 constitutum,
477 1958 777 2006 Constantinopoli
793 1959 932 2006 quidem
946 1960 1102 1995 maxime
1118 1971 1140 1995 a
1155 1959 1396 1997 Constantino.
1438 1960 1529 1997 Nam
1545 1972 1567 1996 a
1582 1961 1681 1996 deca-

124 2015 179 2050 nis
195 2019 230 2050 et
243 2015 424 2052 lecticariis
439 2015 575 2062 publice
590 2016 683 2052 elata
697 2020 780 2052 sunt
795 2027 957 2064 corpora,
980 2028 1068 2063 quos
1085 2021 1120 2052 et
1135 2015 1291 2058 κοπιατόις
1307 2021 1342 2053 et
1356 2019 1557 2064 vespillones
1570 2019 1680 2054 nomi-

125 2076 221 2116 nant,
237 2072 279 2108 de
295 2072 424 2119 quibus
434 2073 471 2108 in
487 2073 581 2109 calce
599 2073 711 2119 operis
727 2072 842 2109 huius.
873 2073 919 2109 At
936 2073 1108 2120 Georgius
1123 2074 1290 2117 Arianus,
1306 2075 1508 2111 mortalium
1524 2076 1678 2113 omnium

126 2129 402 2172 sordidissimus,
414 2140 460 2166 ex
475 2140 518 2164 ea
532 2140 568 2165 re
583 2130 719 2166 lucrum
735 2141 776 2166 ac
793 2130 1227 2178 compendiumcaptabat.

214 2185 277 2222 Koa
290 2187 407 2221 σιωπῶ
418 2183 463 2222 τὰ
471 2183 558 2222 ἄλλα
570 2186 701 2234 λέγειν]
724 2187 878 2224 Verbum
893 2187 1082 2235 κομίζεσθαι
1097 2189 1197 2224 aliter
1211 2189 1369 2224 fortassis
1384 2189 1678 2236 interpretandum

126 2253 232 2289 quam
246 2243 335 2279 utin
349 2242 482 2279 Latinis
499 2244 627 2279 nostris
644 2244 858 2290 exprimitur,
882 2245 1047 2281 nimirum
1071 2250 1255 2292 quaestum
1271 2257 1318 2280 ex
1332 2257 1368 2281 re
1386 2247 1541 2292 qualibet
1555 2246 1679 2280 fecisse

128 2299 334 2347 Georgium,
353 2304 478 2348 utputa
501 2311 547 2336 ex
567 2301 712 2336 lautitiis
735 2305 772 2337 et
786 2302 957 2349 cupediis,
980 2313 1068 2348 quae
1083 2302 1317 2338 Alexandriae
1333 2303 1581 2344 vendebantur,
1605 2313 1679 2336 ma-

125 2357 271 2394 ximein
286 2356 487 2404 εὐδαιμόνων
503 2357 611 2404 λαύρᾳ
626 2357 667 2392 de
683 2368 754 2404 qua
768 2358 813 2394 ad
826 2359 945 2395 Arian.
959 2358 1053 2395 haer.
1069 2359 1200 2395 dictum
1217 2362 1286 2402 est,
1309 2362 1385 2395 tum
1405 2359 1550 2395 caeteris
1566 2369 1611 2394 ex
1627 2370 1678 2394 re-

126 2415 204 2451 bus.
247 2413 383 2457 Quibus
395 2414 565 2451 accedunt
579 2425 667 2461 quae
682 2426 743 2462 per
758 2426 931 2451 summam
947 2416 1186 2452 crudelitatem
1201 2416 1378 2462 exigebat.
1424 2414 1515 2451 Nam
1529 2415 1679 2451 Alexan-

127 2471 305 2508 drinorum
327 2471 567 2518 episcoporum
590 2481 720 2517 magna
739 2471 971 2508 Alexandriae
991 2476 1147 2519 potestas
1170 2472 1247 2508 fuit.
1290 2473 1342 2507 De
1356 2472 1514 2508 Dioscori
1527 2473 1679 2508 Alexan-

109 2528 216 2574 otini
235 2528 355 2564 itidem
376 2529 529 2576 episcopi
550 2528 679 2574 iniquis
695 2538 736 2563 ac
752 2530 943 2574 tyrannicis
959 2530 1200 2566 exactionibus
1216 2529 1327 2564 multa
1341 2529 1491 2575 sparsim
1507 2533 1629 2564 extant
1642 2530 1677 2566 in

127 2584 287 2623 Chalced.
304 2585 457 2631 Symdo.

215 2641 260 2679 N.
275 2654 328 2679 111.
359 2641 534 2689 Γεγονότες
551 2641 620 2688 ἅμα
635 2640 793 2688 Ἀστερίῳ
810 2642 897 2687 τινί.]
947 2643 999 2678 De
1015 2654 1084 2689 quo
1101 2643 1260 2679 Socrates
1275 2642 1336 2679 lib.
1348 2654 1374 2680 1.
1392 2653 1466 2690 oap-
1478 2654 1599 2679 xxxvr.
1614 2643 1678 2681 So·
1734 2672 1741 2680 .

130 2708 218 2734 aem.
230 2699 291 2734 lib.
303 2711 341 2736 ιι.
357 2710 432 2747 cap.
444 2711 542 2735 xxxi.
572 2699 732 2734 Meminit
747 2703 783 2734 et
795 2698 1007 2734 Athanasius
1023 2700 1083 2734 lib.
1099 2699 1142 2734 de
1157 2698 1333 2746 Synodis..
1361 2698 1427 2736 Hic
1443 2700 1535 2746 quod
1549 2701 1587 2736 in
1601 2712 1677 2748 per-

131 2754 304 2792 seeutione
320 2756 564 2799 sacrificasset,
581 2756 748 2798 ordinari,
765 2755 856 2802 quod
872 2756 1026 2802 apprime
1042 2756 1218 2802 cupiebat,
1233 2741 1442 2811 affiatu&

218 2808 378 2859 Ὕστερον
391 2811 446 2848 ὑπ’
462 2812 570 2848 αὐτῶν
587 2814 652 2847 τῶν
670 2812 868 2859 Ἀρειανῶν.]
890 2813 944 2848 Ab
958 2812 1002 2847 iis
1018 2812 1178 2847 videlicet
1192 2808 1379 2860 episcopis,
1396 2814 1458 2860 qui
1472 2825 1518 2849 ex
1533 2818 1678 2861 utroque

132 2867 292 2911 concilio,
314 2869 524 2905 Ariminensi
551 2881 591 2905 ac
619 2869 847 2912 Seleuciensi,
876 2869 1214 2916 Constantinopolim
1241 2870 1284 2904 ad
1311 2869 1554 2909 constantium
1578 2873 1678 2909 missi

133 2927 245 2966 erant,
261 2924 468 2970 quibuscum
481 2926 670 2974 disputavit
683 2926 817 2961 Aetius.
847 2925 1060 2961 Sozomenus
1075 2927 1136 2962 lib.
1148 2939 1196 2964 1v.
1214 2937 1287 2974 cap.
1300 2939 1385 2963 xxn.

221 2980 264 3016 N.
279 2993 340 3017 vn.
385 2979 468 3016 ’Aah
490 2983 546 3030 μὲν
571 2986 629 3018 τοῦ
653 2982 829 3029 Ἑβραῖκοῦ
854 2982 986 3028 ohtam]
1033 2984 1201 3019 Hebraico
1226 2984 1277 3019 ita
1303 2985 1513 3032 concipitur:
1553 2989 1676 3026 ἾΒΞἿΒ

134 3018 262 3086 οὖν).
286 3016 414 3087 nab-n
439 3042 566 3083 aian
589 3043 715 3098 wat>
746 3043 828 3082 aa*
858 3041 1001 3082 :³³:72⁸
1025 3043 1155 3083 πται-ιν.)
1179 3043 1292 3102 μὴν.
1314 3046 1375 3082 ῆι
1399 3047 1502 3083 san
1526 3044 1677 3085 :were

1353 3110 1407 3145 Τ*
