2008 3294
1587 131 1724 169 coxm

167 242 336 286 tentibus,
354 240 408 276 vel
421 244 586 287 tanquam
600 239 759 275 fidelibus
775 238 873 274 laicis
889 238 1097 284 imponatur.
1122 236 1197 280 Quo
1214 241 1248 272 et
1261 237 1448 284 Augustini
1463 236 1561 271 locus
1577 236 1634 271 ille
1649 248 1725 282 per-

168 300 256 335 tinet
270 299 330 334 lib.
342 311 366 334 1.
383 298 424 333 de
441 297 542 344 Bapt.
559 309 588 332 c.
605 297 730 332 Donat.
747 307 823 343 cap.
835 307 860 332 1.
886 294 979 330 Nam
991 297 1081 330 sicut
1097 296 1290 337 redeuntes,
1307 298 1365 341 qui
1373 297 1573 341 priusquam
1592 295 1725 328 recede·

167 363 245 391 rent
265 356 432 403 baptizati
450 361 541 397 eunt,
564 367 628 390 non
650 355 918 401 rebaptizantur,
940 354 992 386 ita
1016 353 1207 394 redeuntes,
1231 355 1290 398 qui
1307 354 1507 398 priusquam
1531 353 1729 386 recederent

168 415 321 449 ordinata·
330 419 421 454 sunt,
437 424 502 447 non
513 415 626 458 utique
637 422 756 446 wreus
767 411 981 451 ordinantur,
997 410 1059 443 sed
1070 416 1131 443 aut
1142 411 1387 443 administrant
1397 410 1487 455 quod
1501 410 1726 444 administra-

170 471 268 512 bant,
289 472 322 504 ei
335 469 398 504 hoc
415 469 581 504 eeclesiae
596 470 730 503 utilitas
738 467 906 515 postulat,
930 473 990 501 aut
1004 468 1037 500 σι’
1051 478 1115 500 non
1131 467 1391 508 administrant,
1407 473 1656 501 sacramentum
1673 479 1726 500 or-

169 528 355 562 dinationis
369 538 452 561 suae
469 533 578 561 tamen
593 532 730 571 qerunt,
747 531 780 559 et
792 525 868 559 ideo
884 525 932 558 eis
947 535 1067 558 manus
1082 526 1172 557 inter
1188 524 1296 558 laicos
1313 536 1375 558 non
1392 526 1583 570 imponitur.

257 583 299 619 N.
316 594 368 620 ιιι.
401 582 558 617 Touxion
573 582 744 628 λωὸῑκιον,
761 581 862 617 arom
878 579 1048 624 παλλίον.]
1095 579 1243 615 Pallium
1269 580 1362 615 enim
1386 591 1448 627 pro
1474 582 1597 627 quavis
1619 585 1726 624 veste,

169 641 275 677 etiam
291 640 450 686 stragula
465 641 624 677 sumitur.

258 697 382 732 Five-rat
399 696 433 732 δὲ
450 696 573 744 Πέτρον
591 697 824 744 μαρτυρῆσαι]
867 694 918 730 De
940 693 1033 729 Petri
1055 704 1256 729 successore
1278 694 1433 730 dicemus
1457 696 1500 730 ad
1523 700 1727 743 sequentem

168 754 357 799 haeresim,
373 766 408 790 n.
420 767 469 790 ιι.
501 754 591 790 Nam
607 758 642 789 et
656 753 843 801 plurimum
859 753 893 789 iu
911 762 952 787 ea
967 751 1165 787 narratione
1182 751 1291 786 falsus
1307 756 1359 786 est
1374 752 1598 799 Epiphanius.

259 810 316 846 Ἐν
332 814 400 852 τοῖς
417 811 606 855 Φαινησίοις
623 809 824 859 μετάλλοις.]
869 809 1030 845 Meminit
1053 809 1089 844 in
1114 809 1235 844 eadem
1259 810 1498 856 persecutione
1521 810 1728 847 declaranda

168 868 441 907 Phaenesiorum
457 869 676 904 metallorum
691 867 862 903 Eusebius
879 878 954 903 vm.
971 866 1060 905 libro
1077 866 1112 902 in
1136 866 1343 913 appendice,
1366 868 1421 902 vel
1442 878 1515 914 cap.
1531 880 1633 905 xv11.:
1659 871 1727 908 τοῖς

170 924 254 960 κατὰ
267 924 386 961 Φαινὼ
401 927 457 970 τῆς
475 924 690 970 Παλαιστίνης
705 924 836 972 χαλκοῦ
853 922 1025 971 μετάλλοις
1042 923 1117 964 τοὺς
1134 922 1255 964 πάντας
1273 923 1489 970 παραδίδωσι.
1521 925 1634 967 Quam
1650 925 1727 961 hor-

169 983 275 1018 renda
296 982 380 1018 haec
402 983 543 1018 metalla
563 982 712 1026 fuerint,
735 981 835 1017 docet
851 980 973 1016 Athen.
989 980 1098 1028 Epist.
1115 980 1159 1015 ad
1171 980 1271 1017 Solit.
1288 992 1322 1028 p.
1335 980 1427 1023 658„
1443 982 1502 1017 ubi
1519 982 1728 1029 Eutychium

170 1039 450 1087 hypodiaconum
466 1040 510 1075 ab
525 1039 663 1075 Arianis
679 1039 799 1075 scribit
813 1038 855 1074 ad
872 1038 1015 1074 metalla
1030 1038 1248 1080 damnatum,
1267 1037 1320 1071 καὶ
1337 1037 1501 1084 μέταλλον
1521 1039 1586 1087 οὐχ
1603 1039 1727 1086 ἁπλῶς,

171 1095 248 1131 ἀλλ’
271 1095 313 1138 εἷς
335 1095 373 1132 τὶ
391 1099 448 1142 τῆς
464 1096 591 1132 Φαινῶ·
609 1094 683 1131 ἔνθα
696 1095 749 1131 καὶ
766 1095 879 1143 φονεὺς
899 1095 1195 1143 καταδικαζόμενος
1212 1091 1326 1141 ὀλίγας
1341 1094 1464 1142 ἡμέρας
1481 1098 1577 1143 μόγις
1595 1097 1728 1133 δύναται

172 1155 278 1199 ζῆσαι.
309 1154 396 1190 Vide
413 1153 591 1190 Ortelium.

243 1211 302 1249 ,N.
318 1224 351 1247 v.
382 1209 471 1255 ’Ἤδη
488 1209 523 1246 δὲ
540 1208 558 1245 ὅ
575 1210 782 1257 μακαρίτης]
829 1210 882 1246 Ex
900 1210 1020 1246 eadem
1038 1210 1180 1246 officina
1196 1221 1413 1257 consequens
1430 1210 1575 1246 historia
1591 1212 1729 1258 prodiit,

170 1269 348 1304 Meletiani
362 1268 522 1304 videlicet
536 1267 729 1314 cuiuspiam
745 1268 939 1303 nebulonis.
986 1267 1024 1303 In
1049 1277 1118 1315 qua
1140 1268 1292 1314 primum
1314 1268 1400 1303 illud
1422 1267 1650 1304 falsissimum
1667 1273 1730 1312 est,

171 1325 355 1373 superstite
369 1325 480 1361 adhuc
495 1325 691 1360 Alexandro
702 1325 909 1360 Meletianos
925 1335 1005 1360 eum
1021 1325 1159 1360 Arianis
1175 1326 1411 1372 conspirasse3
1428 1325 1520 1372 quod
1532 1326 1729 1362 Alexandro

171 1383 311 1419 demum
332 1386 469 1419 mortuo
489 1382 679 1428 contigisse
694 1382 797 1418 docet
810 1381 1021 1418 Athanasius
1038 1382 1137 1429 Apol.
1150 1395 1188 1418 η.
1207 1393 1288 1430 pag.
1304 1382 1381 1418 603.
1427 1383 1518 1418 Nam
1534 1383 1732 1419 Alexander

170 1440 325 1476 nondum
342 1452 363 1475 v
375 1440 554 1476 mensibus
570 1442 650 1486 post
661 1438 851 1475 Nicaenum
865 1439 1050 1475 concilium
1063 1440 1211 1486 expletis
1223 1440 1379 1475 moritur.
1402 1440 1486 1475 Post
1497 1441 1572 1476 eius
1586 1441 1731 1483 obitum,

172 1508 251 1533 eum
265 1497 428 1534 Meletius
443 1496 612 1544 peridem
626 1496 699 1532 fere
719 1500 858 1543 tempus
879 1497 1106 1538 excessisset,
1130 1497 1307 1532 Meletiani
1332 1498 1376 1532 ab
1398 1497 1549 1532 Eusebio
1571 1498 1731 1533 Nicome-

171 1554 283 1590 diensi
297 1554 460 1590 solicitati
475 1564 554 1590 cum
566 1554 773 1590 Arianorum
785 1554 937 1590 factione
949 1554 1116 1589 coierunt.
1140 1553 1236 1596 Quae
1252 1553 1415 1590 historica
1431 1555 1538 1590 series
1555 1556 1731 1590 Meletiani

171 1611 371 1658 impostoris
385 1611 542 1647 fabulam
557 1611 705 1659 iugulat.

262 1663 330 1703 'nv
345 1667 382 1703 oi
397 1667 630 1715 namucum]
675 1668 773 1704 Alius
795 1668 850 1704 hic
866 1679 943 1703 esse
959 1668 1062 1704 debet
1077 1679 1099 1703 a
1114 1679 1243 1715 magno
1260 1669 1319 1704 illo
1335 1669 1528 1717 Paphnutio
1545 1669 1730 1705 Thebaidis

171 1726 353 1773 episcopo,
377 1725 623 1772 quinimmo
639 1725 773 1772 synodo
789 1725 961 1768 interfuit,
983 1726 1111 1772 quique
1128 1729 1163 1760 et
1183 1727 1260 1772 ipse
1283 1726 1464 1762 confessor
1487 1728 1619 1769 extitit,
1641 1727 1730 1763 Con-

171 1783 324 1819 stantino
339 1783 422 1831 imp.
439 1782 651 1819 carissimus.
682 1783 746 1818 Hic
762 1782 856 1818 enim
871 1783 908 1818 in
921 1783 1150 1818 conciliabulo
1163 1783 1268 1829 Tyrio
1283 1795 1346 1830 pro
1361 1783 1547 1820 Athanasio
1563 1784 1730 1820 adversus

171 1841 320 1876 Arianos
334 1839 468 1876 restitit.
493 1839 653 1875 Fortasse
665 1850 747 1875 vero
763 1839 970 1875 Meletianus
987 1840 1072 1883 iste,
1090 1840 1149 1886 qui
1166 1840 1252 1875 hauc
1270 1841 1423 1876 fabulam
1441 1842 1677 1884 concinnavit,
1694 1842 1730 1876 in

171 1896 355 1944 Paphnutii
376 1897 516 1934 nomine
535 1896 654 1933 fucum
677 1897 826 1944 posteris
850 1896 948 1939 fecit,
973 1900 1012 1932 ut
1034 1896 1266 1944 Paphnutium
1289 1908 1308 1932 e
1332 1898 1598 1933 Meletianornm
1622 1909 1730 1944 grege
1768 1918 1770 1920 v

173 1955 371 2003 quempiam
387 1965 467 1990 cum
483 1954 592 1990 altero
608 1954 667 1990 illo
680 1954 879 1990 confessore
896 1957 930 1989 et
946 1954 1076 1999 insigni
1088 1954 1161 1989 viro
1179 1954 1382 1990 confuderit.
1408 1955 1502 1990 Sane
1517 1955 1729 2002 Paphnutios

172 2012 304 2059 aliquot
317 2012 500 2061 episcopos
514 2014 671 2047 recenset
687 2010 896 2046 Athanasius
912 2011 947 2046 in
965 2011 1152 2058 Apologia,
1176 2011 1236 2046 sed
1260 2012 1321 2058 qui
1343 2011 1454 2059 ipsius
1478 2023 1620 2048 caussae
1637 2013 1729 2048 fave-

172 2069 251 2105 rint.
278 2067 394 2104 Unum
409 2079 491 2104 vero
507 2067 718 2104 monachum
729 2094 738 2110 ,
755 2068 814 2115 qui
829 2068 1034 2103 insidiarum
1051 2068 1372 2116 calumniarumque
1388 2074 1508 2104 contra
1523 2081 1560 2104 se
1577 2070 1620 2104 ab
1635 2070 1729 2104 Aria-

171 2126 228 2162 nis
243 2128 279 2161 et
287 2125 484 2162 Meletianis
500 2125 779 2172 excogitatarum
791 2125 963 2172 particeps
979 2125 1101 2168 suerin
1117 2126 1217 2161 cuius
1234 2126 1418 2173 epistolam
1434 2127 1469 2161 in
1483 2127 1582 2173 Apol.
1599 2139 1635 2163 11.
1651 2139 1729 2174 pro-

172 2183 250 2220 ren.
279 2183 458 2219 Postremo
475 2182 638 2219 Gallinici
651 2182 830 2218 Meletiani
845 2182 881 2218 in
898 2182 1018 2218 eadem
1035 2183 1134 2230 Apol.
1152 2183 1328 2226 meminit,
1349 2194 1497 2229 eumque
1519 2194 1598 2218 cum
1615 2183 1729 2219 Isione

173 2243 209 2277 et
227 2239 449 2277 Eudaemone
471 2240 700 2276 subornatum
723 2239 768 2275 ab
790 2239 995 2275 Eusebianis
1020 2240 1156 2282 scribit,
1180 2245 1218 2275 nt
1234 2240 1400 2275 falsorum
1424 2241 1608 2276 criminum
1631 2252 1728 2276 reum

174 2309 250 2334 sese
265 2297 309 2334 ad
322 2298 444 2346 imper.
459 2296 641 2333 deferrent.

263 2354 306 2391 N,
321 2366 366 2391 vr.
409 2353 451 2389 Oi
473 2352 557 2389 κατὰ
581 2352 769 2398 Μελήτιον.]
815 2354 1022 2390 Meletianos
1046 2355 1227 2401 episcopos
1251 2353 1421 2399 intellige,
1444 2364 1514 2389 non
1539 2355 1729 2399 Meletium,

174 2412 235 2459 qui
249 2412 320 2448 iam
335 2422 356 2448 e
368 2411 458 2448 vivis
474 2414 683 2447 excesserat.
729 2410 780 2446 De
795 2409 898 2447 huius
914 2411 1079 2447 historiae
1095 2411 1273 2447 mendacio
1290 2410 1332 2444 ad
1349 2414 1553 2457 sequentem
1567 2411 1727 2448 haeresin

173 2469 315 2506 dicetur.

263 2525 306 2563 N.
321 2537 398 2563 vm.
427 2524 583 2567 Κατεάξαι
598 2524 789 2571 κανδῆλαν.]
821 2524 999 2567 Quaenam
1016 2536 1056 2560 ea
1071 2536 1139 2560 vox
1157 2525 1202 2559 sit
1218 2523 1372 2559 nondum
1389 2525 1552 2572 comperi.
1586 2525 1726 2563 Certum

177 2586 230 2618 eat
243 2584 398 2630 ποτήριον
415 2582 571 2630 μυστικὸν
587 2582 708 2618 fuisse.
752 2581 838 2616 Vide
855 2581 978 2617 Athan.
995 2582 1110 2629 ipsum
1126 2582 1162 2616 in
1180 2582 1291 2627 Apol„
1307 2580 1562 2618 Theodoretum
1579 2588 1612 2619 et
1627 2585 1726 2621 alios.

266 2639 328 2676 Καὶ
343 2639 428 2687 μένει
444 2638 476 2674 ἐν
492 2641 560 2680 τοῖς
579 2638 687 2686 μέρεσι
710 2639 766 2681 τῆς
783 2636 948 2684 Ἰταλίας]
997 2637 1114 2684 Neque
1139 2637 1224 2672 illud
1247 2649 1367 2673 verum
1392 2642 1462 2682 est,
1485 2643 1537 2675 tot
1559 2651 1669 2676 annos
1692 2642 1729 2676 in

180 2695 474 2732 Galliishaesisse.
499 2696 577 2732 Non
594 2696 686 2731 enim
703 2695 854 2741 amplius
871 2705 975 2741 quam
992 2705 1101 2730 annos
1119 2706 1162 2737 11,
1178 2705 1316 2731 menses
1334 2707 1368 2730 iv
1385 2697 1555 2740 exulavit,
1572 2701 1610 2733 nt
1624 2702 1729 2733 testa-

179 2755 235 2787 tus·
248 2750 494 2790 Theodoretus.
526 2753 612 2788 Vide
627 2753 716 2788 Anu.
733 2752 862 2787 Eccles.
880 2762 911 2787 a.
924 2750 1001 2787 338.
1046 2751 1194 2797 Reliqua
1215 2753 1422 2788 narrationis
1438 2753 1556 2798 huius,
1581 2766 1669 2802 quae
1693 2756 1729 2790 in

180 2810 339 2855 sequenti
352 2820 495 2846 numero
510 2809 603 2846 haud
619 2810 754 2845 sincera
768 2812 866 2851 sunt,
883 2819 927 2843 ex
944 2807 1095 2843 historiis
1112 2809 1353 2844 ecclesiasticis
1368 2813 1403 2844 et
1413 2810 1606 2846 Annalibus
1623 2812 1729 2847 Baro-

181 2865 384 2902 nianisluce
399 2867 545 2904 clariora
560 2871 652 2903 sunt.
701 2866 796 2908 Quae
819 2870 858 2900 tu
879 2865 973 2900 illinc
992 2868 1136 2911 repetes.
1183 2865 1256 2901 Sub
1273 2865 1502 2903 Constantino
1524 2869 1730 2915 imperatore

181 2925 262 2958 ante
276 2922 525 2970 relegationem
541 2924 722 2960 Athanasii
738 2923 872 2958 Arsenii
890 2922 1006 2957 drama
1023 2922 1184 2968 contigit,
1200 2934 1268 2960 non
1285 2929 1364 2970 post
1378 2925 1472 2960 illius
1490 2925 1632 2961 obitum.

247 2985 334 3019 corp.
353 2986 517 3015 flaereaeol.
528 2988 579 3014 m.
1175 2978 1178 2981 ¹
1428 2982 1457 3024 Q
