2008 3294
152 285 404 321 Poeniteutiam
429 294 470 318 ac
486 295 609 330 pacem
626 282 735 318 semel
751 293 797 317 an
819 291 896 316 sae-

197 343 276 390 pius
299 342 446 376 ecclesia
470 345 568 376 vetus
593 341 776 376 indulserit
819 338 896 374 236.

156 400 412 435 Poenitentium
436 399 577 433 nomine
601 398 707 444 vulgo
723 402 793 432 tres
817 405 896 442 gra-

198 456 262 491 dus
287 456 507 490 continentur
819 453 896 489 251.

154 513 408 558 Πολιτευόμενος
454 523 522 558 qua
552 523 636 547 voce
660 512 780 547 Latine
805 521 898 545 com-

198 570 335 605 modius
360 570 520 604 reddatur
821 567 897 602 369.

156 625 308 672 Προβολὴ
327 627 408 672 quid
422 628 476 670 sit,
490 628 573 662 item
581 630 616 661 et
627 625 808 673 προβολεὺς
821 624 898 660 286.

154 683 343 730 Prophetae
361 685 612 730 intelligentiae
636 695 696 718 cur
720 683 803 718 dicti
825 682 898 718 tue-

200 741 268 776 rint-
843 739 900 775 59.

154 798 408 834 Prosabbatum
433 797 514 844 quid
538 798 585 833 sit
822 796 899 833 212.

155 855 352 892 Proseuoha
382 856 464 902 quid
495 861 530 891 et
552 866 597 890 an
621 855 744 890 Judaei
767 854 899 890 mendi-

200 918 319 948 carent
366 911 373 919 '
819 911 897 947 335.

162 969 340 1015 Προύνικος
378 970 462 1016 quid
498 969 689 1015 significet,
721 972 756 1005 et
791 980 898 1015 quam

201 1028 314 1062 varias
349 1028 650 1073 interpretationes
681 1027 808 1062 habeat
842 1027 898 1063 43.

202 1084 394 1120 Nicolaitae
429 1085 616 1120 Prunicum
654 1085 834 1120 mulierem
864 1089 899 1120 et

203 1141 411 1177 Gaulaucam
437 1143 691 1178 venerabantur
842 1142 898 1178 44.

157 1198 317 1233 Prunicia
355 1210 444 1245 quae
472 1199 577 1235 fuerit
607 1210 651 1235 ex
684 1199 834 1246 Origene
866 1204 901 1234 et

203 1255 398 1302 Epiphanio
844 1257 899 1293 66.

156 1311 279 1358 Pythia
302 1314 492 1349 certamina
514 1314 654 1360 quando
678 1314 900 1350 celebraban-

201 1373 269 1413 tur,
292 1376 412 1406 contra
435 1371 652 1418 Scaligerum
821 1371 900 1407 338.

506 1478 554 1518 R.

157 1540 391 1584 Rhodanusia,
415 1541 516 1588 quid,
538 1543 624 1578 item
640 1543 700 1590 qui
717 1544 789 1580 sint
812 1543 903 1579 Rho·

203 1598 316 1634 danici
848 1602 903 1638 71.

158 1654 320 1691 Ruffinus
337 1655 499 1703 Origenis
515 1663 651 1693 amator
667 1658 835 1694 refellitur
858 1660 903 1694 ab

203 1712 417 1759 Hieronymo
826 1716 904 1752 262.

157 1825 351 1862 Sabbatum
361 1827 635 1875 δευτερόπρωτον,
651 1830 726 1866 sive
739 1830 902 1873 secundo,

203 1884 364 1930 primum,
389 1885 486 1932 quod>
504 1886 610 1922 fuerit
848 1889 902 1924 61.

158 1940 303 1976 Sabbati
324 1942 497 1988 jejunium
825 1946 903 1982 359.

159 1996 305 2034 Sabbati
337 1999 467 2046 duplex
497 2011 610 2047 genus
634 2002 727 2049 apud
749 2003 902 2038 Judaeos

203 2055 270 2090 212
295 2057 387 2102 quod
411 2058 458 2092 sit
481 2058 745 2105 δευτερόπρωτον
857 2061 904 2096 ib.

158 2112 302 2148 Sabbati
324 2113 389 2149 iter
414 2119 498 2160 quot
528 2116 675 2162 pedibus
699 2118 755 2152 vel
778 2118 904 2153 cubitis

203 2174 377 2206 constaret
823 2175 900 2212 270.

158 2226 200 2262 de
236 2227 393 2264 Sabbato
431 2230 693 2279 δευτεροπρώτῳ
739 2237 904 2268 accurata

204 2284 399 2331 disquisitio
701 2290 756 2326 62.
773 2290 827 2326 63.
845 2291 899 2326 64.

160 2340 315 2376 Sabbata
329 2343 453 2378 Judaei
475 2355 540 2380 sua
555 2346 644 2381 festa
667 2348 842 2383 vocabant
866 2353 904 2383 ut

205 2402 240 2433 et
255 2398 383 2434 ethnici
849 2406 904 2443 64.

160 2454 323 2490 Sabbatis
365 2456 576 2494 Judaeorum
618 2463 733 2496 utrum
775 2462 906 2509 aliquid

206 2514 340 2559 operari
364 2514 499 2550 licuerit
774 2519 830 2555 64.
848 2519 904 2556 65.

162 2569 316 2605 Sabbato
348 2582 390 2606 an
425 2583 577 2617 synaxes
601 2574 693 2621 apud
718 2576 903 2612 orientales

208 2628 466 2664 celebrarentur
497 2629 564 2666 353
595 2636 630 2666 et
660 2636 778 2667 utrum
815 2633 908 2669 feria

205 2684 229 2719 4
252 2690 287 2719 et
310 2685 331 2720 6
356 2687 523 2731 mysteria
548 2689 804 2725 celebrarentur
827 2690 906 2726 354.

162 2742 388 2779 Sacerdotum
404 2746 511 2780 series
530 2756 639 2792 usque
664 2747 707 2782 ad
731 2747 907 2783 excidium

206 2801 328 2847 templi
829 2805 906 2841 220.

163 2857 468 2895 Sacramentorum
491 2861 598 2896 verba
613 2866 714 2897 caute
729 2873 770 2898 ac
787 2862 907 2898 timide

208 2916 417 2962 proferenda
827 2919 906 2955 367.

163 2973 334 3009 Saducaei
358 2976 530 3011 textuales
555 2976 637 3011 dicti
662 2976 754 3023 quod
777 2978 906 3023 scripto

209 3036 243 3066 et
281 3033 393 3068 textui
430 3035 567 3070 tantum
603 3034 829 3070 adhaererent
853 3035 907 3070 28.

1513 163 1709 202 CGGXLIII

1010 280 1131 316 Itidem
1156 281 1330 327 quomodo
1347 280 1509 327 spiritum
1531 281 1708 325 negaban-

1010 339 1056 374 ib.
1086 350 1130 373 an
1160 339 1274 373 solum
1297 336 1569 372 Pentateuchum
1601 337 1709 371 adini-

1011 396 1120 430 serint
1581 393 1636 429 28.
1657 394 1710 428 29.

964 453 1136 487 Saducaei
1160 464 1181 488 a
1207 452 1372 488 Dositheo
1397 452 1590 498 propagati·
1655 451 1710 487 27.

967 511 1095 546 Sadoci
1110 511 1178 546 duo
1195 514 1228 545 et
1241 510 1368 557 quibus
1379 509 1594 555 temporibus
1608 510 1711 543 ambo

1013 569 1176 603 vixerunt
1629 567 1711 602 ibid.

968 626 1238 660 Salaminiorum
1279 636 1392 661 annus
1431 636 1452 660 a
1488 636 1557 671 quo
1594 635 1712 659 mense

1013 683 1185 729 inceperit
1637 681 1711 717 133.

968 739 1126 775 Samaria
1149 740 1246 774 varia
1261 739 1520 786 significatione
1544 739 1714 785 accipitur

1014 798 1050 832 in
1075 798 1184 832 sacris
1209 797 1307 834 libris
1662 797 1713 831 18.

968 855 1150 901 Sampsaei
1176 860 1210 890 et
1233 855 1358 890 Osseni
1389 866 1434 889 an
1459 854 1562 890 iidem
1586 854 1715 889 fuerint

1658 911 1713 948 27.

966 969 1175 1005 Sanctorum
1200 970 1338 1004 animae
1355 970 1476 1004 beatae
1499 969 1588 1004 flunt
1610 969 1714 1010 illico,

1013 1038 1076 1062 nec
1101 1027 1225 1073 judicii
1255 1027 1345 1062 diem
1377 1033 1574 1062 extremum
1609 1037 1715 1072 expe-

1014 1089 1113 1119 ctant
1636 1083 1714 1120 334.

970 1141 1191 1183 Saturninus,
1216 1142 1270 1176 vel
1285 1141 1495 1183 Saturnilus,
1520 1145 1641 1176 auctor
1653 1141 1715 1175 Sa-

1015 1199 1283 1234 turnilianorum
1661 1199 1716 1234 42.

969 1257 1098 1292 Saulus
1123 1268 1192 1303 quo
1218 1256 1474 1292 sensu'dicatur
1498 1255 1621 1296 νεανίας
1641 1256 1715 1290 122.

969 1315 1142 1360 Scaligeri
1156 1315 1330 1349 sententia
1345 1314 1386 1350 de
1399 1314 1613 1349 Judaeorum
1625 1325 1716 1348 anno

1013 1376 1129 1406 vetere
1170 1372 1255 1414 153„
1290 1372 1446 1418 ejusdem
1482 1372 1720 1406 inconstantis

1019 1429 1103 1471 154„
1129 1429 1171 1464 de
1200 1440 1292 1464 anno
1320 1429 1452 1464 Graeco
1482 1433 1719 1464 commentum

1023 1486 1109 1529 157„
1135 1490 1256 1534 stupor
1644 1485 1718 1520 158.

972 1544 1142 1590 Scaligeri
1183 1544 1352 1590 jocularis
1395 1544 1634 1580 inconstantia
1676 1543 1718 1578 de

1018 1612 1110 1636 anno
1135 1602 1244 1636 natali
1269 1600 1396 1636 Christi
1643 1600 1720 1637 134.

973 1659 1142 1705 Scaligeri
1165 1659 1390 1694 hallucinatio
1646 1658 1719 1694 115.

973 1717 1232 1763 Scaliger-ianae
1249 1716 1505 1752 inconstantiae
1522 1715 1616 1751 aliud
1641 1727 1718 1762 spe-

1017 1775 1131 1809 cimen
1644 1773 1719 1810 134.

973 1832 1143 1879 Scaligeri
1178 1843 1272 1867 error
1302 1831 1344 1867 de
1372 1832 1565 1868 Posideone
1596 1843 1717 1867 mense

1019 1891 1131 1925 Attico
1645 1889 1720 1925 137.

973 1947 1154 1982 Schoenus
1172 1950 1256 1994 quot
1277 1947 1427 1982 miliaria
1442 1947 1527 1982 item
1550 1951 1585 1982 et
1608 1947 1720 1982 stadia

1018 2006 1174 2040 continet
1664 2004 1720 2040 38.

973 2062 1159 2098 Scotorum
1167 2062 1377 2098 haeresisvel
1385 2073 1479 2097 error
1486 2073 1531 2097 ex
1538 2062 1629 2097 falsa
1637 2061 1720 2096 Ruf-

1020 2119 1083 2155 fini
1093 2120 1389 2166 interpretatione,
1404 2131 1466 2167 pro
1475 2120 1637 2155 Anatolio
1647 2120 1720 2154 193.

974 2177 1175 2212 Scribarum
1189 2181 1289 2212 erant
1307 2178 1505 2224 complures
1518 2183 1551 2212 et
1564 2177 1717 2212 distincti

1019 2235 1149 2280 gradus
1174 2235 1209 2269 in
1235 2234 1356 2270 eodem
1381 2235 1501 2269 ordine
1664 2233 1718 2268 33.

973 2294 1114 2328 Scribae
1152 2297 1186 2328 et
1214 2292 1392 2327 Pharisaei
1423 2291 1598 2338 quomodo
1631 2292 1720 2326 inter

1020 2362 1058 2386 se
1075 2350 1237 2386 differant
1253 2350 1319 2393 29„
1338 2361 1383 2385 an
1395 2349 1525 2385 fuerint
1540 2349 1644 2384 iidem
1662 2349 1722 2395 qui

1018 2411 1054 2442 et
1075 2408 1273 2454 Jurisperiti
1671 2407 1719 2442 ib.

974 2464 1125 2510 Scythae
1166 2465 1317 2500 Martem
1358 2464 1477 2500 colunt
1519 2464 1584 2500 sub
1619 2463 1722 2499 ferrei

1023 2522 1175 2556 acinacis
1200 2521 1318 2568 effigie
1668 2521 1720 2558 lO.

974 2578 1183 2625 Scytharum
1200 2579 1349 2614 nominis
1367 2579 1465 2625 origo
1490 2579 1587 2614 varia
1689 2579 1720 2614 6.

975 2636 1064 2682 Seps
1100 2636 1199 2682 cujus
1235 2637 1373 2683 generis
1409 2647 1553 2683 serpens
1582 2640 1617 2672 et
1647 2635 1722 2682 ejus

1020 2696 1146 2728 natura
1667 2693 1722 2730 75.

976 2749 1108 2786 Seruch
1139 2751 1299 2786 vocabuli
1321 2751 1469 2786 Hebraei
1499 2751 1596 2786 varia
1619 2752 1722 2787 inter-

1021 2807 1166 2854 pretatio
1687 2809 1721 2845 8.

977 2864 1122 2900 Seruchi
1138 2865 1355 2911 temporibus
1374 2865 1536 2901 idolatria
1560 2871 1722 2913 grassata

1022 2926 1075 2957 est
1668 2923 1719 2959 13.

977 2979 1179 3015 Severitatis
1192 2981 1318 3027 triplex
1328 2982 1584 3017 ecclesiasticae
1593 2981 1721 3027 gradus

1645 3037 1721 3072 231.
