2008 3294
1514 162 1723 201 CCLXXIX

168 265 320 303 secunda
333 265 415 302 fidei
428 265 579 302 formula
602 266 639 302 iu
662 266 784 303 eodem
799 265 982 302 Sirmiensi
1004 265 1131 312 oppido
1155 266 1200 301 ab
1224 265 1384 310 Ursscio,
1400 266 1547 303 Valente
1570 266 1722 314 Osioqne

167 322 335 370 prodiret,
357 333 446 370 quse
461 326 542 370 post
555 323 750 369 relegatum
763 322 947 365 Hilarium,
969 333 1034 358 nec
1054 323 1159 369 longe
1182 327 1263 359 ante
1279 323 1453 370 synodum
1468 324 1722 360 Ariminensem

168 379 258 417 edita
273 383 336 423 est,
353 383 391 416 ut
405 391 451 415 ex
466 379 588 416 eodem
600 380 728 416 Hilario
745 382 898 424 constat3
913 389 1026 426 neque
1037 383 1152 426 potest
1164 390 1256 416 anno
1270 390 1425 419 cocnvn.
1438 381 1629 418 Sirmiense
1641 393 1722 418 con-

168 436 287 475 cilium
301 437 372 473 ullo
385 436 488 473 modo
503 447 706 482 congruere.
1084 433 1086 435 ’

254 493 437 534 Neminem
451 495 677 532 vetustissimi
692 494 818 531 erroris
832 493 918 531 adeo
934 497 1094 530 tenacem
1109 494 1183 530 fore
1200 494 1336 531 confido
1346 522 1355 539 ,
1378 496 1439 542 qui
1460 507 1531 532 non
1550 499 1604 532 tot
1619 507 1722 544 argu-

165 551 292 588 mentis
307 551 487 589 convictus
503 556 641 587 nostrae
655 552 708 588 illi
721 563 794 590 uon
809 551 964 599 opinioni
981 555 1043 587 sut
1065 552 1300 595 coniecturae,
1322 553 1384 588 sed
1405 553 1618 590 certissimae
1634 555 1721 590 veri-

165 608 228 644 tati
249 607 470 655 samagam,
494 608 650 656 adeoque
673 608 892 646 vehementer
915 607 1151 655 obstupescat,
1175 610 1307 646 nemini
1329 609 1497 646 hactenus
1519 612 1722 648 mortalium

163 668 237 702 tam
251 665 442 702 immanem
456 664 622 702 historiae
636 667 752 703 lsbem
772 666 810 703 in
823 669 922 704 tants
937 664 1172 701 doctrinarum
1194 667 1351 702 omnium
1371 667 1448 702 luce
1471 671 1637 715 tantaque
1660 680 1721 705 an-

163 723 296 759 nalium
318 726 354 759 et
375 721 616 759 chronicorum
638 724 740 771 copia
760 724 816 760 vel
836 723 1012 760 levissime
1035 723 1242 760 suboluisse.
1274 725 1324 759 Ac
1347 725 1475 760 nostris
1500 725 1640 772 quidem
1664 737 1720 762 ac-

163 780 290 817 curatis
306 783 410 827 atque
426 780 568 816 eruditis
583 779 782 817 hominibus
797 780 911 819 ‹is-ds
924 780 1027 816 venia
1050 784 1119 824 est,
1143 781 1204 827 qui
1218 780 1391 824 Socratis,
1415 781 1601 818 Sozomeni
1616 787 1721 830 atque

163 837 386 884 antiquorum
401 837 550 884 vestigia
571 838 682 875 secuti
703 841 802 882 sunt,
823 837 902 874 iilos
923 837 1020 884 ipsos
1045 838 1170 874 erroris
1194 843 1332 873 autores
1357 849 1398 874 ac
1422 839 1526 874 duces
1550 851 1719 876 excusare

162 904 231 931 non
247 905 408 941 possum,
433 895 493 942 qui
515 898 556 931 ut
569 895 708 931 illorum
722 898 918 942 temporum
931 894 1115 932 viciniores
1132 899 1245 939 erant,
1270 895 1320 930 sic
1338 895 1382 931 ad
1399 907 1520 932 eorum
1536 898 1720 944 exploran-

162 951 244 987 dam
258 950 440 988 historiam
453 951 689 989 instructiores
705 963 782 989 esse
797 951 1000 989 debuerunt.
1671 952 1677 956 “

250 1008 483 1056 Posteaquam
497 1009 754 1046 firmamentum
769 1009 885 1056 ipsum
898 1008 1009 1045 falsae
1023 1009 1233 1045 narrationis
1257 1014 1291 1045 et
1313 1015 1418 1056 caput
1439 1011 1644 1054 evertimus,
1667 1023 1718 1047 re-

160 1067 267 1113 liqua,
283 1077 373 1113 quae
384 1065 466 1102 huie
480 1066 603 1103 innixa
618 1066 735 1103 minus
749 1065 881 1103 habent
894 1065 1078 1110 momenti,
1094 1067 1220 1102 erroris
1235 1078 1307 1103 non
1323 1068 1440 1103 minus
1456 1072 1579 1114 suapte
1595 1074 1718 1115 sponte

159 1123 270 1159 tracta
284 1123 528 1170 infirmataque
544 1123 735 1160 consident.
764 1123 946 1159 Eiusmodi
965 1123 1127 1171 estquod
1142 1123 1185 1159 de
1200 1124 1406 1171 Ancyrsnae
1422 1126 1547 1171 synodi
1563 1130 1717 1172 tempore

160 1180 332 1224 definitur,
347 1181 386 1216 in
401 1180 549 1224 eundem
564 1191 696 1218 annum
710 1180 873 1217 incidisse
890 1191 958 1228 quo
975 1179 1143 1217 Photinus
1159 1181 1196 1216 in
1212 1181 1396 1217 Sirmiensi
1411 1182 1557 1217 concilio
1575 1182 1717 1218 damna-

159 1241 216 1273 tus
232 1241 296 1281 est,
311 1248 439 1285 nempe
453 1247 544 1274 anno
561 1247 716 1274 occnvn.
763 1237 863 1281 Quod
877 1249 949 1274 non
965 1237 1068 1274 modo
1084 1238 1213 1274 falsum
1228 1242 1291 1282 est,
1309 1239 1392 1286 quis
1406 1239 1512 1286 longe
1529 1243 1608 1275 ante
1625 1239 1717 1275 hunc

158 1305 291 1331 annum
305 1294 531 1333 sirmiensem
545 1294 642 1331 illam
657 1295 831 1342 synodum
845 1295 1054 1331 celebratam
1075 1296 1182 1342 paulo
1201 1299 1282 1332 ante
1304 1296 1504 1339 docuimus,
1527 1297 1588 1332 sed
1611 1298 1715 1333 etiam

159 1351 252 1399 quod
267 1353 335 1388 etsi
347 1351 415 1388 hoe
428 1351 505 1399 ipso
521 1362 614 1389 anno
629 1355 769 1399 peracta
783 1353 845 1396 sit,
866 1363 938 1388 non
956 1356 1071 1400 potest
1085 1353 1122 1389 in
1137 1352 1287 1389 eundem
1302 1354 1508 1400 Ancyreum
1525 1359 1715 1390 conventus

157 1409 340 1445 incurrere.
356 1409 419 1445 Hic
430 1409 522 1445 enim
534 1413 614 1445 ante
625 1409 756 1456 pascha
767 1409 961 1446 celebratus
973 1413 1042 1453 est;
1058 1409 1150 1446 unde
1166 1415 1202 1449 et
1214 1411 1372 1458 plerique
1389 1411 1434 1446 ob
1445 1410 1596 1447 hiemem
1610 1412 1716 1447 inter·

157 1467 246 1502 clusi
259 1467 296 1502 in
308 1466 484 1512 Synodica
494 1465 650 1514 Epistola
664 1467 836 1503 dicuntur.
858 1466 937 1503 Non
951 1468 1066 1514 potuit
1081 1467 1187 1515 igitur
1203 1468 1324 1505 eodem
1340 1479 1433 1504 auno
1447 1468 1647 1505 Sirmiensis
1658 1481 1716 1516 sy-

157 1523 269 1560 nodus
283 1523 376 1566 fieri,
400 1524 469 1560 nisi
491 1524 718 1571 posteriorem
740 1523 830 1560 hanc
849 1524 958 1560 {uisse
974 1526 1076 1568 velis,
1101 1525 1194 1572 quod
1215 1525 1323 1572 longe
1338 1530 1392 1561 est
1407 1526 1714 1570 absurdissimum

158 1581 323 1627 quoniam
335 1580 380 1617 ad
391 1580 663 1628 oppugnandam
675 1580 902 1618 Sirmiensem
913 1582 1009 1618 illam
1016 1582 1214 1626 formulam,
1227 1593 1332 1629 quam
1347 1583 1385 1618 in
1400 1583 1547 1619 concilio
1564 1585 1715 1620 couscri-

155 1641 254 1684 ptsm
269 1637 484 1682 existimant,
499 1637 684 1684 Ancyrana
699 1642 753 1674 est
767 1639 922 1685 synodus
937 1640 1090 1676 collecta.
1114 1639 1312 1682 Quinetiam
1327 1643 1516 1687 postquam
1529 1640 1616 1676 haec
1633 1641 1715 1677 fidei

155 1694 326 1741 professio
342 1695 447 1731 allata
462 1694 589 1731 Sirmio
610 1699 679 1739 est,
701 1695 861 1732 nonnihil
883 1699 964 1732 ante
985 1697 1172 1732 concilium
1188 1697 1412 1743 Ancyranum
1427 1699 1593 1745 temporis
1608 1699 1714 1734 inter-

157 1752 270 1788 cessit.
315 1751 407 1789 Nam
421 1751 572 1789 Hilarius
586 1752 646 1789 lib.
663 1752 705 1789 de
720 1752 871 1799 Synodis
886 1764 967 1801 pag.
980 1753 1058 1791 329.
1075 1754 1306 1790 occidentales
1328 1755 1508 1802 episcopos
1528 1756 1712 1799 collaudat,

156 1808 249 1855 quod
271 1811 408 1844 missam
429 1811 479 1845 ad
499 1821 571 1846 sese
593 1822 634 1845 ea:
645 1809 826 1846 Sirmiensi
839 1812 964 1857 oppido
978 1812 1221 1858 infidelisfidei
1234 1814 1440 1858 impietatem
1457 1825 1521 1847 non
1535 1814 1631 1848 modo
1647 1826 1712 1848 non

155 1868 389 1913 suscepissent,
402 1867 464 1902 sed
478 1869 674 1902 nunciatam
689 1870 791 1902 etiam
803 1869 1096 1915 sn'qmficatamque
1107 1870 1335 1906 damnassent.
1361 1868 1437 1912 Quo
1453 1881 1534 1905 cum
1549 1871 1710 1918 exemplo

155 1923 276 1959 scribit
285 1923 455 1959 excitatos
467 1923 651 1960 orientales
663 1924 845 1972 episcopos
856 1925 894 1960 in
902 1925 1085 1972 Ancyruno
1099 1926 1245 1962 concilio
1257 1927 1524 1973 irrelayiooorum
1537 1929 1710 1963 audaciae

154 1981 351 2027 qtdbusdam
371 1983 610 2016 sententiarum
628 1993 767 2017 suarum
784 1983 930 2017 decretis
951 1984 1212 2021 contradixisse.
1259 1982 1409 2019 Necesse
1432 1987 1487 2019 est
1508 1985 1624 2031 itaque
1647 1985 1711 2021 ali-

155 2040 284 2085 quanto
299 2041 381 2085 post
390 2037 604 2085 publicatam
616 2037 843 2075 Sirmiensem
858 2036 980 2074 ἔκθεσιν
996 2040 1109 2087 spatio
1117 2040 1339 2087 Ancyranam
1355 2052 1377 2076 a
1387 2041 1519 2077 Basilio
1535 2042 1709 2088 synodum

154 2105 234 2131 esse
246 2093 444 2131 conflatam.
475 2094 564 2138 Quid
580 2095 674 2142 quod
690 2095 792 2131 Osius
807 2096 902 2143 ipse,
918 2107 940 2131 a
956 2107 1024 2144 quo
1041 2097 1188 2133 eandem
1202 2098 1300 2134 illam
1315 2099 1506 2145 profectam
1521 2099 1709 2135 formulam

153 2155 254 2188 autor
265 2155 319 2189 est
328 2151 491 2195 Hilarius,
507 2162 639 2188 annum
653 2153 829 2200 integrum
841 2153 960 2190 Sirmii
970 2157 1126 2190 retentus
1143 2158 1205 2198 est,
1222 2156 1425 2202 priusquam
1440 2156 1484 2191 ad
1501 2167 1707 2191 consensum

153 2209 373 2256 sdigoretur?
409 2208 524 2252 Quare
538 2220 619 2246 cum
633 2221 704 2246 nou
720 2211 790 2247 nisi
803 2214 885 2258 post
898 2211 1038 2248 Iunium
1052 2223 1210 2248 mensem
1225 2213 1309 2248 anni
1325 2223 1464 2249 ccctv1.
1483 2212 1708 2249 Constantius

154 2265 272 2303 Sirmii
283 2277 360 2303 esse
370 2267 532 2313 potuerit,
549 2277 763 2314 consequens
777 2271 831 2303 est
841 2278 934 2304 anno
946 2273 1124 2317 sequente,
1141 2269 1262 2305 eodem
1275 2270 1410 2305 circiter
1422 2273 1588 2316 tempore,
1602 2271 1709 2307 istam

153 2324 198 2360 sb
214 2323 298 2359 Osio
311 2322 564 2372 professionem
579 2324 725 2360 Arianos
741 2326 941 2362 extorsisse.
972 2327 1079 2372 Atqui
1094 2326 1154 2361 diu
1170 2330 1266 2369 ante,
1283 2327 1448 2362 nimirum
1464 2327 1530 2362 sub
1546 2327 1708 2374 paschale

152 2385 308 2428 tempus,
331 2379 489 2427 Ancyrae
512 2391 703 2417 convenere
726 2381 943 2419 Semini-iani.
973 2382 1079 2419 Vides
1103 2386 1253 2430 quantus
1269 2383 1316 2418 sit
1330 2383 1423 2430 apud
1438 2383 1516 2418 illos
1531 2385 1707 2420 rationum

151 2438 241 2474 inter
257 2449 333 2473 sese
348 2438 587 2484 sermonisque
603 2437 795 2475 conflictus.
842 2438 913 2475 Sed
936 2450 982 2475 ex
1003 2440 1065 2483 iis,
1089 2451 1178 2486 quae
1197 2451 1303 2486 supra
1318 2441 1577 2485 constituimus,
1601 2453 1706 2488 quae-

153 2506 220 2542 que
242 2495 348 2542 paulo
370 2498 452 2543 post
472 2494 654 2531 tractanda
675 2498 773 2539 sunt,
796 2500 940 2543 apparet
962 2497 1058 2532 aliud
1079 2497 1286 2543 Aucyranae
1310 2497 1444 2543 synodo
1467 2500 1606 2545 tempus
1628 2509 1707 2535 esse

151 2552 383 2589 tribuendum.

241 2608 312 2647 Nec
327 2610 445 2646 minus
460 2609 552 2656 quod
567 2609 618 2644 illi
633 2613 706 2644 tsm
721 2609 846 2645 acriter
856 2613 1016 2656 pugnant
1026 2610 1179 2646 indidem
1195 2610 1374 2654 refellitur,
1389 2610 1565 2648 Liberium
1577 2623 1706 2661 papum

153 2665 259 2712 priori
271 2666 324 2703 illi
337 2666 420 2702 fidei
433 2666 642 2714 professioni
657 2666 919 2713 subscripsisse,
945 2677 1033 2713 quae
1055 2667 1092 2718 in
1108 2667 1291 2703 Sirmiensi
1306 2668 1440 2714 synodo
1456 2674 1576 2705 contra
1589 2670 1705 2707 Photi-

154 2733 240 2759 num
254 2726 308 2759 est
321 2724 457 2759 emissa.
505 2723 639 2770 Quippe
655 2723 788 2769 aliquot
802 2723 904 2758 annis
919 2735 991 2758 non
1006 2723 1134 2759 Liberii
1149 2725 1251 2760 modo
1267 2726 1520 2762 restitutionem
1529 2754 1538 2770 ,
1554 2727 1615 2763 sed
1630 2729 1704 2763 exi-

155 2778 242 2815 lium
256 2779 371 2826 ipsum
380 2779 588 2816 Photiniana
602 2780 777 2815 damnatio
790 2781 987 2826 praecessit.
1009 2780 1144 2816 Fecerit
1153 2781 1323 2826 Liberius,
1339 2794 1458 2826 necne,
1475 2784 1568 2830 quod
1578 2784 1703 2820 fecisse

154 2835 308 2881 plerique
322 2839 477 2873 veterum
492 2842 645 2884 patrum,
669 2841 708 2872 ut
723 2836 950 2880 Athanasius,
971 2838 1203 2884 Hieronymus
1219 2839 1347 2887 aliique
1361 2842 1598 2885 consentiunt,
1617 2841 1703 2877 nihil

155 2891 199 2927 ad
213 2892 406 2930 institutam
420 2892 691 2940 disputationem
706 2894 836 2929 attinet.
863 2894 1001 2929 Etenim
1015 2894 1091 2930 fieri
1105 2899 1229 2942 potest,
1247 2901 1285 2932 ut
1298 2908 1376 2933 cum
1391 2897 1546 2941 Ursacio,
1558 2898 1702 2934 Valente

156 2958 196 2983 ac
212 2948 355 2995 reliquis
367 2949 505 2987 Arianis
521 2951 827 2988 communicaverit
842 2951 981 2998 quidem
997 2955 1031 2987 et
1045 2951 1276 2989 Athanasium
1291 2954 1517 2999 damnaverit,
1541 2955 1602 2990 sed
1621 2955 1700 3000 hee-

154 3004 282 3042 retioae
294 3006 457 3053 pravitati
468 3019 691 3057 nequaquam
705 3008 962 3056 subscripserit,
982 3008 1147 3046 haeretici
1160 3021 1241 3048 vero
1261 3011 1366 3048 etiam
1381 3012 1640 3059 comprobatam
1655 3012 1700 3047 ab

1756 407 1784 432 p.
1797 400 1855 426 315.

1741 2702 1767 2728 p.
1780 2695 1838 2722 316.
