2008 3294
298 212 381 250 OOC

297 318 470 352 minantes
498 317 700 363 ineptissimi
729 320 827 358 sunt,
857 327 971 362 neque
998 317 1186 363 quicquam
1207 321 1304 352 tanto
1328 317 1473 364 dignum
1494 318 1592 354 hiatu
1614 319 1841 365 promissores

296 375 356 409 isti
371 375 497 409 ferunt.

388 430 447 464 Καὶ
464 430 519 474 τὴν
537 431 731 477 κρεωνομίαν
749 431 928 478 μυοῦντες]
974 432 1013 467 Ιιι
1030 432 1136 466 sacris
1153 436 1187 466 et
1202 432 1310 467 initiis
1327 431 1460 468 Cereris
1474 433 1585 468 multa
1601 433 1702 467 certis
1718 433 1842 468 ritibus

298 488 496 522 adumbrari
507 488 671 530 solebant,
687 499 775 533 quae
787 488 831 523 ad
843 488 1020 524 Bacchum
1033 489 1260 535 pertinebant.
1282 488 1484 524 Cuiusmodi
1496 493 1570 524 erat
1581 490 1674 524 illius
1686 490 1841 525 laniatio.

297 546 347 580 De
365 556 434 591 qua
449 544 605 580 Clemens
621 545 718 580 Alex.
737 546 812 591 agit
825 546 862 580 in
877 545 1046 592 Protrept.

387 601 565 642 Εὖάζοντες
582 613 628 647 το
646 600 714 647 οὖα,
732 601 820 647 oua]
852 602 1129 638 Acclamationes
1144 604 1257 638 istae
1248 615 1284 638 ιιι
1299 603 1431 638 laetitia
1446 607 1480 638 et
1495 603 1667 639 hilaritate
1682 603 1843 650 frequen-

296 664 348 694 ter
364 662 557 705 usurpatae.
589 659 687 697 Unde
697 659 820 695 Ovatio
837 660 994 695 deducta.
1020 659 1247 707 xiphilinus
1237 671 1274 695 111
1288 660 1424 696 Nerone
1440 661 1562 696 scribit
1576 661 1708 696 Romae
1724 660 1842 706 Olym-

295 717 453 762 pionicae
469 715 594 751 Neroni
609 717 838 752 acclamatum
853 727 945 752 esse:
962 716 1201 763 Ὀλυμπιονίκα
1217 716 1294 762 oca,
1311 717 1486 752 Πυθιονίκα
1501 716 1573 752 οὐὰ.

386 773 457 807 Εὔα
473 773 534 819 γὰρ
551 771 632 807 κατὰ
647 773 701 818 τὴν
719 773 840 820 ψιλήν]
887 773 974 809 Mihi
996 775 1093 809 nulla
1109 786 1178 809 vox
1201 775 1352 809 occurrit
1373 775 1544 810 eiusmodi
1558 785 1647 822 quae
1663 775 1843 810 mulierem

295 831 462 866 Hebraico
477 830 657 876 significet.
689 832 732 870 At
753 835 876 871 &wan
900 831 990 866 idem
1014 835 1067 865 est
1091 842 1131 866 ac
1156 843 1316 877 serpens,
1340 832 1434 878 quod
1454 833 1663 874 vocabnlum
1685 842 1746 878 per
1762 831 1843 867 den—

296 888 472 923 sissimam
485 888 724 934 aspirationem
736 887 885 931 effertur,
897 888 1061 923 nimirum
1078 892 1129 930 1¹13
1146 892 1230 923 utet
1242 888 1333 923 Evae
1346 899 1474 924 nomen
1491 893 1596 929 ΠἾΠ.
1621 889 1750 924 Verum
1761 900 1842 926 ιιι.

297 945 384 980 Εὔαν
406 946 502 980 tenui
524 945 644 992 spiritu
665 945 891 981 reddiderunt.
939 944 1014 987 Quo
1035 946 1104 980 nisi
1125 945 1227 980 fallor
1247 946 1402 992 respexit
1423 945 1648 992 Epiphanius.
1695 945 1793 981 Unde
1809 949 1845 980 et

297 1002 380 1036 κατὰ
397 1002 452 1046 τὴν
470 1002 565 1048 ψιλὴν
582 1001 744 1047 ἀπόδοσιν,
761 1002 796 1037 id
811 1006 864 1038 est
879 1005 970 1038 tenui
983 1006 1106 1049 spiritu
1123 1004 1290 1038 redditum
1307 1002 1413 1046 dixit,
1434 1014 1560 1049 nempe
1575 1002 1619 1038 ad
1635 1014 1706 1038 ux
1722 1002 1843 1038 Senio-

295 1072 372 1095 rum
389 1059 547 1094 ἀπόδοσιν
563 1063 597 1094 et
612 1059 868 1094 translationem
885 1059 1052 1095 alludens.
1082 1059 1254 1106 Egregius
1275 1063 1328 1095 est
1343 1063 1460 1094 autem
1475 1058 1532 1094 hic
1547 1058 1734 1106 Epiphanii
1747 1059 1843 1095 locus

296 1117 340 1152 ad
363 1127 483 1152 earum
505 1127 628 1152 vocum
651 1117 889 1164 explicandam
914 1117 1084 1163 originem
1108 1127 1198 1163 quae
1224 1118 1261 1152 in
1285 1115 1414 1152 Bacchi
1441 1117 1548 1152 sacris
1574 1117 1843 1163 usurpabant-u,

295 1175 411 1217 Evan,
434 1174 544 1216 Evoe,
566 1173 684 1220 Euhye
705 1177 770 1209 etc.
817 1173 972 1215 Quarum
993 1174 1292 1220 interpretationes
1314 1185 1397 1208 sane
1413 1173 1575 1209 ridiculas
1589 1173 1697 1208 critici
1713 1184 1753 1209 ac
1767 1184 1843 1219 my-

294 1232 429 1278 thologi
445 1231 557 1266 solent
572 1230 703 1267 afferre.
739 1231 828 1266 Vera
844 1235 962 1266 autem
977 1230 1061 1266 haec
1078 1235 1131 1266 est
1145 1233 1250 1274 ratio,
1267 1242 1373 1277 quam
1387 1230 1443 1266 hic
1459 1234 1578 1266 noster
1592 1231 1720 1273 innuit,
1738 1241 1758 1266 a
1773 1242 1843 1267 ser-

294 1289 475 1336 pentibus,
501 1289 559 1335 qui
581 1289 649 1323 illis
665 1289 698 1323 in
715 1289 822 1323 sacris
836 1288 1049 1330 colebantur,
1073 1299 1115 1323 ea
1130 1288 1284 1323 derivata
1299 1288 1479 1323 vocabula.
1512 1287 1612 1330 Quod
1635 1287 1775 1334 quidem
1797 1299 1844 1324 ex

294 1346 444 1382 Eusebio
460 1346 649 1388 transtulit,
664 1346 722 1391 qui
736 1346 795 1380 lib.
807 1358 845 1381 11.
862 1345 904 1380 de
918 1344 1077 1391 Praepar.
1094 1356 1173 1392 pag.
1186 1345 1241 1382 39.
1269 1345 1392 1380 Αὐτίκα
1413 1348 1504 1392 γοῦν,
1526 1346 1656 1392 inquit,
1681 1342 1764 1379 κατὰ
1786 1343 1843 1389 τὴν

295 1402 410 1450 ἀκριβῆ
427 1405 492 1437 τῶν
509 1402 667 1449 Ἑβραίων
685 1402 792 1448 φωνὴν
809 1402 846 1436 τὸ
864 1398 969 1448 ὄνομα
984 1401 1022 1436 τὸ
1040 1401 1109 1436 Εὔα
1126 1402 1344 1449 δασυνόμενον
1362 1401 1566 1449 ἑρμηνεύεται
1583 1398 1653 1448 ὄφις
1671 1401 1792 1446 θήλεια.

386 1460 427 1496 Ν.
444 1473 491 1496 ιι.
515 1459 574 1494 Καὶ
590 1462 653 1494 τῶν
670 1459 941 1505 καταλιζόντων]
965 1459 1151 1495 Gornarius
1168 1459 1434 1501 πατταλιζόντων
1449 1460 1487 1495 in
1503 1459 1620 1495 codice
1636 1470 1699 1494 suo
1715 1459 1844 1506 legisse

295 1518 438 1553 videtur.
470 1518 582 1553 Vertit
604 1517 694 1552 euim
714 1519 868 1563 perticas
888 1519 1106 1562 metantium,
1130 1517 1303 1563 quomodo
1327 1517 1364 1552 in
1387 1517 1498 1563 Regio
1520 1517 1728 1552 invenimus.
1775 1515 1844 1552 Sed

296 1576 437 1622 quinam
454 1578 535 1610 sunt
551 1573 580 1608 οἱ
596 1574 864 1615 πατταλίζοντεςῖ
893 1574 946 1610 Αιι
962 1574 1066 1609 iidem
1083 1585 1123 1609 ac
1140 1573 1370 1620 φαλλοφόροιῖ

384 1632 426 1668 Ν.
444 1645 505 1668 ιιι.
529 1630 620 1677 Παρὰ
636 1631 670 1666 δὲ
685 1630 867 1677 Αἰγυπτίοις
883 1633 1072 1677 προφῆται]
1102 1631 1153 1666 De
1169 1631 1294 1678 triplici
1309 1631 1529 1667 sacerdotum
1545 1631 1637 1678 apud
1651 1630 1844 1678 Aegyptios

294 1701 421 1736 genere
437 1689 514 1724 vide
530 1699 616 1735 quae
633 1689 675 1724 ad
692 1688 879 1735 Synesium
894 1689 928 1724 in
945 1688 1111 1724 Encomio
1129 1688 1266 1724 Calvitii
1288 1692 1323 1723 et
1341 1689 1438 1724 libris
1460 1688 1502 1723 de
1523 1687 1658 1725 Provid.
1677 1688 1759 1724 olim
1784 1688 1844 1724 ob·

295 1748 521 1783 servavimus.

385 1802 582 1851 Ὶεροφὰνται
599 1816 642 1849 τε,
659 1804 712 1838 καὶ
729 1805 926 1851 νεωκόρων.]
951 1804 1206 1851 Distinguenda
1219 1803 1285 1839 hoc
1301 1803 1404 1839 modo
1420 1803 1488 1839 ista
1504 1805 1586 1838 sunt
1600 1800 1783 1849 ἱεροφάνται
1798 1814 1843 1848 τε,

295 1862 348 1896 καὶ
364 1863 529 1907 νεωκόροι.
548 1861 689 1896 Κυνικῶν
706 1873 739 1896 τε
756 1861 880 1905 πλῆθος
895 1865 958 1898 etc.

384 1918 424 1954 N.
442 1930 517 1954 ιιιι.
556 1917 674 1954 Ἀλλοι
690 1931 723 1954 τε
740 1917 836 1953 πάλιν
853 1917 884 1953 ἐν
901 1922 938 1965 τῇ·
955 1916 1120 1963 Ἑλλάδι,]
1167 1918 1246 1954 Νοιι
1266 1919 1380 1966 magis
1396 1919 1485 1954 inter
1500 1917 1659 1954 haereses
1675 1928 1716 1954 ac
1732 1921 1844 1955 sectas

294 1975 412 2012 reterri
429 1980 603 2012 merentur
619 1977 696 2012 Abii
712 1987 752 2012 ac
768 1977 878 2022 Mysi,
899 1986 1001 2023 quam
1019 1987 1140 2011 omnes
1157 1976 1250 2011 orbis
1266 1977 1371 2012 totius
1388 1975 1524 2023 populi,
1549 1986 1697 2022 quorum
1712 1975 1768 2011 vel
1783 1975 1843 2012 ab·

294 2034 371 2069 soni
387 2033 439 2068 vel
458 2044 478 2067 a
493 2034 634 2069 caeteris
650 2034 885 2080 discrepautes
901 2037 981 2068 sunt
996 2034 1081 2069 ritus
1096 2033 1324 2079 institutaque
1340 2033 1488 2069 vivendi.

384 2088 516 2136 Ἵίτεροι
532 2090 566 2124 δὲ
583 2090 751 2131 δοκοῦντες
768 2090 1003 2135 νεανιεύεσθαι]
1048 2090 1099 2125 De
1115 2089 1296 2126 haereticis
1320 2101 1399 2126 cum
1417 2090 1563 2125 ecclesia
1578 2082 1842 2126 reconciliandis

295 2148 388 2183 varie
404 2158 424 2183 a
439 2148 593 2183 conciliis
615 2158 655 2182 ac
677 2147 832 2194 patribus
853 2147 1115 2194 pronunciatum
1137 2147 1343 2194 accepimus.
1390 2146 1479 2182 Nam
1505 2147 1563 2193 qui
1587 2147 1751 2194 baptismi
1773 2147 1842 2183 for-

295 2216 387 2242 mam
398 2232 407 2248 ,
425 2215 529 2252 quam
545 2205 589 2239 ab
605 2205 752 2240 ecclesia
767 2203 936 2240 catholiea
951 2204 1111 2239 traditam
1127 2207 1348 2250 acceperant,
1370 2204 1543 2249 integram
1559 2204 1760 2248 retinerent,
1781 2204 1842 2241 ho·

296 2274 373 2298 rum
390 2262 582 2309 baptismus
599 2273 660 2309 pro
677 2272 757 2297 vero
774 2262 819 2297 ab
835 2261 979 2297 ecclesia
995 2265 1152 2308 receptus
1169 2265 1238 2303 est;
1258 2271 1369 2308 neque
1387 2261 1447 2307 qui
1462 2260 1506 2296 ab
1521 2261 1659 2296 illorum
1676 2271 1782 2309 grege
1798 2262 1841 2298 ad

296 2320 573 2355 communionem
590 2318 780 2355 catholicae
796 2318 875 2355 fidei
897 2322 1144 2354 reverterentur
1166 2318 1278 2354 denuo
1300 2318 1464 2366 baptizati
1487 2321 1576 2354 sunt.
1608 2317 1759 2362 Caeteri,
1782 2319 1843 2366 qui

297 2378 459 2413 usitatam
476 2378 520 2412 ab
536 2377 682 2413 ecclesia
697 2376 844 2412 formam
861 2379 1098 2423 corruperant,
1122 2387 1183 2422 pro
1200 2374 1345 2411 ethnicis
1361 2374 1468 2411 habiti
1484 2379 1580 2418 sunt,
1604 2385 1667 2411 neo
1690 2376 1766 2411 sine
1782 2377 1841 2412 ba-

296 2435 439 2481 ptismo,
457 2435 513 2481 qui
531 2446 575 2469 ex
592 2434 727 2470 illorum
746 2434 897 2481 partibus
913 2433 1183 2479 transfugerant,
1198 2433 1288 2468 inter
1304 2432 1490 2468 catholicos
1506 2431 1659 2468 admissi.
1687 2433 1740 2468 lta
1755 2432 1842 2469 Pau·

296 2492 462 2534 lianistas,
480 2490 543 2526 hoc
559 2496 612 2527 est
628 2491 722 2527 Pauli
736 2491 952 2527 samosateni
969 2489 1162 2535 στασιώτας,
1179 2490 1384 2536 rebaptizari
1395 2481 1546 2525 Niosenn'
1559 2489 1712 2535 synodus
1728 2490 1840 2534 iussit,

297 2549 378 2584 Gan.
394 2561 475 2591 xix„
492 2548 582 2595 quod
598 2554 634 2584 et
650 2549 864 2595 Augustinus
881 2546 970 2583 haer.
989 2559 1081 2584 xuv.
1099 2547 1274 2583 decretum
1291 2547 1365 2582 ideo
1382 2546 1494 2590 refert,
1510 2547 1598 2593 quod
1612 2548 1763 2592 requiam
1781 2547 1840 2582 ὀα-

294 2609 462 2652 ptismatis
478 2619 540 2640 ηοοι
558 2612 715 2641 tenerent.
747 2606 792 2641 At
808 2604 972 2641 catharos
983 2631 992 2648 ,
1014 2604 1047 2640 id
1071 2610 1123 2640 est
1138 2603 1365 2647 Novatianos,
1386 2604 1507 2639 eadem
1522 2604 1674 2649 synodus
1691 2604 1839 2651 rebapti-

297 2664 364 2698 zari
381 2674 449 2698 non
467 2663 584 2706 iussit,
608 2663 691 2700 Can.
707 2675 793 2705 vnn,
817 2662 877 2698 sed
901 2663 1036 2699 illorum
1057 2662 1197 2698 clericos
1214 2660 1513 2709 χιιροτιθουμένους
1529 2660 1564 2696 in
1582 2661 1671 2696 clero
1687 2671 1837 2698 manere.

297 2720 712 2767 Constantinopolitsnum
728 2730 805 2755 vero
818 2720 965 2766 primum
981 2723 1017 2755 et
1029 2719 1299 2755 Oecumenicum
1314 2717 1502 2754 secundum
1515 2717 1598 2753 Gan.
1608 2729 1667 2753 vu.
1681 2718 1839 2762 Arianos,

297 2777 577 2819 Macedonianum,
601 2777 850 2820 Sabbattanos,
872 2776 1100 2819 Novatlanos,
1121 2775 1462 2819 Quartadeclmanos,
1484 2774 1556 2810 slve
1573 2774 1784 2819 Tetraditas,
1806 2779 1840 2811 et

296 2833 557 2880 Apollinarium
575 2834 774 2881 rebaptizari
792 2837 901 2876 vetat,
918 2834 1151 2870 Eunomianos
1168 2833 1278 2876 iubet,
1295 2832 1369 2873 robe
1385 2829 1426 2872 εἰς
1443 2830 1516 2879 μίαν
1534 2830 1707 2867 κατάδυσιν
1725 2832 1838 2879 βαπτι-

296 2890 459 2937 ζομίνους.
508 2890 605 2925 lubet
628 2896 661 2925 ot
685 2891 929 2933 Montani-tas,
953 2892 1026 2926 sive
1049 2889 1306 2938 cataphrygas,
1330 2892 1365 2925 et
1380 2888 1596 2926 Sabellianos
1619 2893 1839 2937 caeterosque

297 2959 415 2984 omnes
432 2946 632 2982 haereticos.
666 2947 714 2982 De
731 2945 1005 2995 Oatsphriglbus
1027 2948 1200 2983 consentit
1221 2951 1255 2983 et
1270 2946 1463 2984 Laodicena
1485 2946 1637 2991 synodus
1661 2946 1745 2983 Can.
1760 2958 1836 2984 vm.

298 3005 346 3042 De
370 3004 505 3041 Arianis
531 3014 609 3039 vero
634 3004 817 3039 concillum
845 3005 968 3041 Arelat.
985 3017 1007 3041 ι.
1034 3005 1082 3040 ita
1105 3005 1240 3047 sanxit,
1264 3007 1303 3040 ut
1322 3015 1363 3039 σε
1382 3004 1426 3038 ι’ἰε
1449 3006 1506 3050 quo·
1522 3006 1670 3050 propria
1687 3005 1759 3050 (eye
1774 3016 1837 3039 sua

296 3068 440 3105 utuntur,
457 3062 562 3098 denuo
577 3062 806 3108 baptizentur,-
823 3063 911 3109 quod
923 3064 956 3097 εἰ
970 3064 1005 3097 in
1015 3067 1121 3109 patre
1137 3061 1251 3108 etfilt'o
1268 3066 1300 3096 ee
1313 3062 1435 3108 spiritu
1450 3065 1568 3096 canoto
1584 3061 1752 3108 baptisati
1757 3062 1836 3108 fiae-
