2008 3294
294 214 342 253 VI

294 318 325 354 si
340 330 411 354 ιιι
423 317 656 363 Interpretum
666 326 888 352 communem
903 315 1088 353 editionem
1099 326 1256 362 sequare,
1272 326 1365 362 qnae
1372 327 1481 358 annos
1492 315 1745 352 Mathusalemo
1761 319 1840 351 ante

294 376 451 421 genitum
473 373 686 410 Lamechum
699 377 840 420 arrogat
862 383 1000 417 cum,
1022 372 1194 410 Lamecho
1219 384 1299 408 vero
1317 383 1515 418 omnum,
1539 373 1693 413 conflent
1714 373 1840 408 additis

293 432 417 468 Noemi
447 431 620 466 sexcentis
647 431 729 466 anni
756 434 837 466 ante
863 430 1030 467 diluvium
1055 440 1245 467 ποθοῦσιν.
1292 430 1391 466 Vixit
1413 434 1528 466 autem
1551 429 1783 466 Mathusalem
1804 430 1841 465 in

292 493 407 524 totum
422 499 532 523 annos
548 497 777 524 roccccnxrx.
800 487 910 534 Igitur
925 500 985 523 x1v
1001 488 1100 523 annis
1116 491 1196 534 post
1211 487 1379 522 diluvium
1395 487 1580 534 superfuit3
1604 487 1696 533 quod
1713 490 1768 522 est
1789 487 1841 522 in-

294 550 422 592 eptum.
458 545 569 587 Quare
584 545 768 580 Africanus
783 544 1012 581 Mathusalem
1036 556 1145 580 annos
1169 548 1249 579 ante
1264 543 1477 580 Lamechum
1499 548 1700 590 susceptum
1722 543 1844 578 tribuit

294 613 445 645 cnxxxv,
462 602 522 648 qui
533 602 575 636 ad
587 601 750 637 Lamechi
759 601 951 648 Noemique
963 602 1116 644 totidem,
1131 601 1222 647 quod
1234 602 1392 647 proxime
1404 601 1674 644 numeravimus,
1691 600 1843 635 adiuncti

293 670 467 694 summam
490 658 679 694 conficiunt
699 670 871 694 annorum
893 669 1136 695 1occccnxxrr.
1177 658 1299 704 Itaque
1321 659 1432 694 tribus
1457 665 1647 705 quatuorve
1670 657 1770 692 annis
1794 656 1844 691 di-

291 716 425 751 lnvium
440 727 534 751 mors
549 716 642 751 illius
665 716 862 752 antecessit.
909 716 956 751 At
970 726 1051 751 vero
1072 715 1163 750 idem
1179 715 1362 750 Africanus
1385 716 1429 751 ab
1446 716 1528 750 orbe
1545 714 1681 750 condito
1698 714 1742 749 ad
1757 714 1844 748 dilu-

291 774 387 808 vium
404 784 514 808 annos
530 773 664 820 colligit
678 783 737 809 σιτ)
755 783 813 810 cro
831 783 987 809 ccnxvrr.
1014 772 1147 819 Quippe
1170 772 1262 807 Enos
1281 783 1374 808 cxcv
1397 772 1545 815 confert,
1570 783 1648 807 cum
1664 783 1736 806 Lxx
1758 770 1843 806 dun-

292 834 391 865 taxat
407 840 476 866 cxc
499 833 690 866 numerent.
725 829 918 866 Subtractis
943 830 1094 877 quinque
1117 830 1185 864 illis
1208 827 1393 876 superfluis
1418 829 1620 864 crediderim
1642 829 1679 863 in
1702 828 1843 875 reliquis

291 887 524 934 Epiphanium
539 887 709 930 Africani,
731 887 804 923 sive
819 899 890 923 ιιι
906 887 997 934 apud
1012 887 1213 922 Africanum
1236 886 1466 934 Interpretum
1489 887 1662 922 calculum
1686 889 1844 920 secutum

292 955 403 980 annos
422 948 641 991 computasse
657 955 716 980 cro
734 955 793 980 cro
811 954 943 980 ccnxu.

382 1000 439 1036 ’Ev
451 1003 520 1042 τοῖς
537 997 624 1049 ὄρεσι
639 999 806 1049 Ἀραράτ.]
841 1001 1034 1037 Chaldaeus
1052 1001 1181 1044 Gordu,
1204 1001 1239 1036 id
1262 1005 1315 1036 est
1336 1001 1506 1047 Γορδαῑός.
1552 999 1720 1048 Iosephus
1742 1000 1803 1036 lib.
1818 1012 1843 1044 1,

292 1069 367 1106 cap.
385 1071 432 1102 xv,
448 1056 668 1105 ἀποβατήριον
684 1057 741 1093 τὸν
757 1059 859 1093 τόπον
876 1061 991 1093 τοῦτον
1004 1057 1165 1105 Ἀρμένιοι
1175 1057 1330 1101 καλοῦσι.
1354 1059 1440 1093 Mox
1451 1057 1622 1093 Berosum
1634 1056 1844 1093 Chaldaeum

291 1116 391 1151 citat:
407 1115 541 1162 Λέγεται
557 1114 592 1149 δὲ
608 1115 662 1150 καὶ
678 1118 736 1150 τοῦ
753 1114 871 1149 πλοίου
887 1113 919 1149 ἐν
935 1118 974 1163 τῇ
987 1114 1137 1162 Ἀρμενίᾳ
1152 1114 1234 1162 πρὸς
1251 1118 1299 1162 τῷ
1317 1111 1382 1162 ὄρει
1398 1117 1463 1150 τῶν
1480 1114 1670 1162 Κορδυαίων
1687 1111 1732 1148 ἔτι
1747 1113 1844 1162 μέρος

291 1185 321 1207 τι
337 1168 426 1207 εἶναι.
450 1173 538 1208 Item
554 1184 598 1208 ex
614 1172 757 1208 Nicolao
772 1173 1007 1208 Damascene:
1025 1170 1139 1207 Ἔστιν
1153 1171 1231 1219 ὑπὲρ
1248 1170 1304 1216 τὴν
1317 1170 1466 1207 Μινυάδα
1481 1171 1567 1219 μέγα
1583 1168 1658 1218 ὄρος
1674 1169 1758 1206 κατὰ
1769 1169 1845 1218 Ἀρ-

292 1229 400 1277 μενίαν
418 1227 507 1276 βάρις
523 1229 711 1277 λεγόμενον,
736 1228 778 1270 εἰς
801 1228 819 1264 ὃ
841 1228 986 1269 πολλοὺς
1011 1230 1239 1276 συμφυγόντας
1263 1227 1315 1264 ἐπὶ
1336 1232 1394 1264 τοῦ
1411 1228 1645 1275 κατακλυσμοῦ
1661 1227 1762 1275 λόγος
1778 1225 1845 1275 ἔχει

290 1287 520 1334 περισωθῆναι;
555 1287 759 1322 Franciscus
782 1286 902 1322 Iunius
925 1298 987 1333 pro
1011 1285 1107 1333 Βάρις
1130 1286 1386 1322 rescribendum
1417 1286 1595 1321 existimat
1616 1285 1792 1332 Λοόβαρις,
1823 1295 1845 1320 a

291 1355 359 1391 quo
383 1355 454 1379 non
477 1343 654 1379 abhorreo.
700 1343 769 1379 Sed
791 1343 884 1378 idem
906 1343 1063 1379 solennia
1085 1343 1220 1387 deliret,
1245 1354 1324 1379 cum
1347 1343 1463 1379 Lubar
1486 1343 1648 1378 Armenio
1673 1346 1708 1377 et
1729 1342 1844 1389 Aegy-

289 1401 403 1448 ptiaco
419 1411 578 1436 sermone
594 1400 676 1435 dicit
697 1400 790 1436 idem
812 1411 888 1435 esse
911 1404 1016 1447 atque
1036 1397 1233 1446 ἆποβατικδν
1250 1401 1321 1436 sive
1339 1399 1575 1447 ἀποβατήριονι
1597 1399 1633 1434 id
1656 1403 1710 1435 est
1728 1400 1844 1435 locum

291 1458 538 1501 editissimum,
558 1469 602 1493 ex
620 1468 688 1504 quo
705 1456 892 1492 descensus
908 1460 1020 1504 patet,
1044 1468 1066 1491 a
1079 1457 1186 1492 verbo
1203 1457 1336 1499 Labar,
1353 1457 1568 1492 descendere.
1607 1455 1706 1492 Unde
1722 1459 1757 1492 et
1772 1456 1844 1492 La-

290 1515 410 1550 barum
433 1518 467 1550 et
489 1514 611 1549 Labra
635 1514 727 1561 apud
749 1513 982 1561 Epiphaniam
1005 1514 1041 1549 in
1057 1514 1292 1550 Ariomanitis.
1338 1514 1407 1550 Sed
1430 1513 1471 1549 de
1494 1513 1607 1550 Labra
1629 1514 1843 1561 caeterisque

289 1573 394 1619 nugis
411 1572 565 1607 dicemus
581 1571 622 1606 ad
643 1572 743 1607 illum
758 1569 943 1618 Epiphanii
962 1571 1089 1607 locum.
1127 1570 1227 1613 Quod
1249 1570 1387 1617 quidem
1409 1570 1452 1605 ad
1475 1582 1640 1618 praesens
1663 1571 1844 1618 negotium

290 1629 413 1664 attinet
428 1628 647 1675 ἀποβατήριον
669 1627 815 1676 Iosepho
831 1631 1052 1675 nuncupatur
1066 1629 1162 1664 locus
1184 1628 1258 1670 ille,
1281 1628 1319 1663 in
1343 1639 1410 1675 quo
1422 1627 1575 1664 Noemus
1599 1627 1656 1673 τὴν
1673 1626 1844 1674 ἀπόβασιν,

289 1685 356 1721 hoc
371 1689 425 1721 est
439 1685 703 1721 exscensionem
726 1697 771 1721 ex
795 1696 877 1720 arca
898 1685 996 1737 fpcit3
1019 1685 1092 1721 sive
1109 1684 1202 1732 quod
1216 1685 1347 1721 ibidem
1367 1685 1408 1720 τὰ
1429 1683 1634 1733 ἀποβατήρια
1656 1696 1755 1721 sacre.
1769 1696 1844 1732 per-

290 1743 405 1780 solvit.
440 1743 534 1779 Haec
548 1742 641 1778 enim
656 1743 709 1779 vis
726 1746 780 1778 est
793 1742 918 1779 horum
933 1743 1199 1787 vocabulorum,
1223 1740 1445 1789 ἆποβατήρια,
1471 1741 1663 1789 διαβατήρια
1684 1745 1720 1778 et
1735 1745 1844 1778 caete-

289 1812 418 1836 rorum.
433 1800 541 1836 Valde
551 1800 659 1848 igitur
674 1800 810 1836 aberrat
820 1800 959 1844 Iunius,
978 1811 1058 1836 cum
1074 1799 1293 1847 ἀποβατήριον
1310 1799 1553 1846 interpretatur
1569 1799 1717 1836 arduum
1733 1803 1768 1836 et
1783 1810 1844 1836 ex·

290 1858 439 1901 celsum,
462 1868 507 1893 ex
524 1868 593 1904 quo
609 1857 816 1893 descendere
833 1861 1006 1904 oporteat3
1031 1857 1124 1904 quod
1147 1868 1168 1892 a
1185 1856 1336 1893 Graecae
1351 1857 1447 1893 vocis
1462 1868 1529 1893 usu
1553 1857 1706 1894 alienum
1729 1860 1763 1893 et
1785 1857 1844 1894 ab·

290 1926 415 1951 sonum
431 1918 495 1951 est.

381 1970 430 2007 Οὗ
447 1970 510 2018 γὰρ
533 1969 578 2006 ἔτι
602 1969 773 2018 ἐμφαίνει]
806 1970 1022 2007 Putidissimi
1044 1970 1162 2007 Iudaei
1184 1971 1356 2007 Nodmum
1380 1982 1402 2008 a
1425 1971 1556 2007 Ohamo
1579 1974 1758 2008 exsectum
1780 1982 1844 2008 nu-

291 2031 434 2076 gantur:
456 2032 496 2064 ut
515 2028 605 2064 inter
627 2029 715 2065 alios
727 2028 768 2065 R..
783 2028 923 2065 Selomo
933 2056 942 2072 ,
967 2029 1027 2076 qui
1042 2032 1076 2064 et
1091 2029 1159 2064 alia
1175 2028 1345 2076 quaedam
1361 2029 1477 2064 adiicit
1492 2028 1642 2064 nefanda
1657 2032 1692 2064 et
1707 2025 1841 2076 ἄρῤητα.

379 2085 421 2121 Ν.
437 2098 470 2121 v.
493 2083 568 2120 ἔνθα
583 2097 641 2120 του
657 2083 876 2131 ἐπιλέξαντα]
900 2085 1060 2121 Fortasse
1076 2087 1178 2120 τόπον
1202 2084 1403 2127 ἐπελέξαντο.

379 2138 447 2177 Ἦν
464 2141 499 2178 δὲ
515 2145 612 2178 τοῦτο
628 2141 731 2178 πάλαι
745 2141 950 2191 Ἀσσυρίων]
986 2144 1079 2190 Ager
1094 2142 1250 2179 Sennaar
1268 2147 1302 2179 et
1317 2142 1477 2190 Babylon
1500 2143 1577 2190 ipsa
1597 2143 1768 2190 primum,
1790 2143 1843 2180 in-

291 2200 382 2247 quit,
405 2199 449 2235 ad
463 2199 625 2247 Assyrios
647 2200 824 2247 pertinuit.
860 2199 1028 2248 Respexit
1050 2204 1168 2236 autem
1190 2200 1234 2236 ad
1250 2199 1301 2243 id,
1326 2200 1419 2247 quod
1442 2199 1556 2236 Genes
1578 2212 1620 2244 x,
1641 2213 1684 2238 11.
1698 2201 1841 2248 legitur:

292 2257 346 2292 De
362 2264 454 2292 terra
471 2258 534 2292 illa
551 2256 738 2304 (Sennaar)
755 2269 907 2303 cyr-essue
924 2264 973 2292 est
987 2258 1108 2299 Assur,
1133 2265 1164 2293 et
1183 2258 1381 2304 aedificavit
1394 2257 1545 2292 Niniven
1561 2263 1594 2292 et
1601 2258 1742 2304 plateas
1757 2261 1842 2294 civi-

292 2317 373 2349 tatis
389 2320 421 2349 et
437 2313 554 2351 Chalc.
577 2314 707 2350 Verum
724 2315 836 2349 Assur
851 2314 991 2362 quidam
1008 2315 1186 2362 proprium
1203 2326 1278 2350 esse
1293 2325 1421 2365 nomen
1437 2314 1656 2350 existimant:
1674 2319 1713 2351 ut
1727 2315 1767 2351 R.
1780 2315 1841 2352 Se-

290 2371 394 2414 lomo,
411 2372 469 2418 qni
485 2382 523 2407 se
539 2372 584 2407 ab
599 2372 786 2419 impiorum
799 2371 1048 2408 consuetudine
1065 2383 1104 2407 ac
1117 2371 1279 2408 convictu
1294 2371 1498 2419 segregarit,
1515 2372 1730 2419 eundemque
1742 2373 1840 2408 Aben

292 2428 379 2464 Ezra
393 2426 513 2476 Iaphet
530 2427 641 2464 filium
663 2428 820 2465 extitisse
840 2433 1021 2465 memorat.
1056 2428 1225 2476 Equidem
1246 2429 1354 2465 Assur
1374 2427 1439 2464 hoc
1460 2429 1536 2465 loco
1559 2429 1599 2464 de
1616 2430 1758 2476 Assyrio
1778 2441 1840 2478 po-

290 2486 388 2533 pulo,
405 2486 459 2521 vel
475 2485 565 2522 Nino
589 2486 665 2533 ipso
687 2486 786 2534 regni
803 2486 935 2533 Assyrii
957 2485 1132 2522 conditore
1156 2485 1318 2522 libentius
1341 2485 1556 2533 interpretor.
1591 2486 1722 2524 Eodem
1737 2498 1839 2534 porro

290 2547 444 2591 spectare
461 2543 606 2586 videtur,
621 2543 713 2591 quod
729 2547 783 2579 est
798 2543 890 2591 apud
906 2544 1045 2579 Esaiam
1062 2554 1136 2591 cap.
1150 2555 1249 2587 xxm,
1270 2542 1326 2579 13:
1352 2542 1445 2579 Ecce
1462 2549 1555 2579 terra
1570 2543 1838 2588 Chaldaeorum,-

295 2600 390 2635 Talie
401 2601 545 2647 populus
560 2602 724 2646 'nonfuit-
740 2601 851 2636 Assur
853 2602 1020 2648 fundavit
1035 2614 1118 2636 eam.
1144 2601 1187 2636 In
1204 2602 1434 2648 captivitatem
1451 2602 1676 2636 traduxerunt
1688 2602 1840 2638 robustos

289 2660 376 2699 eius,
393 2658 600 2703 mffoderunt
615 2658 729 2693 domm
744 2660 833 2701 eius,
852 2664 1036 2705 posuerunt
1051 2671 1125 2695 eam
1140 2660 1175 2693 e‘n
1191 2660 1337 2694 ruinam.
1373 2656 1442 2694 Sed
1457 2656 1628 2694 Hebraica
1642 2659 1747 2696 aliam
1762 2670 1838 2695 seu-

288 2714 430 2750 tentiam
447 2713 660 2762 praeferunt:
686 2714 756 2750 Im
774 2715 920 2763 populun
943 2727 1006 2750 non
1030 2721 1108 2751 erat
1128 2715 1201 2750 illic
1225 2715 1313 2750 olim.
1347 2714 1459 2750 Amr
1465 2717 1632 2760 fundavit
1647 2728 1720 2752 eam
1744 2719 1838 2752 nari-

290 2771 365 2811 bus.-
387 2770 459 2814 vei,
480 2775 520 2806 ut
535 2771 609 2815 alii,
633 2773 760 2808 deuerti
773 2773 911 2816 =·n001··u‚·
936 2775 994 2820 qun·
1009 2778 1185 2808 erexerunt
1207 2783 1306 2807 arces
1326 2771 1429 2808 illiue.
1468 2769 1538 2807 Sed
1552 2772 1746 2821 (Chaldaei)
1762 2786 1838 2810 con-

288 2831 453 2863 triverunt
461 2829 602 2875 palatia
618 2830 725 2872 illiue,
742 2832 805 2866 etc.
842 2826 940 2872 Quod
962 2830 1011 2866 itu
1034 2829 1073 2866 R.
1086 2828 1197 2865 David
1220 2827 1373 2876 exponit.
1407 2826 1484 2865 Non
1501 2833 1554 2865 est
1568 2830 1694 2867 mirum
1710 2834 1771 2867 aut
1785 2831 1837 2867 in-

288 2884 465 2929 credibile,
489 2885 581 2933 quod
605 2884 646 2921 de
669 2886 751 2932 Tyri
776 2886 953 2923 eversione
977 2885 1192 2934 praedicitur.
1226 2884 1315 2923 Ecce
1336 2885 1400 2922 tibi
1423 2884 1582 2933 Babylon
1607 2891 1640 2923 et
1663 2885 1838 2926 Chaldaea

289 2942 365 2991 ipss
381 2952 449 2979 non
466 2942 606 2979 eosdem
622 2953 758 2991 semper
775 2942 907 2981 incolae
923 2941 1061 2988 hebuit3
1084 2943 1145 2981 sed
1167 2948 1202 2980 et
1217 2943 1293 2991 ipsa
1308 2942 1581 2980 vicissitudinem
1606 2948 1660 2980 est
1680 2949 1834 2993 experta.

289 2998 377 3036 uam
394 2997 643 3037 Chaldaeorum
663 3000 810 3048 populus
827 2999 911 3038 olim
925 2999 975 3038 ibi
990 3000 1107 3038 sedem
1122 3012 1193 3038 non
1208 2997 1346 3045 habuit,
1370 2999 1431 3037 sed
1448 3000 1582 3048 Assyrii
1603 3001 1770 3050 principio
1786 3006 1836 3039 te-

289 3060 438 3094 nuerunt
461 3060 495 3094 et
518 3057 552 3094 in
577 3066 619 3093 ee
642 3057 743 3093 urbes
767 3058 973 3094 excitarunt.
1008 3057 1096 3095 Tum
1122 3056 1282 3094 Chaldaei
1305 3057 1414 3106 pulsis
1438 3057 1587 3104 Assyriis
1613 3063 1834 3107 occuparunt,
