2008 3294
339 195 427 231 con

338 299 441 334 huius
457 299 624 334 nonnulla
639 298 859 335 disserentur.
891 299 1079 336 Videamus
1101 311 1192 335 nunc
1210 299 1386 346 quodnam
1401 300 1443 336 de
1458 301 1500 336 iis
1515 301 1708 337 Innocentii
1722 301 1887 339 iudicium

339 357 510 399 extiterit,
525 357 596 391 imo
615 359 731 395 utrum
747 356 789 391 de
804 356 874 403 illis
888 356 1024 393 locutus
1038 358 1177 395 omnino
1191 358 1252 399 sit,
1269 357 1363 403 quod
1373 358 1529 404 plerique
1542 370 1662 394 omnes
1675 359 1886 396 existimant.

337 414 401 448 Hic
417 414 510 448 enim
526 413 674 460 epistola
686 425 737 448 111.
750 413 794 448 ed
805 413 1020 460 Exuperium
1036 426 1111 462 cap.
1123 427 1161 451 11.
1177 415 1226 449 ita
1241 414 1374 449 scribit:
1407 414 1456 449 Et
1465 415 1528 450 boc
1540 419 1723 461 quaesitum
1735 421 1792 458 est,
1809 417 1889 462 quid

339 472 380 506 de
408 470 461 504 liis
483 470 659 505 observari
681 471 802 506 debeat
821 473 879 517 qui
892 479 973 518 poet
994 473 1194 518 baptismum
1217 473 1306 506 omni
1328 477 1474 518 tempore
1496 471 1757 508 incontinentiae
1780 479 1813 508 et
1831 485 1887 508 vo·

338 528 522 573 luptatibus
538 529 647 562 dediti
659 530 696 562 in
711 533 856 564 extremo
870 530 936 569 fine
948 531 1042 565 vitae
1056 541 1140 564 suae
1148 531 1393 574 poenitentiam
1414 530 1514 565 simul
1528 535 1561 564 et
1580 531 1888 565 reconciliationem

339 586 575 619 communionis
595 591 786 631 exposcunt.
832 585 887 621 De
908 585 963 621 his
983 587 1171 622 observatio
1195 588 1292 632 prior
1314 587 1442 628 durior,
1458 589 1631 632 posterior
1649 589 1888 623 interveniente

336 643 576 676 misericordia
598 643 800 677 inclinatior
810 648 880 678 est.
925 643 1019 678 Nam
1042 643 1242 679 consuetudo
1257 645 1360 688 prior
1382 645 1500 685 tenuit,
1522 651 1560 679 ut
1581 645 1819 679 concederetur
1841 646 1889 679 eis

331 701 558 746 poenitentia,
574 701 636 734 sed
642 702 832 743 *communio
847 707 1038 746 neqaretur.
1077 700 1171 734 Nam
1189 711 1262 734 cum
1277 700 1349 735 illie
1364 701 1564 746 temporibus
1580 702 1720 736 crebrae
1729 713 1888 748 persecu-

337 760 442 799 tiones
457 762 580 800 essent,
597 768 638 791 ne
654 760 890 792 communionis
905 769 1065 792 concessa
1068 758 1234 803 facilitas
1245 757 1394 791 homines
1409 758 1451 792 de
1465 759 1740 794 reconciliatione
1754 770 1889 793 securos

336 826 401 848 non
416 819 597 848 revocaret
610 827 632 848 a
650 815 765 860 lapsu,
787 821 914 860 neqata
935 818 1051 850 merito
1069 817 1253 849 communio
1275 821 1340 856 est,
1363 826 1522 849 concessa
1534 817 1758 860 poenitentia,
1781 828 1820 850 ne
1842 821 1889 850 to-

293 894 301 902 .
336 877 403 905 tum
413 873 551 917 penitus
566 877 760 916 rimaretur,
776 877 810 906 et
820 873 989 907 duriorem
1002 873 1327 916 remissionemsecit
1337 873 1496 917 temporis
1506 874 1612 920 ratio.
1634 871 1704 907 Sed
1711 878 1889 918 postquam

337 930 489 963 dominus
502 935 617 964 noster
630 940 756 974 pacem
779 930 932 963 ecclesiis
951 931 1022 963 suis
1043 930 1211 971 reddidit,
1232 931 1304 963 iam
1327 929 1463 974 depulso
1485 922 1614 964 tei-rore
1635 932 1890 964 communionem

337 987 420 1020 dari
440 985 635 1020 abeuntibus
651 986 805 1031 placuit,
829 992 863 1020 et
876 992 1022 1032 propter
1044 987 1171 1020 domini
1192 987 1482 1028 misericordiam,
1507 987 1606 1031 quasi
1627 988 1790 1021 viaticum
1805 998 1889 1032 pro-

327 1045 494 1088 fecturis,
511 1053 550 1077 ne
566 1042 760 1077 Notat-iani
773 1042 942 1078 haeretiei
957 1046 1113 1087 neyantis
1128 1045 1260 1077 veniam
1277 1044 1497 1088 asperitatem
1514 1049 1547 1077 et
1561 1043 1724 1078 duritiam
1739 1043 1892 1090 subsequi

335 1101 523 1134 videamur.
552 1098 584 1132 T
579 1099 732 1134 abactor
744 1111 823 1145 erqo
836 1111 909 1135 cum
917 1103 1126 1146 poenitentia
1139 1106 1288 1134 extrema
1302 1103 1486 1134 communio
1498 1105 1560 1134 etc.
1582 1099 1682 1135 Hunc
1697 1099 1891 1136 Innocentii

334 1157 471 1198 locum,
487 1155 582 1202 quod
595 1156 632 1192 in
649 1167 689 1191 eo
707 1167 834 1202 genere
848 1157 1144 1192 luculentissimus
1161 1157 1222 1199 sit,
1245 1159 1358 1192 totum
1380 1156 1639 1203 adscripsimus.
1670 1156 1759 1192 Cum
1774 1160 1891 1193 eutem

335 1214 380 1249 ad
394 1213 598 1249 Eliberitani
613 1214 751 1248 concilii
765 1213 902 1249 decreta
917 1214 1123 1249 nominatim
1139 1214 1352 1260 respexisse,
1375 1225 1456 1248 cum
1475 1213 1561 1249 haec
1585 1213 1767 1258 scriberet,
1787 1214 1891 1251 Inno-

335 1271 487 1307 centium
502 1274 626 1317 putent
639 1269 798 1305 homines
815 1271 957 1313 eruditi,
980 1270 1067 1307 mihi
1088 1270 1227 1317 quidem
1246 1281 1317 1306 non
1331 1271 1492 1317 probant.
1537 1270 1628 1306 Nam
1641 1270 1891 1307 Eliberitanum

334 1328 520 1364 concilium
536 1327 680 1362 καθόλου
697 1328 739 1362 de
753 1328 796 1362 iis
811 1328 964 1374 loquitur
985 1329 1045 1374 qni
1067 1328 1228 1374 graviora
1248 1330 1284 1363 et
1303 1328 1467 1374 capitalia
1488 1327 1613 1364 delicte.
1635 1328 1891 1372 commiserant,

335 1396 424 1432 quae
441 1385 484 1419 ad
500 1385 568 1420 tria
585 1395 714 1431 genera
726 1385 957 1420 Tertullianus
974 1388 1009 1419 et
1020 1385 1190 1420 Pacianus
1206 1388 1389 1428 revocant3
1406 1395 1494 1431 quos
1507 1385 1665 1432 quidem,
1681 1396 1890 1432 quocunque

335 1443 474 1478 demum
490 1446 646 1488 tempore
662 1442 798 1477 admitti
813 1453 888 1477 sese
909 1442 1181 1488 postulaverint,
1202 1441 1433 1488 repudiandos
1455 1442 1617 1478 decernit.
1661 1442 1710 1477 At
1723 1442 1892 1490 Exuperii

334 1499 522 1536 sciscitatio
539 1499 583 1534 ad
599 1510 658 1534 eos
674 1502 811 1534 tantum
827 1499 1021 1546 pertinebat
1036 1500 1096 1546 qui
1110 1502 1193 1546 post
1207 1499 1337 1534 atrocia
1352 1499 1483 1534 scelera
1502 1499 1750 1546 poenitentiam
1770 1500 1808 1536 iu
1829 1511 1890 1536 ex·-

333 1562 484 1592 tremum
499 1557 591 1592 vitae
607 1561 744 1604 tempus
761 1556 985 1592 distulissent.
1029 1556 1170 1602 Alioqui
1185 1566 1266 1591 cum
1279 1555 1409 1592 infiniti
1423 1567 1574 1592 canones
1591 1556 1632 1592 de
1647 1557 1828 1604 lapsorum
1849 1569 1891 1594 nc

334 1625 632 1662 quorumcumque
651 1617 874 1661 peccatorum
895 1613 1108 1660 poenitentia
1129 1616 1164 1648 et
1183 1613 1462 1649 reconciliatione
1483 1613 1612 1650 conditi
1631 1613 1795 1658 fuissent,
1817 1617 1892 1652 tam

333 1676 413 1708 ante
437 1682 543 1718 quam
565 1675 646 1719 post
667 1671 860 1707 Nicaenum
883 1671 1084 1715 concilium,
1112 1681 1262 1718 cumque
1283 1670 1478 1706 Nicaenum
1503 1671 1619 1718 ipsum
1643 1671 1684 1707 de
1705 1671 1814 1718 lapsis
1836 1683 1891 1708 re-

334 1729 501 1776 cipiendis
517 1733 590 1764 tam
605 1728 732 1764 diserte
748 1729 938 1772 sanxisset,
954 1728 1075 1775 inepta
1089 1738 1174 1764 sene
1189 1727 1314 1763 fuisset
1326 1727 1494 1774 Exuperii
1503 1728 1566 1763 ina
1577 1729 1753 1775 quaestio,
1768 1729 1800 1765 si
1813 1729 1891 1765 uni·

333 1798 432 1823 verse
448 1790 552 1832 atque
568 1785 703 1821 infinite
718 1789 942 1833 percontatus
959 1789 1060 1821 esset.
1102 1785 1172 1821 Sed
1186 1785 1353 1821 nimirum
1369 1785 1453 1829 alia,
1470 1788 1505 1821 et
1519 1796 1541 1820 a
1554 1785 1663 1832 lapsis
1679 1796 1720 1822 so
1734 1789 1891 1833 peccato-

333 1844 429 1880 ribus
444 1844 586 1890 reliquis
602 1844 741 1879 illorum
757 1847 917 1890 separata
934 1853 1058 1878 caussa
1073 1842 1157 1886 fuit,
1180 1843 1240 1889 qui
1260 1842 1511 1890 poenitentiam
1533 1843 1577 1879 ad
1595 1843 1759 1880 instantis
1775 1843 1890 1880 obitus

333 1901 526 1948 periculum
550 1912 660 1947 usque
685 1900 917 1943 distulissent,
945 1900 1073 1947 quibus
1098 1900 1204 1935 etiem
1226 1899 1444 1935 moribundis
1472 1899 1555 1936 olim
1581 1899 1770 1936 interclusa
1796 1911 1890 1937 com-

333 1958 453 1994 munio
467 1962 530 1994 est.
555 1957 654 1999 Quod
663 1956 856 2003 Cyprianus
868 1957 1024 2004 Epistola
1035 1969 1082 1994 ιι.
1099 1956 1388 1992 edAntonienum
1401 1956 1577 1992 evidenter
1589 1956 1776 2004 significat.
1799 1957 1891 1994 Nam

335 2026 414 2051 cum
430 2014 596 2050 adversus
610 2011 822 2049 Novatieuos
838 2014 888 2050 ita
903 2014 1114 2061 scripsisset:
1130 2014 1243 2049 Miror
1256 2020 1366 2048 autem
1377 2015 1536 2060 quosdam
1549 2016 1600 2048 sic
1613 2014 1797 2050 obstinatos
1808 2026 1889 2058 esse,

335 2079 372 2108 ut
394 2073 545 2107 dandam
568 2072 677 2118 lapsis
701 2083 764 2106 nou
782 2077 903 2117 putent
919 2073 1177 2118 poenitentiam,
1203 2077 1264 2106 aut
1282 2071 1528 2117 poenitentibus
1551 2073 1737 2106 existiment
1758 2074 1889 2108 veniam

336 2130 586 2175 deneqanclam,⁸
603 2131 726 2175 postea
740 2128 809 2163 ista.
824 2128 978 2164 subiicit:
1008 2127 1057 2162 Ee
1070 2129 1219 2170 idcirco,
1227 2130 1348 2173 frater
1363 2130 1555 2170 carissime,
1570 2130 1810 2174 poenitentiam
1826 2141 1890 2164 non

336 2192 488 2232 aqentes,
506 2198 566 2221 nec
583 2187 726 2221 dolorem
744 2187 939 2228 delictorum
955 2197 1088 2220 sitorum
1104 2190 1169 2220 toto
1185 2185 1288 2220 corde
1304 2190 1335 2219 el
1350 2186 1533 2230 manifesta
1545 2185 1796 2221 lamentationis
1806 2198 1889 2222 suae

330 2246 542 2291 professione
559 2249 731 2287 testantes,
749 2235 979 2290 prohibendos
994 2244 1124 2277 omnino
1141 2244 1327 2277 censuimus
1344 2254 1366 2276 a
1381 2253 1440 2288 spe
1457 2244 1764 2278 communicationis
1780 2249 1813 2279 et
1823 2256 1889 2290 pa-

337 2305 402 2343 cis,
424 2303 457 2336 ei
478 2303 513 2335 in
534 2302 730 2347 infirmitate
747 2306 844 2347 aeque
859 2303 896 2335 in
906 2300 1064 2347 periculo
1081 2301 1253 2345 coeperint
1267 2299 1467 2345 deprecari,
1490 2301 1570 2345 quia
1586 2311 1711 2344 royare
1727 2300 1804 2335 illos
1823 2313 1888 2336 non

337 2360 454 2395 delicti
462 2360 687 2405 poenitentia,
702 2358 764 2392 sed
774 2360 890 2392 monis
902 2359 1051 2402 umentis
1063 2357 1246 2392 admonitio
1260 2355 1441 2401 compellit,
1459 2367 1518 2390 nec
1532 2356 1654 2401 diqnue
1667 2362 1716 2391 est
1728 2359 1888 2403 accipere

335 2417 490 2451 solatium
507 2418 564 2461 qus·
578 2427 613 2449 ee
629 2427 692 2449 uon
710 2417 873 2460 cogitavit
888 2426 958 2449 esee
975 2416 1180 2450 moriturum.
1219 2412 1270 2448 De
1285 2412 1328 2448 iis
1344 2415 1379 2447 et
1393 2411 1588 2459 Exuperius
1605 2413 1888 2459 interrogaverat,

337 2477 372 2508 et
387 2472 573 2520 respondet
588 2471 825 2514 Innocentius,
841 2471 967 2518 quibus
983 2474 1147 2518 negatam
1164 2481 1240 2506 esse
1256 2469 1537 2507 communionem
1553 2469 1679 2505 mirum
1694 2470 1803 2506 videri
1816 2482 1888 2507 nou

337 2530 454 2573 debet,
478 2541 558 2566 cum
575 2529 629 2565 vel
645 2527 927 2572 catechumenos,
950 2528 1024 2575 qul,
1046 2526 1139 2575 quod
1160 2526 1315 2563 noudum
1331 2526 1496 2563 ecclesius
1510 2526 1675 2574 potestati
1690 2526 1819 2563 subditi
1835 2538 1887 2563 es-

337 2591 432 2630 sent,
455 2586 641 2623 humsnius
664 2585 833 2622 tractandi
854 2585 1009 2629 fuerent,
1032 2584 1154 2621 eedem
1176 2584 1237 2621 ille
1257 2594 1430 2620 canonum
1452 2583 1617 2620 severitas
1639 2584 1888 2630 perstrinxerit.

342 2644 431 2680 Nem
448 2644 508 2691 qui
524 2643 736 2691 baptismum
753 2643 788 2679 in
806 2642 938 2678 obitum
954 2653 1065 2690 usque
1081 2645 1341 2689 prorogassent,
1363 2651 1434 2677 non
1447 2639 1518 2676 1111·
1534 2639 1671 2687 quidem
1688 2641 1780 2688 quod
1794 2645 1887 2689 pete-

339 2702 424 2737 bant
440 2701 650 2747 denegatum
673 2700 757 2743 tuit,
780 2699 840 2735 sed
863 2698 968 2735 iidem
984 2699 1079 2735 velut
1098 2698 1261 2735 infamiae
1277 2697 1368 2735 notis
1383 2697 1490 2734 inusti
1505 2706 1526 2733 s
1541 2697 1732 2734 sacerdotio
1748 2699 1887 2745 penitus

339 2758 560 2800 arcebantun
577 2768 663 2805 qnos
681 2758 785 2794 etiem
801 2756 944 2793 clinicos
961 2756 1204 2800 nominabam
1219 2755 1311 2803 quod
1326 2754 1362 2791 in
1378 2763 1503 2791 ceusu
1517 2753 1702 2790 Novatiani
1717 2759 1888 2792 testantur

338 2815 402 2851 88.
421 2814 484 2851 1‘1‘.
502 2819 538 2849 ct
557 2825 652 2851 conc.
671 2814 959 2851 Neocaesariense
983 2813 1134 2850 decrevit
1154 2812 1237 2850 Cen.
1256 2824 1317 2849 ιιι.
1364 2810 1414 2847 De
1430 2810 1560 2847 cllnlois
1578 2811 1692 2858 igitur,
1716 2814 1754 2847 ut
1772 2812 1822 2848 its
1837 2812 1887 2848 di-

338 2882 415 2907 cun
426 2898 434 2914 ,
451 2871 706 2919 poenitentibus
723 2871 961 2919 accipiendum
978 2875 1031 2907 est
1041 2870 1245 2918 rescriptum
1257 2868 1341 2905 illud
1353 2868 1554 2905 innocentii.
1580 2868 1643 2904 Vel
1659 2869 1790 2916 potius,
1807 2880 1886 2906 cum

338 2932 373 2965 et
388 2927 430 2964 de
446 2927 513 2964 una
530 2933 613 2974 eget
629 2929 830 2975 praecipue,
854 2932 889 2964 et
911 2939 952 2964 eo
975 2927 1124 2964 :ieri-etio
1145 2931 1220 2963 tots
1239 2926 1417 2970 referetur,
1439 2925 1542 2961 altius
1566 2928 1681 2961 tamen
1705 2925 1886 2973 negotium

340 2988 515 3033 repetens,
532 2983 613 3031 quid
629 2984 671 3019 de
689 2985 783 3021 omni
799 2989 1019 3032 peccatorum
1035 2994 1162 3031 genere
1178 2983 1340 3020 ecclesiae
1356 2981 1566 3019 consuetudo
1583 2982 1746 3026 tenuerit,
1763 2983 1798 3019 in
1813 2993 1885 3019 me-

340 3041 484 3079 moritur
509 3045 663 3084 revocat3
692 3041 782 3088 quod
813 3041 855 3077 nd
885 3041 1026 3078 clinico·
1049 3041 1134 3078 istos
1157 3040 1372 3088 auspicamur
1398 3043 1518 3087 postea
1545 3038 1652 3075 tuisse
1679 3040 1884 3076 restrictum.
