2008 3294
191 2548 217 2573 p.
234 2541 289 2568 144.

333 201 512 238 CXXVIII

331 317 501 340 numerum
517 308 661 350 triyinta
675 317 806 351 semper
821 311 853 340 et
868 306 974 340 tribus
990 309 1090 341 annis
1104 309 1264 341 minorem
1279 319 1380 352 quam
1396 307 1439 342 ab
1456 309 1528 342 eius
1542 309 1781 343 incarnatione
1796 307 1881 343 Dio-

332 365 445 406 nysius
455 368 581 408 ponat,
599 363 750 397 adnotat.
775 362 928 409 Denique
944 375 1032 411 antio
1049 364 1092 398 ab
1109 366 1180 398 eius
1194 366 1435 399 incarnatione
1449 367 1546 399 iuxta
1559 365 1759 410 Dionysium
1770 374 1881 408 ποθι,

330 421 514 453 indictione
527 431 616 461 xxv„
629 422 766 464 fratres
781 422 904 462 nostri,
927 423 985 466 qui
998 423 1187 466 tuncfuerc
1202 420 1345 463 Romae,
1368 420 1431 456 hoc
1453 423 1548 457 modo
1570 434 1606 456 se
1628 424 1663 456 in
1687 422 1802 456 natali
1824 423 1882 456 do-

330 478 414 509 mini
428 478 464 509 in
480 478 588 510 cereis
601 475 636 510 S.
649 476 790 510 Mariae
804 479 968 522 scriptum
981 478 1107 512 vidisse
1122 484 1154 512 et
1167 479 1246 512 inde
1262 479 1483 524 descripsisse
1503 479 1716 524 referebant.-
1750 479 1783 511 A
1795 490 1881 524 pas-

330 535 423 566 sione
438 534 566 567 domini
580 535 687 568 nostm’
700 532 822 568 IESU
833 533 963 569 Christi
977 537 1062 568 anni
1074 540 1152 568 sunt
1165 546 1304 570 nnxvm
1319 538 1382 570 etc.
1413 535 1518 570 Addit
1531 539 1670 583 postea.
1686 535 1782 570 Nam
1771 537 1884 599 quod

332 591 483 623 dominus
498 602 554 624 xv.
571 591 652 624 luna
659 593 760 636 seria
775 601 971 626 v1.crucem
988 593 1182 626 ascenderit
1195 598 1226 626 et
1240 603 1309 626 una
1324 592 1559 635 sabbatorum,
1582 594 1622 628 id
1644 599 1694 628 est
1707 594 1762 627 die
1771 577 1882 627 ’domi-

330 649 431 690 nica,
447 649 710 682 resurrexerim
726 650 879 691 moratis,
901 649 987 683 nulli
1009 649 1089 683 lacet
1103 649 1260 683 dubitare
1276 649 1454 684 catholico.
1490 650 1582 685 Haec
1605 650 1674 686 ille.
1714 649 1791 684 Duo
1814 648 1882 692 hic,

329 703 412 738 fidei
434 707 538 750 atque
561 704 725 740 ecclcsiae
747 704 882 740 decreta
897 709 1151 752 proponuntur:
1174 706 1338 749 alterum,
1361 705 1536 742 Christum
1558 706 1738 742 dominum
1760 706 1882 741 aetatis

329 771 422 796 anno
446 773 572 798 xxxxxx.
595 761 668 797 iam
689 762 847 808 expleto,
870 774 990 798 xxxxv.
1005 774 1087 798 vero
1110 762 1290 806 inchoato,
1317 774 1461 810 passum
1484 774 1577 807 esse,
1604 774 1705 799 aerae
1725 763 1885 799 videlicet

328 817 563 864 Dionysianae
579 831 717 862 xxxxv.,
743 819 825 866 quia
847 830 926 854 cum
942 832 1024 854 xxx.
1041 820 1165 855 aetatis
1187 831 1279 856 anno
1302 820 1498 867 baptizatus
1521 820 1642 864 fuerit,
1666 825 1736 856 tres
1760 819 1882 856 deinde

329 886 440 910 annos
458 887 537 911 cum
552 876 697 912 semisse
713 877 820 924 vixit3
835 876 927 912 unde
943 889 1063 913 xxxxv.
1082 888 1174 912 anno
1190 880 1339 912 mortem
1355 877 1479 913 obierit
1495 881 1642 924 oportet.
1673 877 1786 920 Quare
1801 876 1883 912 hinc
1946 909 1951 913 .

329 933 434 968 etiam
457 933 552 969 aliud
577 933 743 968 ecclesiae
770 933 900 980 dogma
926 935 1097 978 nascitur,
1125 934 1300 970 Christum
1327 938 1477 981 quatuor
1501 935 1679 983 peregisse
1704 934 1882 982 paschata,

329 1001 477 1036 quorum
491 990 529 1026 in
543 994 718 1038 postremo
733 995 892 1026 mortuus
909 995 973 1027 est.
1006 992 1163 1027 Alterum
1190 991 1355 1027 ecclesiae
1379 983 1570 1036 decretum.
1594 994 1635 1027 de
1650 1004 1712 1038 quo
1727 993 1884 1037 nullifas

329 1053 379 1082 est
393 1048 550 1083 dubitare
565 1048 749 1091 catholico,
772 1049 943 1084 eiusmodi
964 1049 1116 1096 ponitur,
1139 1049 1308 1084 Christum
1323 1061 1381 1085 xv.
1400 1050 1481 1084 luna
1495 1061 1634 1096 passum
1657 1061 1736 1084 esse.
1781 1049 1882 1085 Hunc

327 1104 444 1140 Bedae
457 1106 590 1148 locum,
610 1106 708 1140 velut
725 1105 964 1141 firmissimum
985 1106 1160 1152 quoddam
1183 1105 1430 1153 chronologiae
1445 1106 1702 1142 munimentum
1715 1116 1883 1153 usurpare

327 1162 514 1198 identidem
530 1162 653 1209 optimi
667 1162 734 1198 viri
755 1173 796 1198 ac
820 1163 1013 1198 doctissimi
1032 1164 1163 1207 solent,
1184 1174 1297 1210 eoque
1311 1164 1534 1211 potissimum
1555 1164 1625 1199 telo
1647 1163 1804 1210 superior
1821 1163 1884 1198 illa

327 1218 466 1255 Dekerii
475 1220 588 1255 nostri
599 1220 772 1255 sententia
782 1220 820 1255 in
830 1220 1023 1256 Annalibus
1036 1224 1269 1268 oppugnatur.
1292 1221 1422 1257 Verum
1436 1221 1496 1256 illo
1509 1221 1586 1268 ipso
1599 1221 1676 1256 loco
1688 1220 1883 1267 pugnantia

327 1287 448 1312 secum
462 1287 503 1312 ac
519 1277 691 1312 contraria
705 1276 801 1312 Beda
814 1277 1007 1324 profitetur.
1037 1275 1251 1325 Etenim‘qui
1266 1278 1399 1313 vixisse
1420 1281 1473 1314 tot
1495 1278 1596 1313 annis
1613 1277 1813 1324 quempiam
1827 1288 1883 1312 as-

327 1334 427 1377 serit,
451 1345 550 1378 eum,
571 1335 705 1381 opinor,
727 1345 859 1370 aunum
875 1335 1028 1381 primum
1041 1339 1205 1371 numerat
1219 1346 1289 1382 quo
1304 1335 1342 1370 iu
1357 1336 1471 1370 lucem
1487 1335 1600 1370 editus
1614 1339 1686 1378 vest,
1708 1346 1780 1370 non
1801 1345 1883 1370 eum

327 1391 576 1438 complectitur,
595 1402 663 1438 quo
679 1392 717 1427 in
731 1392 853 1427 matris
870 1395 968 1428 utero
983 1392 1060 1428 fuit.
1105 1393 1205 1428 Hunc
1219 1393 1328 1439 igitur
1344 1393 1375 1427 si
1390 1392 1487 1428 Beda
1500 1392 1585 1427 velit
1600 1393 1778 1439 excipere,
1802 1403 1882 1428 cum

326 1448 356 1483 is
373 1449 419 1483 sit
432 1458 534 1484 aerae
549 1448 787 1495 Dionysianae
802 1449 952 1496 primus,
974 1453 1015 1484 ut
1037 1460 1142 1496 supra
1157 1449 1408 1486 declaravimus
1418 1476 1427 1493 ,
1451 1452 1523 1484 tres
1540 1449 1585 1484 ad
1600 1450 1746 1496 triginta
1762 1460 1882 1496 super-

326 1509 427 1541 erunt
442 1506 541 1549 anni,
563 1517 711 1552 quorum
726 1506 764 1541 in
778 1506 901 1541 ultimo
918 1505 1074 1542 Christus
1090 1517 1215 1554 passus
1231 1510 1302 1550 est,
1325 1517 1426 1542 aerae
1441 1507 1616 1542 tricesimo
1633 1509 1767 1554 quarto.
1813 1506 1881 1542 Ita-

326 1574 394 1610 que
405 1574 477 1598 non
488 1563 637 1610 amplius
650 1574 756 1610 quam
770 1575 872 1599 xxxix
883 1564 1001 1608 annis,
1018 1564 1199 1599 mensibus
1211 1564 1321 1600 tribus
1334 1564 1491 1599 Christus
1503 1564 1645 1608 vixerit,
1661 1567 1782 1600 contra
1794 1563 1881 1599 illud

326 1620 578 1656 ecclesiasticae
593 1620 676 1656 fidei
691 1620 878 1657 decretum.

415 1678 485 1714 Sed
505 1677 724 1714 manifestius
745 1678 902 1726 implicat
924 1689 1017 1722 sese,
1041 1678 1124 1714 dum
1145 1679 1196 1714 ita
1218 1679 1410 1714 concludit:
1457 1679 1624 1720 Quoniam
1639 1690 1766 1714 nxxxn
1782 1681 1882 1714 annis

326 1737 475 1770 circulus
485 1735 669 1782 paschalis
685 1738 941 1782 circumaqstur,
959 1736 1012 1771 his
1029 1737 1119 1771 adde
1134 1747 1266 1782 xxxin,
1283 1737 1338 1771 vel
1344 1738 1461 1782 potius
1475 1748 1596 1780 xxxxv,
1611 1737 1756 1771 utillum
1771 1738 1880 1782 ipsum

325 1805 386 1839 quo
398 1805 524 1839 passus
540 1799 590 1828 est
603 1794 756 1828 dominus
771 1795 940 1839 attinyere
954 1796 1068 1840 possis
1089 1806 1230 1836 annum,
1245 1795 1336 1839 fiunt
1349 1805 1470 1830 nnxvx.
1518 1794 1600 1840 Ipse
1615 1799 1665 1828 est
1678 1805 1758 1839 erqo
1773 1805 1882 1828 onmes

326 1852 516 1885 dominicae
532 1851 708 1897 passionis
729 1857 762 1885 et
781 1853 1042 1886 resurrectionis
1065 1864 1088 1885 α
1109 1854 1264 1893 mortuis,
1293 1853 1374 1896 quia
1396 1853 1486 1886 sicut
1505 1862 1656 1886 nxxxm.
1678 1853 1804 1898 primo,
1827 1852 1880 1885 ita

325 1919 445 1944 nnxvx.
463 1910 633 1943 tricesimo
649 1914 770 1954 quarto
783 1920 848 1954 per
862 1910 1036 1943 universos
1051 1908 1132 1943 solis
1148 1913 1181 1943 et
1195 1908 1296 1943 lunae
1312 1909 1501 1943 concordat
1515 1909 1698 1944 discursus.
1729 1906 1880 1943 Omnino

324 1965 446 2000 statuit
459 1975 551 2000 anno
569 1975 670 2000 aerae
685 1964 921 2011 Dionysianae
937 1976 1057 2001 nexvx.
1067 1991 1076 2008 ,
1101 1965 1161 2011 qui
1176 1968 1230 2000 est
1245 1965 1333 2011 cycli
1348 1977 1499 2009 nnxvn„
1522 1964 1662 2001 easdem
1677 1964 1879 2002 neomenias
1935 2014 1938 2018 ⁴

324 2032 366 2057 ac
379 2022 484 2058 ferias
498 2021 685 2057 recurrisse
701 2032 791 2068 quae
807 2026 906 2057 erant
921 2033 1013 2058 auno
1037 2032 1138 2058 aerae
1154 2033 1292 2065 xxxxv.‚
1316 2022 1404 2068 cycli
1418 2034 1524 2058 xxxv.
1571 2021 1625 2057 Ex
1647 2033 1715 2069 quo
1737 2022 1788 2057 ita
1809 2022 1879 2058 col-

325 2080 417 2126 ligit:
451 2079 500 2114 Et
520 2081 595 2114 ideo
612 2080 752 2113 circulis
767 2079 859 2114 beati
875 2079 1035 2124 Dionysii
1058 2081 1205 2125 apertis,
1228 2081 1260 2113 ei
1278 2090 1399 2116 nnxvr.
1421 2080 1468 2114 'ab
1492 2081 1730 2114 incarnatione
1754 2080 1881 2114 domim·

325 2140 519 2182 contin-qens
534 2149 658 2171 annum
673 2147 744 2171 xxv.
761 2137 875 2172 lunam
897 2138 934 2170 in
956 2148 992 2171 eo
1007 2147 1056 2172 xx.
1073 2135 1157 2172 Kal.
1170 2136 1260 2182 Apr.
1269 2138 1371 2182 feria
1386 2147 1418 2171 v.
1441 2140 1629 2182 repereris,
1653 2141 1686 2170 et
1705 2138 1792 2174 diem
1809 2149 1877 2183 pa-

324 2194 428 2229 schae
443 2195 644 2229 dominicum
660 2205 706 2228 vr.
725 2192 808 2228 Kal.
821 2193 911 2239 Apr.
920 2219 930 2236 ,
954 2194 1035 2228 luna
1051 2204 1137 2229 xvxi.
1147 2219 1156 2236 ,
1173 2204 1238 2239 aye
1254 2192 1357 2227 ΒΕΘ
1370 2196 1524 2239 qratiae,
1541 2195 1622 2239 quia
1637 2195 1727 2239 quod
1739 2206 1878 2240 quaerc—

325 2252 403 2295 bus,
425 2254 528 2287 sicuti
541 2254 614 2298 ipse
626 2252 799 2297 promisit,
822 2257 853 2285 te
875 2252 1026 2285 invenire
1042 2251 1165 2286 docuit.
1197 2248 1282 2292 Quis
1299 2249 1384 2285 haec
1400 2260 1421 2285 a
1436 2249 1533 2285 Beda.
1547 2261 1608 2297 per
1623 2250 1771 2286 ironiam
1787 2251 1880 2287 dicta

324 2309 541 2356 suspicetur?
564 2308 656 2355 quod
675 2306 887 2343 Brideiertus
901 2307 1136 2343 Ramesiensis
1152 2307 1189 2342 in
1204 2305 1344 2343 scholiis
1360 2306 1549 2343 adnotavit.
1579 2308 1734 2352 Ironice,
1756 2309 1877 2355 inquit,

325 2369 410 2401 dicit
425 2366 504 2409 noc,
528 2367 605 2401 dum
624 2366 714 2400 nullo
731 2366 825 2400 modo
840 2366 1020 2401 invenitur.
1052 2364 1123 2401 Sed
1144 2363 1229 2400 haec
1253 2363 1456 2400 scholiastes
1478 2364 1554 2411 ipse
1574 2365 1727 2401 ridicule.
1757 2365 1878 2413 Neque

323 2424 416 2459 enim
433 2422 565 2459 ridendi
579 2433 742 2458 caussam
758 2422 865 2458 ullam
880 2420 1004 2458 habuit
1017 2421 1128 2466 Beda,
1151 2432 1230 2457 cum
1252 2422 1319 2457 ista
1341 2421 1515 2458 scriberet.
1563 2421 1653 2464 Quin
1675 2426 1715 2458 ut
1737 2434 1782 2458 ex
1802 2426 1877 2460 toto

324 2482 382 2516 illo
398 2481 512 2528 capite
528 2481 654 2527 liquet,
671 2478 755 2527 quid
770 2479 913 2515 sentiret
928 2479 1002 2526 ipse
1018 2479 1119 2527 plane
1136 2482 1323 2526 aperteque
1339 2478 1560 2527 significavit.
1586 2479 1692 2526 Atqui
1707 2480 1878 2517 eiusmodi

325 2539 383 2574 illa
398 2542 496 2580 sunt,
514 2542 551 2573 ut
566 2548 627 2585 per
643 2537 790 2572 ironiam
808 2547 885 2572 esse
898 2536 989 2572 dicta
1000 2537 1190 2584 plurimum
1200 2535 1317 2572 Bedae
1329 2536 1437 2584 ipsIus
1449 2536 1652 2574 interfuerit.
1679 2537 1770 2573 Sunt
1784 2538 1878 2573 enim

324 2595 584 2631 absurdissIma.
630 2593 766 2641 Quippe
790 2604 882 2630 auno
906 2593 1033 2630 Christi
1056 2605 1195 2638 xxxiv„
1220 2594 1317 2641 cyclo
1340 2593 1422 2629 solis
1445 2604 1501 2630 xv.
1508 2618 1519 2636 ‚
1542 2593 1646 2630 lunae
1662 2606 1753 2638 xvx.‚
1776 2595 1877 2630 litera

324 2654 416 2689 dom.
433 2653 476 2696 C,
500 2652 716 2688 novilunium
740 2650 931 2687 Nicaenum
954 2650 1077 2699 (quod,
1101 2655 1140 2686 ut
1162 2661 1265 2699 saepe
1289 2650 1427 2694 monui,
1451 2650 1534 2686 olim
1557 2651 1662 2687 etiam
1684 2651 1727 2687 ad
1750 2650 1877 2688 Christi

324 2711 502 2745 saeculum
530 2708 852 2755 accommodabant)
880 2709 1028 2756 contigit
1049 2708 1166 2744 Martii
1186 2720 1277 2751 vm„
1304 2707 1388 2744 luna
1413 2706 1687 2755 decimaquarta,
1715 2721 1777 2745 ιιι.
1795 2709 1873 2746 Kal.

325 2768 469 2814 Aprilis,
485 2767 557 2802 sive
575 2766 689 2802 Martii
706 2778 795 2810 xxx.‚
818 2764 948 2813 pascha
964 2778 996 2803 v.
1011 2765 1087 2802 Kal.
1100 2765 1198 2813 Apu,
1221 2765 1294 2801 sive
1309 2764 1424 2801 Martii
1441 2776 1581 2809 xxvnr„
1604 2769 1643 2801 ut
1658 2777 1702 2802 ex
1717 2765 1876 2814 Dionysii

324 2835 364 2859 ac
383 2824 496 2859 Bedae
513 2824 618 2870 cyclis
633 2827 786 2871 apparet.
818 2822 926 2859 iidem
949 2822 1162 2859 characteres
1185 2833 1276 2859 anno
1300 2833 1419 2859 nnxvr.
1434 2826 1642 2868 congruunt.
1673 2822 1749 2859 Non
1768 2824 1875 2870 igitur

324 2882 425 2917 annis
439 2881 514 2917 istis
532 2881 614 2916 luna
628 2892 695 2916 xxv.
714 2879 833 2916 incidit
847 2880 882 2916 in
900 2892 947 2917 u.
961 2880 1038 2916 Kal.
1051 2880 1151 2928 Apr„
1167 2879 1251 2915 lei-la
1263 2891 1312 2924 v.,
1328 2878 1456 2927 pascha
1468 2890 1548 2914 vero
1567 2880 1600 2915 in
1615 2880 1765 2923 v1.Kal.,
1783 2880 1875 2927 quod

325 2944 362 2974 ut
377 2938 530 2981 eveniat,
546 2938 665 2984 cyclus
681 2949 757 2973 csse
770 2937 872 2973 debet
886 2937 989 2973 lunae
1002 2950 1095 2982 και,
1111 2937 1195 2973 solis
1211 2948 1283 2973 xxx.
1293 2963 1302 2981 ,
1318 2935 1382 2972 hoc
1398 2939 1453 2972 est
1465 2935 1680 2973 Christianae
1696 2948 1796 2974 aerae
1808 2949 1871 2975 ιιι.

324 2996 556 3038 Quamobrem
573 3000 611 3030 ut
625 3005 706 3030 vera
722 2996 793 3030 sint
808 3005 897 3042 quae
913 3005 935 3030 a
946 2994 1042 3031 Beda
1057 2994 1248 3039 traduntur,
1264 3005 1333 3030 nou
1347 3004 1465 3029 xxxiv.
1483 2995 1606 3029 aetatis
1623 3006 1724 3039 suno,
1737 2994 1797 3031 sed
1811 3006 1872 3031 ιιι.

325 3059 496 3088 manuum
515 3063 590 3088 esne
606 3051 779 3088 Christum
798 3056 943 3098 oportet.
977 3052 1046 3089 Sed
1068 3056 1244 3098 utcunque
1268 3050 1431 3098 adscripti
1448 3061 1468 3086 a
1483 3050 1579 3088 Beda
1594 3052 1708 3088 Martii
1725 3051 1796 3088 dies
1813 3050 1872 3087 ha—
