<?xml version="1.0" encoding="UTF-8"?>
<!DOCTYPE html PUBLIC "-//W3C//DTD XHTML 1.0 Transitional//EN"
    "http://www.w3.org/TR/xhtml1/DTD/xhtml1-transitional.dtd">
<html xmlns="http://www.w3.org/1999/xhtml" xml:lang="en" lang="en">
 <head>
  <title>
</title>
<meta http-equiv="Content-Type" content="text/html;charset=utf-8" />
  <meta name='ocr-system' content='tesseract 3.04.00' />
  <meta name='ocr-capabilities' content='ocr_page ocr_carea ocr_par ocr_line ocrx_word'/>
</head>
<body>
  <div class='ocr_page' id='page_1' title='image "./corporishaereseo03epip/corporishaereseo03epip_0143.png"; bbox 0 0 2008 3294; ppageno 0'>
   <div class='ocr_carea' id='block_1_1' title="bbox 1631 163 1698 200">
    <p class='ocr_par' dir='ltr' id='par_1_1' title="bbox 1631 163 1698 200">
     <span class='ocr_line' id='line_1_1' title="bbox 1631 163 1698 200; baseline 0.03 -2"><span class='ocrx_word' id='word_1_1' title='bbox 1631 163 1698 200; x_wconf 80' lang='lat' dir='ltr'><strong>XV</strong></span> 
     </span>
    </p>
   </div>
   <div class='ocr_carea' id='block_1_2' title="bbox 142 264 1700 428">
    <p class='ocr_par' dir='ltr' id='par_1_2' title="bbox 142 264 1700 428">
     <span class='ocr_line' id='line_1_2' title="bbox 143 264 1700 313; baseline -0.001 -10"><span class='ocrx_word' id='word_1_2' title='bbox 143 277 184 303; x_wconf 79' lang='lat' dir='ltr'><strong>ac</strong></span> <span class='ocrx_word' id='word_1_3' title='bbox 205 266 334 303; x_wconf 70' lang='lat' dir='ltr'><strong>falsam</strong></span> <span class='ocrx_word' id='word_1_4' title='bbox 352 268 511 303; x_wconf 82' lang='lat' dir='ltr'><strong>veterum</strong></span> <span class='ocrx_word' id='word_1_5' title='bbox 539 265 739 312; x_wconf 78' lang='lat' dir='ltr'>opinionem</span> <span class='ocrx_word' id='word_1_6' title='bbox 760 264 897 303; x_wconf 76' lang='lat' dir='ltr'><strong>veritati</strong></span> <span class='ocrx_word' id='word_1_7' title='bbox 922 265 1139 312; x_wconf 80' lang='lat' dir='ltr'><strong>praetulisse.</strong></span> <span class='ocrx_word' id='word_1_8' title='bbox 1185 265 1300 313; x_wconf 80' lang='lat' dir='ltr'>Atque</span> <span class='ocrx_word' id='word_1_9' title='bbox 1321 268 1363 302; x_wconf 86' lang='lat' dir='ltr'><strong>ut</strong></span> <span class='ocrx_word' id='word_1_10' title='bbox 1380 275 1502 302; x_wconf 80' lang='lat' dir='ltr'><strong>verum</strong></span> <span class='ocrx_word' id='word_1_11' title='bbox 1522 265 1642 302; x_wconf 75' lang='lat' dir='ltr'><strong>Inachi</strong></span> <span class='ocrx_word' id='word_1_12' title='bbox 1663 270 1700 302; x_wconf 88' lang='lat' dir='ltr'><strong>et</strong></span> 
     </span>
     <span class='ocr_line' id='line_1_3' title="bbox 142 321 1698 371; baseline -0.001 -11"><span class='ocrx_word' id='word_1_13' title='bbox 142 324 353 371; x_wconf 84' lang='lat' dir='ltr'><strong>Argivorum</strong></span> <span class='ocrx_word' id='word_1_14' title='bbox 373 323 475 370; x_wconf 84' lang='lat' dir='ltr'><strong>regni</strong></span> <span class='ocrx_word' id='word_1_15' title='bbox 494 322 635 359; x_wconf 86' lang='lat' dir='ltr'><strong>initium</strong></span> <span class='ocrx_word' id='word_1_16' title='bbox 658 326 815 368; x_wconf 83' lang='lat' dir='ltr'><strong>eruatur,</strong></span> <span class='ocrx_word' id='word_1_17' title='bbox 843 321 947 359; x_wconf 75' lang='lat' dir='ltr'><strong>huius</strong></span> <span class='ocrx_word' id='word_1_18' title='bbox 977 326 1134 358; x_wconf 79' lang='lat' dir='ltr'>extrem</span> <span class='ocrx_word' id='word_1_19' title='bbox 1154 326 1312 371; x_wconf 77' lang='lat' dir='ltr'><strong>tempora</strong></span> <span class='ocrx_word' id='word_1_20' title='bbox 1332 322 1583 371; x_wconf 76' lang='lat' dir='ltr'><strong>perscrutanda</strong></span> <span class='ocrx_word' id='word_1_21' title='bbox 1604 327 1698 367; x_wconf 88' lang='lat' dir='ltr'><strong>sunt,</strong></span> 
     </span>
     <span class='ocr_line' id='line_1_4' title="bbox 143 379 1698 428; baseline -0.001 -11"><span class='ocrx_word' id='word_1_22' title='bbox 143 386 248 428; x_wconf 86' lang='lat' dir='ltr'><strong>atque</strong></span> <span class='ocrx_word' id='word_1_23' title='bbox 263 381 300 417; x_wconf 90' lang='lat' dir='ltr'><strong>in</strong></span> <span class='ocrx_word' id='word_1_24' title='bbox 315 380 462 416; x_wconf 88' lang='lat' dir='ltr'><strong>termino</strong></span> <span class='ocrx_word' id='word_1_25' title='bbox 477 380 593 427; x_wconf 83' lang='lat' dir='ltr'><strong>aliquo</strong></span> <span class='ocrx_word' id='word_1_26' title='bbox 610 380 814 427; x_wconf 85' lang='lat' dir='ltr'><strong>defigendus</strong></span> <span class='ocrx_word' id='word_1_27' title='bbox 829 383 885 417; x_wconf 87' lang='lat' dir='ltr'><strong>est</strong></span> <span class='ocrx_word' id='word_1_28' title='bbox 897 379 1046 427; x_wconf 77' lang='lat' dir='ltr'><strong>gradus,</strong></span> <span class='ocrx_word' id='word_1_29' title='bbox 1062 379 1154 415; x_wconf 90' lang='lat' dir='ltr'><strong>unde</strong></span> <span class='ocrx_word' id='word_1_30' title='bbox 1169 380 1214 415; x_wconf 89' lang='lat' dir='ltr'><strong>ad</strong></span> <span class='ocrx_word' id='word_1_31' title='bbox 1229 381 1404 416; x_wconf 77' lang='lat' dir='ltr'><strong>anteriora</strong></span> <span class='ocrx_word' id='word_1_32' title='bbox 1413 380 1575 428; x_wconf 73' lang='lat' dir='ltr'>progredi</span> <span class='ocrx_word' id='word_1_33' title='bbox 1585 381 1698 416; x_wconf 82' lang='lat' dir='ltr'><strong>liceat.</strong></span> 
     </span>
    </p>
   </div>
   <div class='ocr_carea' id='block_1_3' title="bbox 142 437 1765 486">
    <p class='ocr_par' dir='ltr' id='par_1_3' title="bbox 142 437 1765 486">
     <span class='ocr_line' id='line_1_5' title="bbox 142 437 1765 486; baseline 0 -11"><span class='ocrx_word' id='word_1_34' title='bbox 142 440 241 475; x_wconf 84' lang='lat' dir='ltr'><strong>Duae</strong></span> <span class='ocrx_word' id='word_1_35' title='bbox 264 438 356 486; x_wconf 88' lang='lat' dir='ltr'><strong>apud</strong></span> <span class='ocrx_word' id='word_1_36' title='bbox 369 437 560 475; x_wconf 75' lang='lat' dir='ltr'>Eusebium</span> <span class='ocrx_word' id='word_1_37' title='bbox 574 437 755 484; x_wconf 79' lang='lat' dir='ltr'>dynastiae</span> <span class='ocrx_word' id='word_1_38' title='bbox 775 439 813 475; x_wconf 88' lang='lat' dir='ltr'><strong>in</strong></span> <span class='ocrx_word' id='word_1_39' title='bbox 835 437 990 480; x_wconf 79' lang='lat' dir='ltr'><strong>eiusdem</strong></span> <span class='ocrx_word' id='word_1_40' title='bbox 1008 437 1262 484; x_wconf 80' lang='lat' dir='ltr'><strong>propemodum</strong></span> <span class='ocrx_word' id='word_1_41' title='bbox 1280 439 1381 485; x_wconf 87' lang='lat' dir='ltr'><strong>regni</strong></span> <span class='ocrx_word' id='word_1_42' title='bbox 1401 439 1619 475; x_wconf 83' lang='lat' dir='ltr'><strong>successione</strong></span> <span class='ocrx_word' id='word_1_43' title='bbox 1637 450 1699 486; x_wconf 90' lang='lat' dir='ltr'><strong>po·</strong></span> <span class='ocrx_word' id='word_1_44' title='bbox 1759 449 1765 460; x_wconf 72' lang='lat'><em>¹</em></span> 
     </span>
    </p>
   </div>
   <div class='ocr_carea' id='block_1_4' title="bbox 136 491 1704 3070">
    <p class='ocr_par' dir='ltr' id='par_1_4' title="bbox 136 491 1703 1625">
     <span class='ocr_line' id='line_1_6' title="bbox 142 491 1698 544; baseline -0.001 -11"><span class='ocrx_word' id='word_1_45' title='bbox 142 500 290 534; x_wconf 84' lang='lat' dir='ltr'><strong>nuntur:</strong></span> <span class='ocrx_word' id='word_1_46' title='bbox 307 496 516 543; x_wconf 82' lang='lat' dir='ltr'><strong>Argivorum</strong></span> <span class='ocrx_word' id='word_1_47' title='bbox 531 506 602 530; x_wconf 86' lang='lat' dir='ltr'><strong>una</strong></span> <span class='ocrx_word' id='word_1_48' title='bbox 617 494 772 542; x_wconf 83' lang='lat' dir='ltr'><strong>Regum,</strong></span> <span class='ocrx_word' id='word_1_49' title='bbox 786 491 1056 543; x_wconf 67' lang='lat' dir='ltr'><strong>Mycemomm</strong></span> <span class='ocrx_word' id='word_1_50' title='bbox 1072 494 1193 531; x_wconf 87' lang='lat' dir='ltr'><strong>altera.</strong></span> <span class='ocrx_word' id='word_1_51' title='bbox 1228 495 1437 542; x_wconf 86' lang='lat' dir='ltr'><strong>Argivorum</strong></span> <span class='ocrx_word' id='word_1_52' title='bbox 1452 507 1577 544; x_wconf 87' lang='lat' dir='ltr'><strong>regum</strong></span> <span class='ocrx_word' id='word_1_53' title='bbox 1592 497 1698 532; x_wconf 87' lang='lat' dir='ltr'><strong>series</strong></span> 
     </span>
     <span class='ocr_line' id='line_1_7' title="bbox 143 551 1699 601; baseline 0 -11"><span class='ocrx_word' id='word_1_54' title='bbox 143 555 188 591; x_wconf 81' lang='lat' dir='ltr'><strong>ab</strong></span> <span class='ocrx_word' id='word_1_55' title='bbox 202 553 332 594; x_wconf 80' lang='lat' dir='ltr'><strong>Inacho</strong></span> <span class='ocrx_word' id='word_1_56' title='bbox 353 556 477 600; x_wconf 83' lang='lat' dir='ltr'><strong>coepta</strong></span> <span class='ocrx_word' id='word_1_57' title='bbox 490 552 536 587; x_wconf 81' lang='lat' dir='ltr'><strong>ad</strong></span> <span class='ocrx_word' id='word_1_58' title='bbox 550 552 723 589; x_wconf 80' lang='lat' dir='ltr'><strong>Acrisium</strong></span> <span class='ocrx_word' id='word_1_59' title='bbox 738 563 851 600; x_wconf 82' lang='lat' dir='ltr'><strong>usque</strong></span> <span class='ocrx_word' id='word_1_60' title='bbox 867 551 1036 600; x_wconf 76' lang='lat' dir='ltr'><strong>perducta</strong></span> <span class='ocrx_word' id='word_1_61' title='bbox 1056 554 1128 595; x_wconf 86' lang='lat' dir='ltr'><strong>est,</strong></span> <span class='ocrx_word' id='word_1_62' title='bbox 1148 562 1351 599; x_wconf 80' lang='lat' dir='ltr'><strong>quanquam</strong></span> <span class='ocrx_word' id='word_1_63' title='bbox 1366 553 1484 590; x_wconf 79' lang='lat' dir='ltr'><strong>Inachi</strong></span> <span class='ocrx_word' id='word_1_64' title='bbox 1499 555 1643 601; x_wconf 78' lang='lat' dir='ltr'><strong>stirpem</strong></span> <span class='ocrx_word' id='word_1_65' title='bbox 1658 565 1699 589; x_wconf 87' lang='lat' dir='ltr'><strong>ac</strong></span> 
     </span>
     <span class='ocr_line' id='line_1_8' title="bbox 141 608 1700 658; baseline 0 -11"><span class='ocrx_word' id='word_1_66' title='bbox 141 611 313 648; x_wconf 78' lang='lat' dir='ltr'><strong>familiam</strong></span> <span class='ocrx_word' id='word_1_67' title='bbox 333 609 521 646; x_wconf 82' lang='lat' dir='ltr'><strong>Sthenelus</strong></span> <span class='ocrx_word' id='word_1_68' title='bbox 541 610 688 646; x_wconf 79' lang='lat' dir='ltr'><strong>claudit:</strong></span> <span class='ocrx_word' id='word_1_69' title='bbox 713 621 783 657; x_wconf 87' lang='lat' dir='ltr'><strong>quo</strong></span> <span class='ocrx_word' id='word_1_70' title='bbox 805 611 960 653; x_wconf 86' lang='lat' dir='ltr'><strong>mortuo,</strong></span> <span class='ocrx_word' id='word_1_71' title='bbox 981 609 1020 645; x_wconf 86' lang='lat' dir='ltr'><strong>iu</strong></span> <span class='ocrx_word' id='word_1_72' title='bbox 1034 608 1197 645; x_wconf 85' lang='lat' dir='ltr'><strong>Danaum</strong></span> <span class='ocrx_word' id='word_1_73' title='bbox 1219 611 1442 656; x_wconf 84' lang='lat' dir='ltr'><strong>peregrinum</strong></span> <span class='ocrx_word' id='word_1_74' title='bbox 1465 614 1569 658; x_wconf 84' lang='lat' dir='ltr'><strong>atque</strong></span> <span class='ocrx_word' id='word_1_75' title='bbox 1584 612 1700 658; x_wconf 76' lang='lat' dir='ltr'><strong>Aegy·</strong></span> 
     </span>
     <span class='ocr_line' id='line_1_9' title="bbox 141 665 1700 717; baseline 0.001 -13"><span class='ocrx_word' id='word_1_76' title='bbox 141 669 256 717; x_wconf 88' lang='lat' dir='ltr'><strong>ptium</strong></span> <span class='ocrx_word' id='word_1_77' title='bbox 269 669 326 704; x_wconf 87' lang='lat' dir='ltr'><strong>ius</strong></span> <span class='ocrx_word' id='word_1_78' title='bbox 341 671 397 703; x_wconf 87' lang='lat' dir='ltr'><strong>est</strong></span> <span class='ocrx_word' id='word_1_79' title='bbox 410 668 455 704; x_wconf 89' lang='lat' dir='ltr'><strong>ab</strong></span> <span class='ocrx_word' id='word_1_80' title='bbox 469 667 608 714; x_wconf 82' lang='lat' dir='ltr'><strong>Argivis</strong></span> <span class='ocrx_word' id='word_1_81' title='bbox 624 667 760 714; x_wconf 88' lang='lat' dir='ltr'><strong>imperii</strong></span> <span class='ocrx_word' id='word_1_82' title='bbox 773 667 990 704; x_wconf 66' lang='lat' dir='ltr'><strong>translatum.</strong></span> <span class='ocrx_word' id='word_1_83' title='bbox 1013 665 1187 714; x_wconf 83' lang='lat' dir='ltr'><strong>Deinceps</strong></span> <span class='ocrx_word' id='word_1_84' title='bbox 1203 677 1225 702; x_wconf 84' lang='lat' dir='ltr'><strong>a</strong></span> <span class='ocrx_word' id='word_1_85' title='bbox 1239 666 1360 703; x_wconf 80' lang='lat' dir='ltr'><strong>Danao</strong></span> <span class='ocrx_word' id='word_1_86' title='bbox 1375 668 1420 703; x_wconf 80' lang='lat' dir='ltr'><strong>ad</strong></span> <span class='ocrx_word' id='word_1_87' title='bbox 1434 669 1607 705; x_wconf 72' lang='lat' dir='ltr'><strong>Acrisium</strong></span> <span class='ocrx_word' id='word_1_88' title='bbox 1622 680 1700 716; x_wconf 90' lang='lat' dir='ltr'><strong>pro·</strong></span> 
     </span>
     <span class='ocr_line' id='line_1_10' title="bbox 142 724 1701 774; baseline 0.001 -12"><span class='ocrx_word' id='word_1_89' title='bbox 142 729 272 774; x_wconf 83' lang='lat' dir='ltr'><strong>pagata</strong></span> <span class='ocrx_word' id='word_1_90' title='bbox 294 725 472 761; x_wconf 78' lang='lat' dir='ltr'><strong>successio</strong></span> <span class='ocrx_word' id='word_1_91' title='bbox 495 728 560 760; x_wconf 86' lang='lat' dir='ltr'><strong>est.</strong></span> <span class='ocrx_word' id='word_1_92' title='bbox 602 725 714 767; x_wconf 84' lang='lat' dir='ltr'><strong>Quem</strong></span> <span class='ocrx_word' id='word_1_93' title='bbox 735 736 815 761; x_wconf 90' lang='lat' dir='ltr'><strong>cum</strong></span> <span class='ocrx_word' id='word_1_94' title='bbox 834 725 980 761; x_wconf 80' lang='lat' dir='ltr'><strong>Perseus</strong></span> <span class='ocrx_word' id='word_1_95' title='bbox 1001 735 1113 771; x_wconf 80' lang='lat' dir='ltr'><strong>nepos</strong></span> <span class='ocrx_word' id='word_1_96' title='bbox 1132 734 1195 771; x_wconf 85' lang='lat' dir='ltr'><strong>per</strong></span> <span class='ocrx_word' id='word_1_97' title='bbox 1213 724 1484 771; x_wconf 82' lang='lat' dir='ltr'><strong>imprudentiam</strong></span> <span class='ocrx_word' id='word_1_98' title='bbox 1507 726 1701 770; x_wconf 77' lang='lat' dir='ltr'><strong>occidisset,</strong></span> 
     </span>
     <span class='ocr_line' id='line_1_11' title="bbox 141 780 1701 831; baseline -0.001 -9"><span class='ocrx_word' id='word_1_99' title='bbox 141 785 309 831; x_wconf 74' lang='lat' dir='ltr'><strong>Mycenas</strong></span> <span class='ocrx_word' id='word_1_100' title='bbox 330 793 408 819; x_wconf 78' lang='lat' dir='ltr'><strong>sese</strong></span> <span class='ocrx_word' id='word_1_101' title='bbox 430 782 596 826; x_wconf 86' lang='lat' dir='ltr'><strong>contulit,</strong></span> <span class='ocrx_word' id='word_1_102' title='bbox 618 783 680 818; x_wconf 88' lang='lat' dir='ltr'><strong>ubi</strong></span> <span class='ocrx_word' id='word_1_103' title='bbox 693 783 751 819; x_wconf 85' lang='lat' dir='ltr'><strong>vel</strong></span> <span class='ocrx_word' id='word_1_104' title='bbox 771 783 816 818; x_wconf 84' lang='lat' dir='ltr'><strong>ab</strong></span> <span class='ocrx_word' id='word_1_105' title='bbox 836 782 915 830; x_wconf 85' lang='lat' dir='ltr'><strong>ipso</strong></span> <span class='ocrx_word' id='word_1_106' title='bbox 929 781 987 818; x_wconf 77' lang='lat' dir='ltr'><strong>vel</strong></span> <span class='ocrx_word' id='word_1_107' title='bbox 1007 781 1054 817; x_wconf 80' lang='lat' dir='ltr'><strong>ab</strong></span> <span class='ocrx_word' id='word_1_108' title='bbox 1077 781 1153 816; x_wconf 83' lang='lat' dir='ltr'><strong>eius</strong></span> <span class='ocrx_word' id='word_1_109' title='bbox 1174 780 1248 817; x_wconf 82' lang='lat' dir='ltr'><strong>filio</strong></span> <span class='ocrx_word' id='word_1_110' title='bbox 1271 781 1436 818; x_wconf 81' lang='lat' dir='ltr'><strong>Sthenelo</strong></span> <span class='ocrx_word' id='word_1_111' title='bbox 1460 784 1701 820; x_wconf 86' lang='lat' dir='ltr'><strong>continuatum</strong></span> 
     </span>
     <span class='ocr_line' id='line_1_12' title="bbox 143 837 1700 887; baseline 0.001 -10"><span class='ocrx_word' id='word_1_112' title='bbox 143 845 197 877; x_wconf 89' lang='lat' dir='ltr'><strong>est</strong></span> <span class='ocrx_word' id='word_1_113' title='bbox 217 841 429 887; x_wconf 86' lang='lat' dir='ltr'><strong>Argivorum</strong></span> <span class='ocrx_word' id='word_1_114' title='bbox 450 850 600 886; x_wconf 85' lang='lat' dir='ltr'><strong>regnum</strong></span> <span class='ocrx_word' id='word_1_115' title='bbox 623 843 659 875; x_wconf 86' lang='lat' dir='ltr'><strong>et</strong></span> <span class='ocrx_word' id='word_1_116' title='bbox 680 837 911 887; x_wconf 75' lang='lat' dir='ltr'><strong>Mycenaeum</strong></span> <span class='ocrx_word' id='word_1_117' title='bbox 937 838 1162 887; x_wconf 74' lang='lat' dir='ltr'><strong>appellatum.</strong></span> <span class='ocrx_word' id='word_1_118' title='bbox 1209 837 1361 875; x_wconf 80' lang='lat' dir='ltr'><strong>Ultimus</strong></span> <span class='ocrx_word' id='word_1_119' title='bbox 1390 850 1514 886; x_wconf 85' lang='lat' dir='ltr'><strong>regum</strong></span> <span class='ocrx_word' id='word_1_120' title='bbox 1542 841 1700 884; x_wconf 85' lang='lat' dir='ltr'><strong>istorum,</strong></span> 
     </span>
     <span class='ocr_line' id='line_1_13' title="bbox 142 895 1701 945; baseline -0.001 -11"><span class='ocrx_word' id='word_1_121' title='bbox 142 898 240 935; x_wconf 83' lang='lat' dir='ltr'><strong>cuius</strong></span> <span class='ocrx_word' id='word_1_122' title='bbox 256 897 396 945; x_wconf 86' lang='lat' dir='ltr'><strong>quidem</strong></span> <span class='ocrx_word' id='word_1_123' title='bbox 410 897 581 932; x_wconf 82' lang='lat' dir='ltr'><strong>rationem</strong></span> <span class='ocrx_word' id='word_1_124' title='bbox 595 897 765 933; x_wconf 85' lang='lat' dir='ltr'><strong>Eusebius</strong></span> <span class='ocrx_word' id='word_1_125' title='bbox 780 896 924 941; x_wconf 75' lang='lat' dir='ltr'><strong>habeat,</strong></span> <span class='ocrx_word' id='word_1_126' title='bbox 943 897 1189 943; x_wconf 71' lang='lat' dir='ltr'><strong>Agamemnon</strong></span> <span class='ocrx_word' id='word_1_127' title='bbox 1203 895 1287 932; x_wconf 72' lang='lat' dir='ltr'><strong>luit:</strong></span> <span class='ocrx_word' id='word_1_128' title='bbox 1309 907 1379 944; x_wconf 78' lang='lat' dir='ltr'><strong>quo</strong></span> <span class='ocrx_word' id='word_1_129' title='bbox 1399 897 1608 945; x_wconf 80' lang='lat' dir='ltr'><strong>interempto</strong></span> <span class='ocrx_word' id='word_1_130' title='bbox 1624 899 1701 944; x_wconf 76' lang='lat' dir='ltr'><strong>My-</strong></span> 
     </span>
     <span class='ocr_line' id='line_1_14' title="bbox 141 953 1701 1001; baseline -0.001 -9"><span class='ocrx_word' id='word_1_131' title='bbox 141 965 348 992; x_wconf 79' lang='lat' dir='ltr'><strong>cenaeorum</strong></span> <span class='ocrx_word' id='word_1_132' title='bbox 361 964 513 1001; x_wconf 84' lang='lat' dir='ltr'><strong>regnum</strong></span> <span class='ocrx_word' id='word_1_133' title='bbox 526 955 563 990; x_wconf 90' lang='lat' dir='ltr'><strong>in</strong></span> <span class='ocrx_word' id='word_1_134' title='bbox 580 955 732 991; x_wconf 87' lang='lat' dir='ltr'><strong>secundo</strong></span> <span class='ocrx_word' id='word_1_135' title='bbox 748 954 918 990; x_wconf 78' lang='lat' dir='ltr'><strong>Chronico</strong></span> <span class='ocrx_word' id='word_1_136' title='bbox 931 953 1138 992; x_wconf 78' lang='lat' dir='ltr'><strong>terminatur</strong></span> <span class='ocrx_word' id='word_1_137' title='bbox 1154 964 1248 989; x_wconf 74' lang='lat' dir='ltr'><strong>auno</strong></span> <span class='ocrx_word' id='word_1_138' title='bbox 1271 954 1410 998; x_wconf 86' lang='lat' dir='ltr'><strong>eodem,</strong></span> <span class='ocrx_word' id='word_1_139' title='bbox 1432 965 1502 1001; x_wconf 87' lang='lat' dir='ltr'><strong>quo</strong></span> <span class='ocrx_word' id='word_1_140' title='bbox 1526 955 1701 990; x_wconf 84' lang='lat' dir='ltr'><strong>excidium</strong></span> 
     </span>
     <span class='ocr_line' id='line_1_15' title="bbox 142 1009 1701 1058; baseline -0.001 -9"><span class='ocrx_word' id='word_1_141' title='bbox 142 1011 333 1049; x_wconf 83' lang='lat' dir='ltr'><strong>Troianum</strong></span> <span class='ocrx_word' id='word_1_142' title='bbox 355 1012 491 1048; x_wconf 85' lang='lat' dir='ltr'><strong>accidit.</strong></span> <span class='ocrx_word' id='word_1_143' title='bbox 536 1012 624 1048; x_wconf 86' lang='lat' dir='ltr'><strong>Vide</strong></span> <span class='ocrx_word' id='word_1_144' title='bbox 645 1012 856 1048; x_wconf 76' lang='lat' dir='ltr'><strong>Pausaniam</strong></span> <span class='ocrx_word' id='word_1_145' title='bbox 878 1009 1118 1049; x_wconf 79' lang='lat' dir='ltr'><strong>Oorinthincis.</strong></span> <span class='ocrx_word' id='word_1_146' title='bbox 1162 1010 1239 1047; x_wconf 76' lang='lat' dir='ltr'><strong>Iam</strong></span> <span class='ocrx_word' id='word_1_147' title='bbox 1261 1010 1472 1058; x_wconf 80' lang='lat' dir='ltr'><strong>Argivorum</strong></span> <span class='ocrx_word' id='word_1_148' title='bbox 1493 1012 1701 1058; x_wconf 78' lang='lat' dir='ltr'><strong>Mycenaeo-</strong></span> 
     </span>
     <span class='ocr_line' id='line_1_16' title="bbox 141 1068 1701 1117; baseline -0.001 -11"><span class='ocrx_word' id='word_1_149' title='bbox 141 1080 288 1117; x_wconf 85' lang='lat' dir='ltr'><strong>rumque</strong></span> <span class='ocrx_word' id='word_1_150' title='bbox 302 1079 428 1116; x_wconf 85' lang='lat' dir='ltr'><strong>regum</strong></span> <span class='ocrx_word' id='word_1_151' title='bbox 444 1070 617 1105; x_wconf 87' lang='lat' dir='ltr'><strong>successio</strong></span> <span class='ocrx_word' id='word_1_152' title='bbox 634 1070 802 1117; x_wconf 86' lang='lat' dir='ltr'><strong>annique,</strong></span> <span class='ocrx_word' id='word_1_153' title='bbox 823 1069 952 1116; x_wconf 80' lang='lat' dir='ltr'><strong>quibus</strong></span> <span class='ocrx_word' id='word_1_154' title='bbox 975 1069 1205 1116; x_wconf 75' lang='lat' dir='ltr'><strong>imperarunt,</strong></span> <span class='ocrx_word' id='word_1_155' title='bbox 1221 1069 1316 1104; x_wconf 80' lang='lat' dir='ltr'><strong>varie</strong></span> <span class='ocrx_word' id='word_1_156' title='bbox 1332 1069 1377 1104; x_wconf 78' lang='lat' dir='ltr'><strong>ab</strong></span> <span class='ocrx_word' id='word_1_157' title='bbox 1392 1068 1544 1105; x_wconf 81' lang='lat' dir='ltr'><strong>Eusebio</strong></span> <span class='ocrx_word' id='word_1_158' title='bbox 1560 1069 1701 1104; x_wconf 79' lang='lat' dir='ltr'><strong>tradun-</strong></span> 
     </span>
     <span class='ocr_line' id='line_1_17' title="bbox 142 1124 1702 1174; baseline -0.001 -11"><span class='ocrx_word' id='word_1_159' title='bbox 142 1131 200 1165; x_wconf 82' lang='lat' dir='ltr'><strong>tur</strong></span> <span class='ocrx_word' id='word_1_160' title='bbox 213 1127 252 1164; x_wconf 83' lang='lat' dir='ltr'><strong>in</strong></span> <span class='ocrx_word' id='word_1_161' title='bbox 267 1130 415 1174; x_wconf 86' lang='lat' dir='ltr'><strong>utroque</strong></span> <span class='ocrx_word' id='word_1_162' title='bbox 427 1126 586 1164; x_wconf 75' lang='lat' dir='ltr'><strong>Chronic.</strong></span> <span class='ocrx_word' id='word_1_163' title='bbox 599 1127 659 1163; x_wconf 90' lang='lat' dir='ltr'><strong>lib.</strong></span> <span class='ocrx_word' id='word_1_164' title='bbox 668 1127 723 1163; x_wconf 76' lang='lat'><strong>20.</strong></span> <span class='ocrx_word' id='word_1_165' title='bbox 746 1126 836 1163; x_wconf 84' lang='lat' dir='ltr'><strong>Nam</strong></span> <span class='ocrx_word' id='word_1_166' title='bbox 850 1126 889 1162; x_wconf 87' lang='lat' dir='ltr'><strong>in</strong></span> <span class='ocrx_word' id='word_1_167' title='bbox 904 1126 1094 1174; x_wconf 73' lang='lat' dir='ltr'><strong>posteriore</strong></span> <span class='ocrx_word' id='word_1_168' title='bbox 1108 1126 1154 1162; x_wconf 81' lang='lat' dir='ltr'><strong>ab</strong></span> <span class='ocrx_word' id='word_1_169' title='bbox 1169 1125 1313 1162; x_wconf 83' lang='lat' dir='ltr'><strong>exordio</strong></span> <span class='ocrx_word' id='word_1_170' title='bbox 1329 1124 1447 1162; x_wconf 76' lang='lat' dir='ltr'><strong>Inachi</strong></span> <span class='ocrx_word' id='word_1_171' title='bbox 1460 1126 1702 1162; x_wconf 76' lang='lat' dir='ltr'><strong>ad&#39;l&#39;roianum</strong></span> 
     </span>
     <span class='ocr_line' id='line_1_18' title="bbox 143 1183 1701 1231; baseline -0.001 -11"><span class='ocrx_word' id='word_1_172' title='bbox 143 1184 267 1220; x_wconf 74' lang='grc' dir='ltr'>ἅλωσιν</span> <span class='ocrx_word' id='word_1_173' title='bbox 291 1185 374 1221; x_wconf 87' lang='lat' dir='ltr'><strong>anni</strong></span> <span class='ocrx_word' id='word_1_174' title='bbox 397 1188 624 1220; x_wconf 85' lang='lat' dir='ltr'><strong>numerantur</strong></span> <span class='ocrx_word' id='word_1_175' title='bbox 646 1183 730 1228; x_wconf 81' lang='lat'><strong>675,</strong></span> <span class='ocrx_word' id='word_1_176' title='bbox 751 1183 790 1220; x_wconf 88' lang='lat' dir='ltr'><strong>in</strong></span> <span class='ocrx_word' id='word_1_177' title='bbox 810 1184 919 1231; x_wconf 82' lang='lat' dir='ltr'><strong>priori</strong></span> <span class='ocrx_word' id='word_1_178' title='bbox 938 1183 1015 1220; x_wconf 81' lang='lat'><strong>655.</strong></span> <span class='ocrx_word' id='word_1_179' title='bbox 1049 1183 1251 1220; x_wconf 85' lang='lat' dir='ltr'><strong>Secundum</strong></span> <span class='ocrx_word' id='word_1_180' title='bbox 1272 1183 1474 1230; x_wconf 88' lang='lat' dir='ltr'><strong>posterioris</strong></span> <span class='ocrx_word' id='word_1_181' title='bbox 1497 1184 1576 1220; x_wconf 87' lang='lat' dir='ltr'><strong>libri</strong></span> <span class='ocrx_word' id='word_1_182' title='bbox 1597 1184 1701 1220; x_wconf 78' lang='lat' dir='ltr'><strong>ratio-</strong></span> 
     </span>
     <span class='ocr_line' id='line_1_19' title="bbox 136 1240 1702 1290; baseline -0.002 -11"><span class='ocrx_word' id='word_1_183' title='bbox 136 1243 237 1279; x_wconf 81' lang='lat' dir='ltr'><strong>·cim&#39;a</strong></span> <span class='ocrx_word' id='word_1_184' title='bbox 246 1270 255 1286; x_wconf 97' lang='lat'>‚</span> <span class='ocrx_word' id='word_1_185' title='bbox 272 1253 376 1290; x_wconf 89' lang='lat' dir='ltr'><strong>quem</strong></span> <span class='ocrx_word' id='word_1_186' title='bbox 391 1243 575 1290; x_wconf 70' lang='lat' dir='ltr'><strong>praecipue</strong></span> <span class='ocrx_word' id='word_1_187' title='bbox 591 1242 782 1289; x_wconf 83' lang='lat' dir='ltr'><strong>sequimur,</strong></span> <span class='ocrx_word' id='word_1_188' title='bbox 797 1251 879 1277; x_wconf 86' lang='lat' dir='ltr'><strong>cum</strong></span> <span class='ocrx_word' id='word_1_189' title='bbox 889 1241 1079 1278; x_wconf 81' lang='lat' dir='ltr'><strong>Troianum</strong></span> <span class='ocrx_word' id='word_1_190' title='bbox 1090 1240 1267 1277; x_wconf 86' lang='lat' dir='ltr'><strong>excidium</strong></span> <span class='ocrx_word' id='word_1_191' title='bbox 1278 1244 1451 1288; x_wconf 77' lang='lat' dir='ltr'><strong>congruet</strong></span> <span class='ocrx_word' id='word_1_192' title='bbox 1465 1251 1557 1277; x_wconf 73' lang='lat' dir='ltr'><strong>mne</strong></span> <span class='ocrx_word' id='word_1_193' title='bbox 1570 1240 1702 1288; x_wconf 87' lang='lat' dir='ltr'><strong>periodi</strong></span> 
     </span>
     <span class='ocr_line' id='line_1_20' title="bbox 142 1298 1701 1346; baseline -0.001 -10"><span class='ocrx_word' id='word_1_194' title='bbox 142 1301 206 1337; x_wconf 87' lang='lat' dir='ltr'><strong>Iul.</strong></span> <span class='ocrx_word' id='word_1_195' title='bbox 221 1300 341 1344; x_wconf 62' lang='lat'>3530„</span> <span class='ocrx_word' id='word_1_196' title='bbox 372 1300 495 1336; x_wconf 91' lang='lat' dir='ltr'><strong>mundi</strong></span> <span class='ocrx_word' id='word_1_197' title='bbox 510 1299 629 1343; x_wconf 79' lang='lat'><strong>2800..</strong></span> <span class='ocrx_word' id='word_1_198' title='bbox 657 1298 808 1335; x_wconf 79' lang='lat' dir='ltr'><strong>Inachus</strong></span> <span class='ocrx_word' id='word_1_199' title='bbox 830 1310 922 1335; x_wconf 84' lang='lat' dir='ltr'><strong>auno</strong></span> <span class='ocrx_word' id='word_1_200' title='bbox 945 1302 1027 1335; x_wconf 83' lang='lat' dir='ltr'><strong>ante</strong></span> <span class='ocrx_word' id='word_1_201' title='bbox 1049 1298 1141 1335; x_wconf 88' lang='lat' dir='ltr'><strong>huuc</strong></span> <span class='ocrx_word' id='word_1_202' title='bbox 1164 1299 1420 1335; x_wconf 87' lang='lat' dir='ltr'><strong>sexcentesimo</strong></span> <span class='ocrx_word' id='word_1_203' title='bbox 1442 1299 1701 1346; x_wconf 78' lang='lat' dir='ltr'><strong>septuagesimo</strong></span> 
     </span>
     <span class='ocr_line' id='line_1_21' title="bbox 143 1355 1703 1406; baseline -0.001 -12"><span class='ocrx_word' id='word_1_204' title='bbox 143 1362 268 1406; x_wconf 82' lang='lat' dir='ltr'><strong>quarto</strong></span> <span class='ocrx_word' id='word_1_205' title='bbox 285 1357 399 1405; x_wconf 85' lang='lat' dir='ltr'><strong>coepit</strong></span> <span class='ocrx_word' id='word_1_206' title='bbox 411 1357 544 1405; x_wconf 88' lang='lat' dir='ltr'><strong>periodi</strong></span> <span class='ocrx_word' id='word_1_207' title='bbox 558 1358 622 1394; x_wconf 84' lang='lat' dir='ltr'><strong>Iul.</strong></span> <span class='ocrx_word' id='word_1_208' title='bbox 637 1356 756 1401; x_wconf 66' lang='lat'><strong>2856„</strong></span> <span class='ocrx_word' id='word_1_209' title='bbox 777 1357 900 1393; x_wconf 86' lang='lat' dir='ltr'><strong>mundi</strong></span> <span class='ocrx_word' id='word_1_210' title='bbox 915 1356 1023 1393; x_wconf 77' lang='lat'><strong>2126:</strong></span> <span class='ocrx_word' id='word_1_211' title='bbox 1045 1360 1126 1404; x_wconf 88' lang='lat' dir='ltr'><strong>post</strong></span> <span class='ocrx_word' id='word_1_212' title='bbox 1139 1355 1310 1393; x_wconf 79' lang='lat' dir='ltr'><strong>diluvium</strong></span> <span class='ocrx_word' id='word_1_213' title='bbox 1322 1356 1420 1400; x_wconf 67' lang='lat'><strong>471„</strong></span> <span class='ocrx_word' id='word_1_214' title='bbox 1442 1359 1523 1404; x_wconf 84' lang='lat' dir='ltr'><strong>post</strong></span> <span class='ocrx_word' id='word_1_215' title='bbox 1536 1356 1703 1392; x_wconf 79' lang='lat' dir='ltr'><strong>Abraami</strong></span> 
     </span>
     <span class='ocr_line' id='line_1_22' title="bbox 143 1413 1702 1463; baseline -0.001 -11"><span class='ocrx_word' id='word_1_216' title='bbox 143 1420 259 1453; x_wconf 85' lang='lat' dir='ltr'><strong>ortum</strong></span> <span class='ocrx_word' id='word_1_217' title='bbox 278 1415 353 1454; x_wconf 80' lang='lat'><strong>179.</strong></span> <span class='ocrx_word' id='word_1_218' title='bbox 393 1415 549 1462; x_wconf 81' lang='lat' dir='ltr'><strong>Cumque</strong></span> <span class='ocrx_word' id='word_1_219' title='bbox 573 1414 749 1451; x_wconf 69' lang='lat' dir='ltr'><strong>israelitae</strong></span> <span class='ocrx_word' id='word_1_220' title='bbox 769 1425 862 1452; x_wconf 81' lang='lat' dir='ltr'><strong>anno</strong></span> <span class='ocrx_word' id='word_1_221' title='bbox 885 1426 958 1463; x_wconf 88' lang='lat' dir='ltr'><strong>per.</strong></span> <span class='ocrx_word' id='word_1_222' title='bbox 980 1414 1045 1451; x_wconf 87' lang='lat' dir='ltr'><strong>Iul.</strong></span> <span class='ocrx_word' id='word_1_223' title='bbox 1060 1413 1180 1458; x_wconf 69' lang='lat'><strong>3183„</strong></span> <span class='ocrx_word' id='word_1_224' title='bbox 1201 1414 1325 1452; x_wconf 82' lang='lat' dir='ltr'><strong>mundi</strong></span> <span class='ocrx_word' id='word_1_225' title='bbox 1339 1414 1456 1458; x_wconf 71' lang='lat'>2453„</span> <span class='ocrx_word' id='word_1_226' title='bbox 1480 1425 1527 1450; x_wconf 79' lang='lat' dir='ltr'><strong>ex</strong></span> <span class='ocrx_word' id='word_1_227' title='bbox 1541 1415 1702 1462; x_wconf 70' lang='lat' dir='ltr'><strong>Aegypto</strong></span> 
     </span>
     <span class='ocr_line' id='line_1_23' title="bbox 141 1472 1702 1521; baseline -0.002 -11"><span class='ocrx_word' id='word_1_228' title='bbox 141 1474 385 1520; x_wconf 73' lang='lat' dir='ltr'><strong>migraverint,</strong></span> <span class='ocrx_word' id='word_1_229' title='bbox 401 1472 520 1509; x_wconf 84' lang='lat' dir='ltr'><strong>Inachi</strong></span> <span class='ocrx_word' id='word_1_230' title='bbox 533 1473 759 1520; x_wconf 81' lang='lat' dir='ltr'><strong>primordium</strong></span> <span class='ocrx_word' id='word_1_231' title='bbox 770 1473 904 1520; x_wconf 76' lang='lat' dir='ltr'><strong>Moysis</strong></span> <span class='ocrx_word' id='word_1_232' title='bbox 915 1473 1150 1521; x_wconf 69' lang='lat' dir='ltr'><strong>principatum</strong></span> <span class='ocrx_word' id='word_1_233' title='bbox 1161 1472 1334 1508; x_wconf 79' lang='lat' dir='ltr'><strong>antecedit</strong></span> <span class='ocrx_word' id='word_1_234' title='bbox 1349 1473 1452 1509; x_wconf 76' lang='lat' dir='ltr'><strong>aunis</strong></span> <span class='ocrx_word' id='word_1_235' title='bbox 1463 1472 1536 1508; x_wconf 72' lang='lat' dir='ltr'><strong>iere</strong></span> <span class='ocrx_word' id='word_1_236' title='bbox 1548 1482 1702 1509; x_wconf 81' lang='lat' dir='ltr'><strong>cccxxv.</strong></span> 
     </span>
     <span class='ocr_line' id='line_1_24' title="bbox 142 1529 1702 1579; baseline -0.001 -12"><span class='ocrx_word' id='word_1_237' title='bbox 142 1531 294 1567; x_wconf 79' lang='lat' dir='ltr'><strong>&#39;Tantum</strong></span> <span class='ocrx_word' id='word_1_238' title='bbox 314 1535 473 1567; x_wconf 79' lang='lat' dir='ltr'><strong>veterum</strong></span> <span class='ocrx_word' id='word_1_239' title='bbox 502 1531 709 1579; x_wconf 87' lang='lat' dir='ltr'><strong>scriptorum</strong></span> <span class='ocrx_word' id='word_1_240' title='bbox 737 1534 774 1567; x_wconf 91' lang='lat' dir='ltr'><strong>et</strong></span> <span class='ocrx_word' id='word_1_241' title='bbox 794 1530 980 1579; x_wconf 79' lang='lat' dir='ltr'><strong>Epiphanii</strong></span> <span class='ocrx_word' id='word_1_242' title='bbox 1001 1529 1228 1578; x_wconf 76' lang='lat' dir='ltr'><strong>chronologia</strong></span> <span class='ocrx_word' id='word_1_243' title='bbox 1255 1540 1278 1566; x_wconf 79' lang='lat' dir='ltr'><strong>a</strong></span> <span class='ocrx_word' id='word_1_244' title='bbox 1299 1530 1392 1566; x_wconf 79' lang='lat' dir='ltr'><strong>veris</strong></span> <span class='ocrx_word' id='word_1_245' title='bbox 1420 1533 1618 1578; x_wconf 77' lang='lat' dir='ltr'><strong>temporum</strong></span> <span class='ocrx_word' id='word_1_246' title='bbox 1647 1540 1702 1566; x_wconf 80' lang='lat' dir='ltr'><strong>ra-</strong></span> 
     </span>
     <span class='ocr_line' id='line_1_25' title="bbox 142 1589 467 1625; baseline 0 -1"><span class='ocrx_word' id='word_1_247' title='bbox 142 1589 296 1625; x_wconf 90' lang='lat' dir='ltr'><strong>tionibus</strong></span> <span class='ocrx_word' id='word_1_248' title='bbox 321 1589 467 1625; x_wconf 89' lang='lat' dir='ltr'><strong>aberrat.</strong></span> 
     </span>
    </p>

    <p class='ocr_par' dir='ltr' id='par_1_5' title="bbox 137 1642 1704 2440">
     <span class='ocr_line' id='line_1_26' title="bbox 234 1642 1702 1694; baseline -0.001 -12"><span class='ocrx_word' id='word_1_249' title='bbox 234 1642 284 1682; x_wconf 69' lang='lat' dir='ltr'><strong>0ss</strong></span> <span class='ocrx_word' id='word_1_250' title='bbox 302 1644 444 1693; x_wconf 78' lang='grc' dir='ltr'>θυγάτηρ</span> <span class='ocrx_word' id='word_1_251' title='bbox 461 1643 548 1694; x_wconf 86' lang='grc' dir='ltr'><strong>Ἴω.]</strong></span> <span class='ocrx_word' id='word_1_252' title='bbox 583 1646 678 1683; x_wconf 83' lang='lat' dir='ltr'><strong>Haec</strong></span> <span class='ocrx_word' id='word_1_253' title='bbox 693 1656 739 1683; x_wconf 87' lang='lat' dir='ltr'><strong>ex</strong></span> <span class='ocrx_word' id='word_1_254' title='bbox 754 1645 895 1683; x_wconf 83' lang='lat' dir='ltr'><strong>Eusebii</strong></span> <span class='ocrx_word' id='word_1_255' title='bbox 911 1645 1091 1683; x_wconf 85' lang='lat' dir='ltr'><strong>Ohronicis</strong></span> <span class='ocrx_word' id='word_1_256' title='bbox 1106 1646 1315 1694; x_wconf 71' lang='lat' dir='ltr'><strong>interpolata</strong></span> <span class='ocrx_word' id='word_1_257' title='bbox 1335 1650 1429 1682; x_wconf 85' lang='lat' dir='ltr'><strong>sunt.</strong></span> <span class='ocrx_word' id='word_1_258' title='bbox 1462 1646 1636 1682; x_wconf 85' lang='lat' dir='ltr'><strong>Eusebius</strong></span> <span class='ocrx_word' id='word_1_259' title='bbox 1658 1645 1702 1681; x_wconf 78' lang='lat' dir='ltr'><strong>ad</strong></span> 
     </span>
     <span class='ocr_line' id='line_1_27' title="bbox 144 1703 1702 1751; baseline -0.001 -11"><span class='ocrx_word' id='word_1_260' title='bbox 144 1715 276 1740; x_wconf 84' lang='lat' dir='ltr'><strong>annum</strong></span> <span class='ocrx_word' id='word_1_261' title='bbox 292 1713 362 1740; x_wconf 68' lang='lat' dir='ltr'><strong>oux</strong></span> <span class='ocrx_word' id='word_1_262' title='bbox 385 1703 470 1740; x_wconf 86' lang='lat' dir='ltr'><strong>haec</strong></span> <span class='ocrx_word' id='word_1_263' title='bbox 492 1706 609 1739; x_wconf 85' lang='lat' dir='ltr'><strong>notat:</strong></span> <span class='ocrx_word' id='word_1_264' title='bbox 645 1703 864 1750; x_wconf 72' lang='lat' dir='ltr'><strong>Inachifilia</strong></span> <span class='ocrx_word' id='word_1_265' title='bbox 887 1703 946 1746; x_wconf 91' lang='lat' dir='ltr'><strong>Io,</strong></span> <span class='ocrx_word' id='word_1_266' title='bbox 969 1716 1069 1750; x_wconf 77' lang='lat' dir='ltr'><strong>quam</strong></span> <span class='ocrx_word' id='word_1_267' title='bbox 1085 1703 1252 1751; x_wconf 71' lang='lat' dir='ltr'><strong>Aeqyptis&#39;</strong></span> <span class='ocrx_word' id='word_1_268' title='bbox 1273 1710 1398 1739; x_wconf 74' lang='lat' dir='ltr'><strong>mutato</strong></span> <span class='ocrx_word' id='word_1_269' title='bbox 1423 1706 1551 1739; x_wconf 76' lang='lat' dir='ltr'><strong>nomine</strong></span> <span class='ocrx_word' id='word_1_270' title='bbox 1575 1704 1702 1739; x_wconf 76' lang='lat' dir='ltr'><strong>Isidem</strong></span> 
     </span>
     <span class='ocr_line' id='line_1_28' title="bbox 144 1761 1702 1808; baseline -0.001 -10"><span class='ocrx_word' id='word_1_271' title='bbox 144 1763 264 1798; x_wconf 74' lang='lat' dir='ltr'><strong>colunt.</strong></span> <span class='ocrx_word' id='word_1_272' title='bbox 300 1761 332 1795; x_wconf 77' lang='lat' dir='ltr'><strong>A</strong></span> <span class='ocrx_word' id='word_1_273' title='bbox 353 1766 455 1808; x_wconf 71' lang='lat' dir='ltr'><strong>patre</strong></span> <span class='ocrx_word' id='word_1_274' title='bbox 476 1761 610 1796; x_wconf 67' lang='lat' dir='ltr'><strong>Inacho</strong></span> <span class='ocrx_word' id='word_1_275' title='bbox 633 1761 787 1797; x_wconf 75' lang='lat' dir='ltr'><strong>Inachus</strong></span> <span class='ocrx_word' id='word_1_276' title='bbox 792 1763 922 1808; x_wconf 71' lang='lat' dir='ltr'><strong>fluvius</strong></span> <span class='ocrx_word' id='word_1_277' title='bbox 943 1763 1039 1808; x_wconf 79' lang='lat' dir='ltr'><strong>apud</strong></span> <span class='ocrx_word' id='word_1_278' title='bbox 1053 1761 1186 1806; x_wconf 77' lang='lat' dir='ltr'><strong>Arqoe,</strong></span> <span class='ocrx_word' id='word_1_279' title='bbox 1203 1774 1226 1796; x_wconf 81' lang='lat' dir='ltr'><strong>a</strong></span> <span class='ocrx_word' id='word_1_280' title='bbox 1233 1762 1316 1808; x_wconf 70' lang='lat' dir='ltr'><strong>filia</strong></span> <span class='ocrx_word' id='word_1_281' title='bbox 1332 1762 1416 1796; x_wconf 79' lang='lat' dir='ltr'><strong>Ione</strong></span> <span class='ocrx_word' id='word_1_282' title='bbox 1432 1761 1606 1808; x_wconf 77' lang='lat' dir='ltr'><strong>Bosporus</strong></span> <span class='ocrx_word' id='word_1_283' title='bbox 1620 1774 1702 1796; x_wconf 79' lang='lat' dir='ltr'><strong>nun-</strong></span> 
     </span>
     <span class='ocr_line' id='line_1_29' title="bbox 144 1818 1703 1866; baseline -0.001 -12"><span class='ocrx_word' id='word_1_284' title='bbox 144 1824 299 1866; x_wconf 67' lang='lat' dir='ltr'><strong>cupatur.</strong></span> <span class='ocrx_word' id='word_1_285' title='bbox 330 1818 378 1854; x_wconf 82' lang='lat' dir='ltr'><strong>At</strong></span> <span class='ocrx_word' id='word_1_286' title='bbox 392 1829 485 1854; x_wconf 84' lang='lat' dir='ltr'><strong>anno</strong></span> <span class='ocrx_word' id='word_1_287' title='bbox 502 1827 726 1855; x_wconf 70' lang='lat' dir='ltr'><strong>coccnxxxrx</strong></span> <span class='ocrx_word' id='word_1_288' title='bbox 749 1819 807 1861; x_wconf 85' lang='lat' dir='ltr'><strong>Io,</strong></span> <span class='ocrx_word' id='word_1_289' title='bbox 829 1818 960 1866; x_wconf 80' lang='lat' dir='ltr'><strong>inquit,</strong></span> <span class='ocrx_word' id='word_1_290' title='bbox 985 1819 1171 1866; x_wconf 69' lang='lat' dir='ltr'><strong>Iaeifilo‘as</strong></span> <span class='ocrx_word' id='word_1_291' title='bbox 1187 1819 1322 1865; x_wconf 61' lang='lat' dir='ltr'><strong>Iupiter</strong></span> <span class='ocrx_word' id='word_1_292' title='bbox 1343 1822 1466 1854; x_wconf 70' lang='lat' dir='ltr'><strong>mistus</strong></span> <span class='ocrx_word' id='word_1_293' title='bbox 1487 1826 1550 1861; x_wconf 70' lang='lat' dir='ltr'><strong>eet,</strong></span> <span class='ocrx_word' id='word_1_294' title='bbox 1575 1832 1643 1866; x_wconf 77' lang='lat' dir='ltr'><strong>qua</strong></span> <span class='ocrx_word' id='word_1_295' title='bbox 1665 1821 1703 1854; x_wconf 63' lang='grc' dir='ltr'><strong>ἐκ</strong></span> 
     </span>
     <span class='ocr_line' id='line_1_30' title="bbox 143 1876 1702 1923; baseline -0.001 -11"><span class='ocrx_word' id='word_1_296' title='bbox 143 1876 253 1912; x_wconf 77' lang='lat' dir='ltr'><strong>bovem</strong></span> <span class='ocrx_word' id='word_1_297' title='bbox 262 1902 272 1918; x_wconf 95' lang='lat'>‚</span> <span class='ocrx_word' id='word_1_298' title='bbox 287 1883 326 1911; x_wconf 74' lang='lat' dir='ltr'><strong>ur</strong></span> <span class='ocrx_word' id='word_1_299' title='bbox 339 1876 476 1918; x_wconf 68' lang='lat' dir='ltr'><strong>dicitur,</strong></span> <span class='ocrx_word' id='word_1_300' title='bbox 491 1887 609 1918; x_wconf 77' lang='lat' dir='ltr'><strong>versa,</strong></span> <span class='ocrx_word' id='word_1_301' title='bbox 629 1876 802 1923; x_wconf 75' lang='lat' dir='ltr'><strong>Bosporus</strong></span> <span class='ocrx_word' id='word_1_302' title='bbox 817 1877 1012 1923; x_wconf 73' lang='lat' dir='ltr'><strong>appellatus</strong></span> <span class='ocrx_word' id='word_1_303' title='bbox 1027 1882 1092 1918; x_wconf 73' lang='lat' dir='ltr'><strong>m,-</strong></span> <span class='ocrx_word' id='word_1_304' title='bbox 1110 1882 1143 1911; x_wconf 63' lang='grc' dir='ltr'><strong>οε</strong></span> <span class='ocrx_word' id='word_1_305' title='bbox 1154 1878 1334 1912; x_wconf 70' lang='lat' dir='ltr'><strong>secundum</strong></span> <span class='ocrx_word' id='word_1_306' title='bbox 1350 1878 1523 1911; x_wconf 78' lang='lat' dir='ltr'><strong>nonnullos</strong></span> <span class='ocrx_word' id='word_1_307' title='bbox 1535 1878 1574 1911; x_wconf 68' lang='lat' dir='ltr'><strong>in</strong></span> <span class='ocrx_word' id='word_1_308' title='bbox 1587 1877 1702 1922; x_wconf 74' lang='lat' dir='ltr'><strong>Aeqy-</strong></span> 
     </span>
     <span class='ocr_line' id='line_1_31' title="bbox 137 1933 1703 1981; baseline 0.001 -12"><span class='ocrx_word' id='word_1_309' title='bbox 137 1939 233 1981; x_wconf 75' lang='lat' dir='ltr'><strong>ptum</strong></span> <span class='ocrx_word' id='word_1_310' title='bbox 243 1935 404 1980; x_wconf 76' lang='lat' dir='ltr'><strong>profecta</strong></span> <span class='ocrx_word' id='word_1_311' title='bbox 420 1933 490 1968; x_wconf 73' lang='lat' dir='ltr'><strong>Isis</strong></span> <span class='ocrx_word' id='word_1_312' title='bbox 506 1940 714 1980; x_wconf 76' lang='lat' dir='ltr'><strong>nuncupata.</strong></span> <span class='ocrx_word' id='word_1_313' title='bbox 748 1934 790 1970; x_wconf 88' lang='lat' dir='ltr'><strong>In</strong></span> <span class='ocrx_word' id='word_1_314' title='bbox 811 1933 971 1977; x_wconf 79' lang='lat' dir='ltr'><strong>Graecis,</strong></span> <span class='ocrx_word' id='word_1_315' title='bbox 993 1943 1084 1981; x_wconf 81' lang='lat' dir='ltr'><strong>quse</strong></span> <span class='ocrx_word' id='word_1_316' title='bbox 1106 1945 1151 1969; x_wconf 86' lang='lat' dir='ltr'><strong>ex</strong></span> <span class='ocrx_word' id='word_1_317' title='bbox 1175 1933 1328 1980; x_wconf 87' lang='lat' dir='ltr'><strong>Georgio</strong></span> <span class='ocrx_word' id='word_1_318' title='bbox 1350 1934 1524 1970; x_wconf 73' lang='lat' dir='ltr'><strong>Monacho</strong></span> <span class='ocrx_word' id='word_1_319' title='bbox 1545 1934 1703 1981; x_wconf 74' lang='lat' dir='ltr'><strong>Scaliger</strong></span> 
     </span>
     <span class='ocr_line' id='line_1_32' title="bbox 143 1989 1704 2040; baseline 0.001 -14"><span class='ocrx_word' id='word_1_320' title='bbox 143 1991 379 2033; x_wconf 80' lang='lat' dir='ltr'><strong>concinnavit,</strong></span> <span class='ocrx_word' id='word_1_321' title='bbox 394 2002 457 2038; x_wconf 89' lang='lat' dir='ltr'><strong>pro</strong></span> <span class='ocrx_word' id='word_1_322' title='bbox 473 1990 542 2026; x_wconf 85' lang='lat' dir='ltr'><strong>Iasi</strong></span> <span class='ocrx_word' id='word_1_323' title='bbox 557 1991 724 2038; x_wconf 88' lang='lat' dir='ltr'><strong>scriptum</strong></span> <span class='ocrx_word' id='word_1_324' title='bbox 741 1995 794 2027; x_wconf 89' lang='lat' dir='ltr'><strong>est</strong></span> <span class='ocrx_word' id='word_1_325' title='bbox 809 1989 951 2038; x_wconf 84' lang='grc' dir='ltr'><strong>Ἰνάχου.</strong></span> <span class='ocrx_word' id='word_1_326' title='bbox 976 1991 1099 2038; x_wconf 82' lang='lat' dir='ltr'><strong>Itaque</strong></span> <span class='ocrx_word' id='word_1_327' title='bbox 1115 1991 1202 2027; x_wconf 82' lang='lat' dir='ltr'><strong>duas</strong></span> <span class='ocrx_word' id='word_1_328' title='bbox 1218 1991 1374 2028; x_wconf 86' lang='lat' dir='ltr'><strong>eiusdem</strong></span> <span class='ocrx_word' id='word_1_329' title='bbox 1390 1992 1542 2028; x_wconf 85' lang='lat' dir='ltr'><strong>nominis</strong></span> <span class='ocrx_word' id='word_1_330' title='bbox 1558 1997 1704 2040; x_wconf 82' lang='lat' dir='ltr'><strong>apparet</strong></span> 
     </span>
     <span class='ocr_line' id='line_1_33' title="bbox 140 2047 1702 2097; baseline 0.001 -13"><span class='ocrx_word' id='word_1_331' title='bbox 140 2047 259 2085; x_wconf 79' lang='lat' dir='ltr'><strong>fuisse.</strong></span> <span class='ocrx_word' id='word_1_332' title='bbox 290 2048 342 2084; x_wconf 90' lang='lat' dir='ltr'><strong>De</strong></span> <span class='ocrx_word' id='word_1_333' title='bbox 364 2048 478 2095; x_wconf 90' lang='lat' dir='ltr'><strong>priore</strong></span> <span class='ocrx_word' id='word_1_334' title='bbox 501 2049 654 2097; x_wconf 86' lang='lat' dir='ltr'><strong>loquitur</strong></span> <span class='ocrx_word' id='word_1_335' title='bbox 675 2048 901 2097; x_wconf 73' lang='lat' dir='ltr'><strong>Epiphanius.</strong></span> <span class='ocrx_word' id='word_1_336' title='bbox 933 2048 1003 2084; x_wconf 88' lang='lat' dir='ltr'><strong>Sed</strong></span> <span class='ocrx_word' id='word_1_337' title='bbox 1017 2049 1083 2085; x_wconf 86' lang='lat' dir='ltr'><strong>hoc</strong></span> <span class='ocrx_word' id='word_1_338' title='bbox 1100 2049 1142 2085; x_wconf 88' lang='lat' dir='ltr'><strong>de</strong></span> <span class='ocrx_word' id='word_1_339' title='bbox 1164 2060 1229 2085; x_wconf 90' lang='lat' dir='ltr'><strong>suo</strong></span> <span class='ocrx_word' id='word_1_340' title='bbox 1249 2060 1434 2097; x_wconf 79' lang='lat' dir='ltr'><strong>per-perum</strong></span> <span class='ocrx_word' id='word_1_341' title='bbox 1456 2049 1597 2094; x_wconf 84' lang='lat' dir='ltr'><strong>adiecit,</strong></span> <span class='ocrx_word' id='word_1_342' title='bbox 1620 2061 1702 2086; x_wconf 85' lang='lat' dir='ltr'><strong>ean-</strong></span> 
     </span>
     <span class='ocr_line' id='line_1_34' title="bbox 141 2105 1702 2144; baseline 0.002 -3"><span class='ocrx_word' id='word_1_343' title='bbox 141 2105 221 2141; x_wconf 85' lang='lat' dir='ltr'><strong>dem</strong></span> <span class='ocrx_word' id='word_1_344' title='bbox 234 2105 411 2141; x_wconf 86' lang='lat' dir='ltr'><strong>Atthidem</strong></span> <span class='ocrx_word' id='word_1_345' title='bbox 431 2106 660 2143; x_wconf 81' lang='lat' dir='ltr'><strong>nominatam.</strong></span> <span class='ocrx_word' id='word_1_346' title='bbox 699 2106 788 2142; x_wconf 89' lang='lat' dir='ltr'><strong>Nam</strong></span> <span class='ocrx_word' id='word_1_347' title='bbox 802 2105 974 2142; x_wconf 81' lang='lat' dir='ltr'><strong>Eusebius</strong></span> <span class='ocrx_word' id='word_1_348' title='bbox 996 2117 1089 2142; x_wconf 80' lang='lat' dir='ltr'><strong>anno</strong></span> <span class='ocrx_word' id='word_1_349' title='bbox 1106 2118 1182 2143; x_wconf 74' lang='lat'>1011</span> <span class='ocrx_word' id='word_1_350' title='bbox 1204 2105 1331 2142; x_wconf 82' lang='lat' dir='ltr'><strong>Granai</strong></span> <span class='ocrx_word' id='word_1_351' title='bbox 1350 2107 1495 2143; x_wconf 88' lang='lat' dir='ltr'><strong>secundi</strong></span> <span class='ocrx_word' id='word_1_352' title='bbox 1515 2107 1702 2144; x_wconf 86' lang='lat' dir='ltr'><strong>Athenien-</strong></span> 
     </span>
     <span class='ocr_line' id='line_1_35' title="bbox 141 2162 1702 2212; baseline 0.001 -13"><span class='ocrx_word' id='word_1_353' title='bbox 141 2163 235 2199; x_wconf 85' lang='lat' dir='ltr'><strong>sium</strong></span> <span class='ocrx_word' id='word_1_354' title='bbox 255 2163 350 2210; x_wconf 83' lang='lat' dir='ltr'><strong>regis</strong></span> <span class='ocrx_word' id='word_1_355' title='bbox 373 2163 485 2199; x_wconf 79' lang='lat' dir='ltr'><strong>filiam</strong></span> <span class='ocrx_word' id='word_1_356' title='bbox 506 2162 680 2199; x_wconf 82' lang='lat' dir='ltr'><strong>Atthidem</strong></span> <span class='ocrx_word' id='word_1_357' title='bbox 703 2164 862 2200; x_wconf 70' lang='lat' dir='ltr'><strong>extitisse</strong></span> <span class='ocrx_word' id='word_1_358' title='bbox 886 2164 1024 2210; x_wconf 86' lang='lat' dir='ltr'><strong>scribit,</strong></span> <span class='ocrx_word' id='word_1_359' title='bbox 1048 2174 1071 2199; x_wconf 87' lang='lat' dir='ltr'><strong>a</strong></span> <span class='ocrx_word' id='word_1_360' title='bbox 1093 2175 1164 2211; x_wconf 78' lang='lat' dir='ltr'><strong>qua</strong></span> <span class='ocrx_word' id='word_1_361' title='bbox 1180 2164 1298 2200; x_wconf 82' lang='lat' dir='ltr'><strong>Attica</strong></span> <span class='ocrx_word' id='word_1_362' title='bbox 1320 2175 1517 2212; x_wconf 82' lang='lat' dir='ltr'><strong>cognomen</strong></span> <span class='ocrx_word' id='word_1_363' title='bbox 1541 2166 1702 2208; x_wconf 86' lang='lat' dir='ltr'><strong>obtinuit,</strong></span> 
     </span>
     <span class='ocr_line' id='line_1_36' title="bbox 142 2220 716 2257; baseline 0.002 -1"><span class='ocrx_word' id='word_1_364' title='bbox 142 2230 223 2257; x_wconf 88' lang='lat' dir='ltr'><strong>cum</strong></span> <span class='ocrx_word' id='word_1_365' title='bbox 238 2220 406 2256; x_wconf 79' lang='lat' dir='ltr'><strong>hactenus</strong></span> <span class='ocrx_word' id='word_1_366' title='bbox 422 2220 509 2256; x_wconf 76' lang='lat' dir='ltr'><strong>Acts</strong></span> <span class='ocrx_word' id='word_1_367' title='bbox 522 2224 716 2257; x_wconf 78' lang='lat' dir='ltr'><strong>vocaretur.</strong></span> 
     </span>
     <span class='ocr_line' id='line_1_37' title="bbox 154 2275 1701 2327; baseline 0.003 -16"><span class='ocrx_word' id='word_1_368' title='bbox 154 2292 159 2293; x_wconf 41' lang='lat'><em>⁷</em></span> <span class='ocrx_word' id='word_1_369' title='bbox 232 2277 294 2312; x_wconf 71' lang='grc' dir='ltr'><strong>Καὶ</strong></span> <span class='ocrx_word' id='word_1_370' title='bbox 309 2276 410 2312; x_wconf 73' lang='grc' dir='ltr'><strong>αὐτοῦ</strong></span> <span class='ocrx_word' id='word_1_371' title='bbox 426 2279 486 2312; x_wconf 80' lang='grc' dir='ltr'><strong>τοῦ</strong></span> <span class='ocrx_word' id='word_1_372' title='bbox 500 2275 643 2325; x_wconf 74' lang='grc' dir='ltr'><strong>Ἰνάχου,</strong></span> <span class='ocrx_word' id='word_1_373' title='bbox 660 2275 824 2326; x_wconf 69' lang='grc' dir='ltr'><strong>Ἄπιδος]</strong></span> <span class='ocrx_word' id='word_1_374' title='bbox 858 2278 1010 2315; x_wconf 78' lang='lat' dir='ltr'><strong>Multum</strong></span> <span class='ocrx_word' id='word_1_375' title='bbox 1032 2278 1230 2326; x_wconf 83' lang='lat' dir='ltr'><strong>discrepant</strong></span> <span class='ocrx_word' id='word_1_376' title='bbox 1252 2279 1401 2316; x_wconf 81' lang='lat' dir='ltr'><strong>Inachus</strong></span> <span class='ocrx_word' id='word_1_377' title='bbox 1425 2282 1461 2315; x_wconf 87' lang='lat' dir='ltr'><strong>et</strong></span> <span class='ocrx_word' id='word_1_378' title='bbox 1477 2279 1574 2327; x_wconf 88' lang='lat' dir='ltr'><strong>Apis.</strong></span> <span class='ocrx_word' id='word_1_379' title='bbox 1610 2279 1701 2316; x_wconf 80' lang='lat' dir='ltr'><strong>Nam</strong></span> 
     </span>
     <span class='ocr_line' id='line_1_38' title="bbox 140 2334 1701 2384; baseline 0.001 -14"><span class='ocrx_word' id='word_1_380' title='bbox 140 2334 198 2371; x_wconf 88' lang='lat' dir='ltr'><strong>hic</strong></span> <span class='ocrx_word' id='word_1_381' title='bbox 221 2335 266 2370; x_wconf 85' lang='lat' dir='ltr'><strong>ab</strong></span> <span class='ocrx_word' id='word_1_382' title='bbox 289 2334 348 2370; x_wconf 92' lang='lat' dir='ltr'><strong>illo</strong></span> <span class='ocrx_word' id='word_1_383' title='bbox 371 2334 493 2370; x_wconf 83' lang='lat' dir='ltr'><strong>tertius</strong></span> <span class='ocrx_word' id='word_1_384' title='bbox 516 2338 571 2370; x_wconf 86' lang='lat' dir='ltr'><strong>est</strong></span> <span class='ocrx_word' id='word_1_385' title='bbox 590 2335 629 2371; x_wconf 89' lang='lat' dir='ltr'><strong>in</strong></span> <span class='ocrx_word' id='word_1_386' title='bbox 644 2334 862 2382; x_wconf 51' lang='lat' dir='ltr'><strong>¹Argivorum</strong></span> <span class='ocrx_word' id='word_1_387' title='bbox 882 2347 1009 2384; x_wconf 83' lang='lat' dir='ltr'><strong>regum</strong></span> <span class='ocrx_word' id='word_1_388' title='bbox 1031 2337 1140 2380; x_wconf 88' lang='lat' dir='ltr'><strong>serie,</strong></span> <span class='ocrx_word' id='word_1_389' title='bbox 1169 2346 1276 2384; x_wconf 76' lang='lat' dir='ltr'><strong>quare</strong></span> <span class='ocrx_word' id='word_1_390' title='bbox 1298 2337 1511 2384; x_wconf 86' lang='lat' dir='ltr'><strong>imprudenti</strong></span> <span class='ocrx_word' id='word_1_391' title='bbox 1532 2336 1598 2372; x_wconf 88' lang='lat' dir='ltr'><strong>hoc</strong></span> <span class='ocrx_word' id='word_1_392' title='bbox 1621 2337 1701 2384; x_wconf 88' lang='lat' dir='ltr'><strong>Epi·</strong></span> 
     </span>
     <span class='ocr_line' id='line_1_39' title="bbox 140 2392 432 2440; baseline -0.003 -12"><span class='ocrx_word' id='word_1_393' title='bbox 140 2392 270 2440; x_wconf 83' lang='lat' dir='ltr'><strong>phanio</strong></span> <span class='ocrx_word' id='word_1_394' title='bbox 292 2392 432 2428; x_wconf 84' lang='lat' dir='ltr'><strong>excidit.</strong></span> 
     </span>
    </p>

    <p class='ocr_par' dir='ltr' id='par_1_6' title="bbox 141 2448 1702 2668">
     <span class='ocr_line' id='line_1_40' title="bbox 232 2448 1702 2499; baseline 0.003 -16"><span class='ocrx_word' id='word_1_395' title='bbox 232 2449 294 2484; x_wconf 69' lang='grc' dir='ltr'><strong>Καὶ</strong></span> <span class='ocrx_word' id='word_1_396' title='bbox 310 2448 352 2490; x_wconf 79' lang='grc' dir='ltr'><strong>εἰς</strong></span> <span class='ocrx_word' id='word_1_397' title='bbox 369 2448 500 2496; x_wconf 80' lang='grc' dir='ltr'>αἱρέσεις</span> <span class='ocrx_word' id='word_1_398' title='bbox 526 2448 752 2495; x_wconf 76' lang='grc' dir='ltr'>συσταθέντα.]</span> <span class='ocrx_word' id='word_1_399' title='bbox 799 2451 885 2494; x_wconf 84' lang='lat' dir='ltr'><strong>Quis</strong></span> <span class='ocrx_word' id='word_1_400' title='bbox 908 2450 974 2488; x_wconf 90' lang='lat' dir='ltr'><strong>hoc</strong></span> <span class='ocrx_word' id='word_1_401' title='bbox 996 2454 1133 2499; x_wconf 84' lang='lat' dir='ltr'><strong>praeter</strong></span> <span class='ocrx_word' id='word_1_402' title='bbox 1154 2450 1386 2499; x_wconf 84' lang='lat' dir='ltr'><strong>Epiphanium</strong></span> <span class='ocrx_word' id='word_1_403' title='bbox 1408 2451 1514 2494; x_wconf 83' lang='lat' dir='ltr'><strong>dixit,</strong></span> <span class='ocrx_word' id='word_1_404' title='bbox 1535 2451 1702 2498; x_wconf 64' lang='lat' dir='ltr'><strong>mysteria</strong></span> 
     </span>
     <span class='ocr_line' id='line_1_41' title="bbox 141 2506 1701 2556; baseline 0.001 -14"><span class='ocrx_word' id='word_1_405' title='bbox 141 2507 220 2550; x_wconf 83' lang='lat' dir='ltr'><strong>illa,</strong></span> <span class='ocrx_word' id='word_1_406' title='bbox 249 2516 340 2554; x_wconf 89' lang='lat' dir='ltr'><strong>quae</strong></span> <span class='ocrx_word' id='word_1_407' title='bbox 363 2507 408 2542; x_wconf 87' lang='lat' dir='ltr'><strong>ab</strong></span> <span class='ocrx_word' id='word_1_408' title='bbox 433 2506 587 2554; x_wconf 88' lang='lat' dir='ltr'><strong>Orpheo,</strong></span> <span class='ocrx_word' id='word_1_409' title='bbox 615 2508 828 2554; x_wconf 84' lang='lat' dir='ltr'><strong>caeterisque</strong></span> <span class='ocrx_word' id='word_1_410' title='bbox 850 2507 1004 2544; x_wconf 75' lang='lat' dir='ltr'><strong>Athenas</strong></span> <span class='ocrx_word' id='word_1_411' title='bbox 1026 2508 1214 2556; x_wconf 85' lang='lat' dir='ltr'><strong>importata</strong></span> <span class='ocrx_word' id='word_1_412' title='bbox 1235 2508 1390 2551; x_wconf 75' lang='lat' dir='ltr'><strong>fuerant,</strong></span> <span class='ocrx_word' id='word_1_413' title='bbox 1413 2507 1701 2556; x_wconf 83' lang='lat' dir='ltr'><strong>philosophorum</strong></span> 
     </span>
     <span class='ocr_line' id='line_1_42' title="bbox 143 2563 1701 2614; baseline 0.003 -16"><span class='ocrx_word' id='word_1_414' title='bbox 143 2565 254 2599; x_wconf 83' lang='lat' dir='ltr'><strong>sectas</strong></span> <span class='ocrx_word' id='word_1_415' title='bbox 270 2573 312 2599; x_wconf 82' lang='lat' dir='ltr'><strong>ao</strong></span> <span class='ocrx_word' id='word_1_416' title='bbox 326 2563 494 2610; x_wconf 85' lang='lat' dir='ltr'><strong>dogmata</strong></span> <span class='ocrx_word' id='word_1_417' title='bbox 507 2567 745 2612; x_wconf 72' lang='lat' dir='ltr'><strong>propagasse?</strong></span> <span class='ocrx_word' id='word_1_418' title='bbox 773 2565 879 2601; x_wconf 86' lang='lat' dir='ltr'><strong>Plane</strong></span> <span class='ocrx_word' id='word_1_419' title='bbox 892 2565 960 2601; x_wconf 85' lang='lat' dir='ltr'><strong>hoc</strong></span> <span class='ocrx_word' id='word_1_420' title='bbox 974 2566 1170 2601; x_wconf 89' lang='lat' dir='ltr'><strong>inauditum</strong></span> <span class='ocrx_word' id='word_1_421' title='bbox 1186 2576 1226 2600; x_wconf 80' lang='lat' dir='ltr'><strong>ac</strong></span> <span class='ocrx_word' id='word_1_422' title='bbox 1242 2565 1388 2601; x_wconf 82' lang='lat' dir='ltr'><strong>mirum:</strong></span> <span class='ocrx_word' id='word_1_423' title='bbox 1402 2574 1536 2612; x_wconf 76' lang='lat' dir='ltr'><strong>neque,</strong></span> <span class='ocrx_word' id='word_1_424' title='bbox 1550 2570 1592 2602; x_wconf 88' lang='lat' dir='ltr'><strong>ut</strong></span> <span class='ocrx_word' id='word_1_425' title='bbox 1607 2567 1701 2614; x_wconf 89' lang='lat' dir='ltr'><strong>quod</strong></span> 
     </span>
     <span class='ocr_line' id='line_1_43' title="bbox 142 2620 1143 2668; baseline 0.002 -12"><span class='ocrx_word' id='word_1_426' title='bbox 142 2631 198 2656; x_wconf 90' lang='lat' dir='ltr'><strong>res</strong></span> <span class='ocrx_word' id='word_1_427' title='bbox 214 2624 268 2656; x_wconf 88' lang='lat' dir='ltr'><strong>est</strong></span> <span class='ocrx_word' id='word_1_428' title='bbox 281 2620 402 2665; x_wconf 80' lang='lat' dir='ltr'><strong>fatear,</strong></span> <span class='ocrx_word' id='word_1_429' title='bbox 420 2622 570 2668; x_wconf 88' lang='lat' dir='ltr'><strong>speciem</strong></span> <span class='ocrx_word' id='word_1_430' title='bbox 586 2622 695 2657; x_wconf 88' lang='lat' dir='ltr'><strong>ullam</strong></span> <span class='ocrx_word' id='word_1_431' title='bbox 710 2622 963 2668; x_wconf 84' lang='lat' dir='ltr'><strong>probabilitatis</strong></span> <span class='ocrx_word' id='word_1_432' title='bbox 979 2623 1143 2659; x_wconf 82' lang='lat' dir='ltr'><strong>continet.</strong></span> 
     </span>
    </p>

    <p class='ocr_par' dir='ltr' id='par_1_7' title="bbox 143 2676 1701 2954">
     <span class='ocr_line' id='line_1_44' title="bbox 233 2676 1699 2727; baseline 0.003 -15"><span class='ocrx_word' id='word_1_433' title='bbox 233 2676 324 2719; x_wconf 86' lang='grc' dir='ltr'><strong>Ἕως</strong></span> <span class='ocrx_word' id='word_1_434' title='bbox 341 2680 406 2712; x_wconf 83' lang='grc' dir='ltr'><strong>τῶν</strong></span> <span class='ocrx_word' id='word_1_435' title='bbox 423 2679 655 2714; x_wconf 82' lang='grc' dir='ltr'>Μακεδονικῶν</span> <span class='ocrx_word' id='word_1_436' title='bbox 671 2680 831 2726; x_wconf 82' lang='grc' dir='ltr'>χρόνων.]</span> <span class='ocrx_word' id='word_1_437' title='bbox 865 2679 1004 2727; x_wconf 79' lang='lat' dir='ltr'><strong>Susque</strong></span> <span class='ocrx_word' id='word_1_438' title='bbox 1027 2680 1138 2726; x_wconf 78' lang='lat' dir='ltr'><strong>deque</strong></span> <span class='ocrx_word' id='word_1_439' title='bbox 1160 2679 1285 2715; x_wconf 82' lang='lat' dir='ltr'><strong>miscet</strong></span> <span class='ocrx_word' id='word_1_440' title='bbox 1306 2690 1347 2715; x_wconf 78' lang='lat' dir='ltr'><strong>ac</strong></span> <span class='ocrx_word' id='word_1_441' title='bbox 1369 2680 1550 2727; x_wconf 80' lang='lat' dir='ltr'><strong>perturbat</strong></span> <span class='ocrx_word' id='word_1_442' title='bbox 1572 2682 1699 2724; x_wconf 83' lang='lat' dir='ltr'><strong>omnia,</strong></span> 
     </span>
     <span class='ocr_line' id='line_1_45' title="bbox 143 2735 1701 2784; baseline 0.002 -13"><span class='ocrx_word' id='word_1_443' title='bbox 143 2746 214 2772; x_wconf 91' lang='lat' dir='ltr'><strong>non</strong></span> <span class='ocrx_word' id='word_1_444' title='bbox 236 2735 351 2772; x_wconf 88' lang='lat' dir='ltr'><strong>minus</strong></span> <span class='ocrx_word' id='word_1_445' title='bbox 373 2739 572 2784; x_wconf 89' lang='lat' dir='ltr'><strong>temporum</strong></span> <span class='ocrx_word' id='word_1_446' title='bbox 600 2747 706 2783; x_wconf 85' lang='lat' dir='ltr'><strong>quam</strong></span> <span class='ocrx_word' id='word_1_447' title='bbox 727 2736 882 2772; x_wconf 83' lang='lat' dir='ltr'><strong>veritatis</strong></span> <span class='ocrx_word' id='word_1_448' title='bbox 909 2740 944 2772; x_wconf 91' lang='lat' dir='ltr'><strong>et</strong></span> <span class='ocrx_word' id='word_1_449' title='bbox 969 2736 1134 2772; x_wconf 82' lang='lat' dir='ltr'><strong>historiae</strong></span> <span class='ocrx_word' id='word_1_450' title='bbox 1164 2747 1318 2773; x_wconf 86' lang='lat' dir='ltr'><strong>securus.</strong></span> <span class='ocrx_word' id='word_1_451' title='bbox 1362 2736 1454 2772; x_wconf 84' lang='lat' dir='ltr'><strong>Nam</strong></span> <span class='ocrx_word' id='word_1_452' title='bbox 1475 2738 1701 2774; x_wconf 81' lang='lat' dir='ltr'><strong>Macedonica</strong></span> 
     </span>
     <span class='ocr_line' id='line_1_46' title="bbox 144 2793 1699 2840; baseline 0.002 -12"><span class='ocrx_word' id='word_1_453' title='bbox 144 2796 319 2839; x_wconf 81' lang='lat' dir='ltr'><strong>tempora,</strong></span> <span class='ocrx_word' id='word_1_454' title='bbox 341 2794 467 2840; x_wconf 83' lang='lat' dir='ltr'><strong>quibus</strong></span> <span class='ocrx_word' id='word_1_455' title='bbox 482 2794 667 2840; x_wconf 87' lang='lat' dir='ltr'><strong>imperium</strong></span> <span class='ocrx_word' id='word_1_456' title='bbox 682 2793 776 2828; x_wconf 89' lang='lat' dir='ltr'><strong>istud</strong></span> <span class='ocrx_word' id='word_1_457' title='bbox 790 2793 924 2837; x_wconf 87' lang='lat' dir='ltr'><strong>floruit,</strong></span> <span class='ocrx_word' id='word_1_458' title='bbox 946 2804 968 2828; x_wconf 86' lang='lat' dir='ltr'><strong>a</strong></span> <span class='ocrx_word' id='word_1_459' title='bbox 982 2794 1112 2829; x_wconf 84' lang='lat' dir='ltr'><strong>Xerxis</strong></span> <span class='ocrx_word' id='word_1_460' title='bbox 1128 2797 1242 2829; x_wconf 80' lang='lat' dir='ltr'><strong>aetate</strong></span> <span class='ocrx_word' id='word_1_461' title='bbox 1256 2794 1403 2830; x_wconf 71' lang='lat' dir='ltr'><strong>nimum</strong></span> <span class='ocrx_word' id='word_1_462' title='bbox 1420 2793 1566 2839; x_wconf 78' lang='lat' dir='ltr'><strong>distant,</strong></span> <span class='ocrx_word' id='word_1_463' title='bbox 1588 2797 1699 2831; x_wconf 85' lang='lat' dir='ltr'><strong>multo</strong></span> 
     </span>
     <span class='ocr_line' id='line_1_47' title="bbox 143 2849 1700 2900; baseline 0.003 -16"><span class='ocrx_word' id='word_1_464' title='bbox 143 2850 257 2896; x_wconf 82' lang='lat' dir='ltr'><strong>magis</strong></span> <span class='ocrx_word' id='word_1_465' title='bbox 274 2861 296 2885; x_wconf 88' lang='lat' dir='ltr'><strong>a</strong></span> <span class='ocrx_word' id='word_1_466' title='bbox 309 2849 658 2887; x_wconf 86' lang='lat' dir='ltr'><strong>Nabuchodonosore.</strong></span> <span class='ocrx_word' id='word_1_467' title='bbox 694 2851 739 2886; x_wconf 87' lang='lat' dir='ltr'><strong>Et</strong></span> <span class='ocrx_word' id='word_1_468' title='bbox 757 2854 875 2886; x_wconf 85' lang='lat' dir='ltr'><strong>tamen</strong></span> <span class='ocrx_word' id='word_1_469' title='bbox 897 2851 941 2886; x_wconf 83' lang='lat' dir='ltr'><strong>ad</strong></span> <span class='ocrx_word' id='word_1_470' title='bbox 962 2851 1024 2886; x_wconf 88' lang='lat' dir='ltr'><strong>illa</strong></span> <span class='ocrx_word' id='word_1_471' title='bbox 1038 2854 1196 2898; x_wconf 87' lang='lat' dir='ltr'><strong>tempora</strong></span> <span class='ocrx_word' id='word_1_472' title='bbox 1210 2854 1381 2888; x_wconf 78' lang='lat' dir='ltr'><strong>sectarum</strong></span> <span class='ocrx_word' id='word_1_473' title='bbox 1396 2852 1570 2900; x_wconf 88' lang='lat' dir='ltr'><strong>principes</strong></span> <span class='ocrx_word' id='word_1_474' title='bbox 1584 2852 1700 2889; x_wconf 88' lang='lat' dir='ltr'><strong>Philo-</strong></span> 
     </span>
     <span class='ocr_line' id='line_1_48' title="bbox 145 2906 1224 2954; baseline 0.002 -12"><span class='ocrx_word' id='word_1_475' title='bbox 145 2906 272 2954; x_wconf 89' lang='lat' dir='ltr'><strong>sophos</strong></span> <span class='ocrx_word' id='word_1_476' title='bbox 289 2908 446 2943; x_wconf 80' lang='lat' dir='ltr'><strong>extitisse</strong></span> <span class='ocrx_word' id='word_1_477' title='bbox 462 2908 572 2944; x_wconf 86' lang='lat' dir='ltr'><strong>docet.</strong></span> <span class='ocrx_word' id='word_1_478' title='bbox 599 2909 691 2943; x_wconf 82' lang='lat' dir='ltr'><strong>Haec</strong></span> <span class='ocrx_word' id='word_1_479' title='bbox 706 2912 788 2943; x_wconf 83' lang='lat' dir='ltr'><strong>sunt</strong></span> <span class='ocrx_word' id='word_1_480' title='bbox 803 2908 1064 2944; x_wconf 77' lang='lat' dir='ltr'><strong>inextricabilia.</strong></span> <span class='ocrx_word' id='word_1_481' title='bbox 1218 2926 1224 2933; x_wconf 87' lang='lat'><strong>·</strong></span> 
     </span>
    </p>

    <p class='ocr_par' dir='ltr' id='par_1_8' title="bbox 144 2962 1699 3070">
     <span class='ocr_line' id='line_1_49' title="bbox 235 2962 1699 3014; baseline 0.003 -16"><span class='ocrx_word' id='word_1_482' title='bbox 235 2962 376 2999; x_wconf 83' lang='grc' dir='ltr'>Πλάτων</span> <span class='ocrx_word' id='word_1_483' title='bbox 391 2962 454 3012; x_wconf 74' lang='grc' dir='ltr'><strong>γὰρ</strong></span> <span class='ocrx_word' id='word_1_484' title='bbox 470 2965 542 3000; x_wconf 77' lang='grc' dir='ltr'><strong><em>κατ’</em></strong></span> <span class='ocrx_word' id='word_1_485' title='bbox 558 2963 679 3014; x_wconf 56' lang='grc' dir='ltr'><strong>ἐκρεῖνον</strong></span> <span class='ocrx_word' id='word_1_486' title='bbox 695 2965 752 3000; x_wconf 70' lang='grc' dir='ltr'><strong>τὸν</strong></span> <span class='ocrx_word' id='word_1_487' title='bbox 769 2966 907 3011; x_wconf 81' lang='grc' dir='ltr'>καιρόν.]</span> <span class='ocrx_word' id='word_1_488' title='bbox 939 2965 1047 3008; x_wconf 89' lang='lat' dir='ltr'><strong>Toto,</strong></span> <span class='ocrx_word' id='word_1_489' title='bbox 1070 2965 1200 3012; x_wconf 89' lang='lat' dir='ltr'><strong>inquit,</strong></span> <span class='ocrx_word' id='word_1_490' title='bbox 1222 2966 1283 3002; x_wconf 85' lang='lat' dir='ltr'><strong>ino</strong></span> <span class='ocrx_word' id='word_1_491' title='bbox 1305 2967 1417 3014; x_wconf 81' lang='lat' dir='ltr'><strong>spatio</strong></span> <span class='ocrx_word' id='word_1_492' title='bbox 1439 2967 1537 3003; x_wconf 79' lang='lat' dir='ltr'><strong>Plato</strong></span> <span class='ocrx_word' id='word_1_493' title='bbox 1561 2971 1597 3003; x_wconf 86' lang='lat' dir='ltr'><strong>et</strong></span> <span class='ocrx_word' id='word_1_494' title='bbox 1619 2972 1699 3003; x_wconf 81' lang='lat' dir='ltr'><strong>ante</strong></span> 
     </span>
     <span class='ocr_line' id='line_1_50' title="bbox 144 3020 1698 3070; baseline 0.003 -13"><span class='ocrx_word' id='word_1_495' title='bbox 144 3020 236 3057; x_wconf 86' lang='lat' dir='ltr'><strong>hunc</strong></span> <span class='ocrx_word' id='word_1_496' title='bbox 251 3020 483 3069; x_wconf 80' lang='lat' dir='ltr'><strong>Pythagoras,</strong></span> <span class='ocrx_word' id='word_1_497' title='bbox 505 3033 546 3058; x_wconf 84' lang='lat' dir='ltr'><strong>ac</strong></span> <span class='ocrx_word' id='word_1_498' title='bbox 569 3026 649 3070; x_wconf 86' lang='lat' dir='ltr'><strong>post</strong></span> <span class='ocrx_word' id='word_1_499' title='bbox 668 3023 768 3059; x_wconf 88' lang='lat' dir='ltr'><strong>illum</strong></span> <span class='ocrx_word' id='word_1_500' title='bbox 790 3022 960 3069; x_wconf 86' lang='lat' dir='ltr'><strong>Epicurus</strong></span> <span class='ocrx_word' id='word_1_501' title='bbox 984 3023 1134 3060; x_wconf 87' lang='lat' dir='ltr'><strong>emersit.</strong></span> <span class='ocrx_word' id='word_1_502' title='bbox 1169 3023 1346 3060; x_wconf 85' lang='lat' dir='ltr'><strong>Xerxisne</strong></span> <span class='ocrx_word' id='word_1_503' title='bbox 1368 3034 1410 3060; x_wconf 84' lang='lat' dir='ltr'><strong>ac</strong></span> <span class='ocrx_word' id='word_1_504' title='bbox 1425 3024 1698 3062; x_wconf 84' lang='lat' dir='ltr'><strong>Nebuchodono-</strong></span> 
     </span>
    </p>
   </div>
   <div class='ocr_carea' id='block_1_5' title="bbox 1735 1132 1819 1164">
    <p class='ocr_par' dir='ltr' id='par_1_9' title="bbox 1735 1132 1819 1164">
     <span class='ocr_line' id='line_1_51' title="bbox 1735 1132 1819 1164; baseline -0.012 -7"><span class='ocrx_word' id='word_1_505' title='bbox 1735 1139 1764 1164; x_wconf 68' lang='grc' dir='ltr'><strong>ρ.</strong></span> <span class='ocrx_word' id='word_1_506' title='bbox 1779 1132 1819 1158; x_wconf 77' lang='lat'><strong>16.</strong></span> 
     </span>
    </p>
   </div>
  </div>
 </body>
</html>
