2008 3294
332 185 572 223 GGORXXVI

377 301 471 334 tibus
501 299 596 340 ibid„
630 303 784 333 veterum
809 310 1003 334 consensus
1036 300 1079 333 de

376 357 488 390 tribus
519 354 763 397 Paschatibus,
799 355 842 390 de
877 356 988 390 tribus
1018 355 1081 390 Pa-

381 412 559 447 schatibus
576 412 666 446 falsa
681 411 866 458 Epiphanii
882 412 969 446 ratio
993 411 1080 453 205„

375 471 479 504 trium
495 469 704 503 Paschatum
729 470 854 503 certior
878 470 966 504 ratio
1003 469 1079 505 206.

332 527 487 561 Christus
530 531 648 560 utrum
686 526 819 561 eodem.
849 537 917 572 quo
953 525 1079 569 Judaei

377 585 503 618 caeteri
535 583 588 618 die
613 583 747 617 Pascha
777 581 960 626 celebrarit
994 578 1080 626 185„

377 641 503 686 quibus
535 640 728 674 rationibus
762 641 930 686 probatur
944 637 1080 682 „eidem

377 709 446 743 qua
480 697 606 732 Judaei
649 698 776 732 caeteri
812 697 867 731 die
903 696 1079 732 Christum

375 754 509 788 Pascha
525 754 720 789 celebrasse
735 754 832 796 ibid.,
857 754 926 788 alia
941 759 1080 789 senten-

375 813 425 846 tia
441 822 530 857 quae
548 811 682 846 diverso
699 815 855 857 tempore
878 814 979 857 putat
1002 822 1080 845 esse

376 870 601 904 celebratum.
622 868 719 911 ibid„
749 868 941 914 praefertur
964 873 1077 915 poste-

376 927 462 967 rior,
487 925 548 960 sed
572 936 663 960 nova
687 925 838 971 quadam
861 926 995 960 ratione
1019 925 1076 960 de-

377 984 507 1018 clarata
521 982 616 1025 ibid„
646 982 848 1017 refelluntur
877 994 938 1029 pro
963 982 1076 1029 priore

377 1041 503 1075 allatae
526 1040 680 1075 rationes
1003 1040 1078 1075 186.

332 1097 446 1139 Quoto
471 1107 563 1132 anno
587 1100 690 1131 natus
715 1097 761 1131 sit
777 1096 933 1131 Christus
957 1108 1079 1132 secun-

376 1154 459 1189 dum
483 1165 595 1188 annos
621 1154 770 1199 Augusti
1005 1153 1079 1188 130.

333 1210 490 1246 Christus
529 1222 597 1256 quo
633 1221 724 1246 anno
756 1211 876 1246 muudi
905 1211 1080 1246 creatione

379 1273 483 1303 natus
1004 1268 1082 1304 269.

336 1325 494 1361 Christus
520 1329 600 1359 ante
617 1325 763 1359 Joannis
788 1336 960 1360 carcerem
985 1336 1080 1371 prae-

381 1383 496 1417 dicare
520 1381 635 1428 coepit
1005 1382 1082 1417 206.

334 1439 493 1475 Christus
532 1450 601 1485 quo
639 1443 795 1485 tempore
833 1439 1027 1485 baptizatus
1063 1451 1083 1474 a

379 1496 515 1533 Joaune
539 1506 579 1531 ac
605 1495 728 1530 deinde
752 1496 942 1542 discipulos
969 1496 1083 1542 elege-

378 1554 424 1588 rit
447 1559 482 1588 et
506 1553 674 1588 miracula
697 1553 818 1588 fecerit
1028 1554 1082 1589 91.

336 1611 495 1646 Christus
513 1622 582 1656 quo
599 1610 724 1645 aetatis
741 1621 833 1645 anno
850 1610 955 1645 fuerit
973 1611 1082 1657 bapti-

379 1673 476 1703 zatus
1008 1667 1082 1703 109.

334 1725 465 1760 Christi
501 1735 613 1760 annus
653 1725 780 1760 natalis
837 1730 871 1760 et
908 1725 1083 1771 passionis

380 1782 602 1829 amplissima
632 1782 867 1829 disputatione
891 1783 1083 1828 explicatus

560 1840 614 1875 91.
633 1839 688 1876 92.
707 1838 762 1875 93.
780 1839 835 1875 94.
852 1839 906 1875 95.
930 1843 966 1874 et
989 1850 1085 1886 seqq.
1127 1880 1131 1885 ⁵

343 1897 472 1932 Christi
497 1897 694 1943 baptismus
711 1897 767 1932 cui
782 1897 894 1931 mensi
917 1897 1088 1931 tribuatur

383 1955 428 1989 ab
452 1954 648 2000 Epiphanio
1011 1954 1086 1990 141.

339 2010 461 2046 Utrum
499 2021 612 2045 annus
651 2011 778 2045 natalis
818 2009 945 2045 Christi
982 2010 1085 2045 fuerit

381 2067 554 2103 bisextilis
1012 2066 1084 2103 104.

339 2124 381 2160 de
398 2124 524 2160 Christi
549 2124 711 2171 passione
735 2123 881 2171 ejusque
894 2134 986 2158 anno
1006 2134 1085 2159 vero

380 2182 554 2217 sententia
576 2192 621 2217 ex
645 2181 828 2228 Epiphanii
853 2184 969 2216 mente
1012 2180 1084 2217 174.

341 2238 470 2275 Christi
494 2242 645 2274 aetatem
670 2249 714 2274 ex
740 2238 854 2274 Lucae
878 2238 992 2273 verbis
1016 2249 1085 2273 non

382 2308 483 2344 posse
500 2302 593 2332 certo
610 2295 727 2342 colligi
745 2296 828 2336 110..
854 2306 967 2342 neque
982 2294 1016 2330 id
1041 2305 1085 2330 ex

343 2343 355 2361 ⁰
383 2354 518 2400 ignatio
542 2365 645 2400 posse
668 2352 825 2388 concludi
1013 2352 1085 2387 111.

338 2411 529 2447 Christiani
554 2410 730 2457 quomodo
755 2410 789 2446 in
813 2409 979 2457 paschate
997 2408 1086 2445 (lice-

388 2470 513 2504 bantur
548 2469 687 2510 laetari,
728 2471 762 2503 et
798 2466 922 2502 Judaei
966 2466 1086 2512 lugere

912 2524 989 2560 294.
1007 2523 1084 2558 295.

340 2582 527 2619 Christiani
561 2582 650 2618 unde
674 2582 808 2618 Jesssei
839 2581 920 2617 dicti
945 2581 1086 2616 fuerunt

1027 2637 1083 2673 58.

339 2697 524 2733 Christiani
551 2708 672 2733 omnes
696 2708 717 2731 s
740 2695 861 2731 Turcis
886 2694 1020 2737 Franci,
1047 2700 1083 2730 ut

387 2753 623 2789 Mshumetsnl
654 2764 675 2788 s
700 2753 841 2789 Francis
865 2752 997 2788 Turcse
1023 2762 1080 2787 vo-

384 2816 505 2846 cantur
1004 2808 1080 2845 272.

339 2867 638 2913 Chronologorum
685 2868 801 2915 opinio
843 2867 934 2902 circs
970 2875 1081 2901 annos

383 2935 484 2960 serae
510 2924 743 2970 Diony-lunae
766 2923 972 2971 expenditur
1011 2923 1082 2958 1⁴0.

1008 2980 1082 3016 147.

341 3037 535 3074 Chronicon
562 3037 707 3073 Mariani
733 3037 936 3073 eineudntur
1011 3037 1082 3072 117.

1150 299 1386 345 Chronologia
1420 299 1462 334 de
1500 300 1662 334 vaticinio
1693 299 1820 334 Christi
1851 277 1895 334 ex

1196 355 1300 390 Esaia
1842 356 1896 391 61.

1151 411 1391 457 Chrysostomi
1407 413 1504 447 locus
1529 413 1726 460 explicatur
1749 413 1791 447 de
1815 423 1895 447 con-

1196 469 1316 503 fitendi
1340 470 1410 504 ritu
1818 469 1896 504 244.

1150 525 1303 572 Chydaei
1329 526 1459 572 dactyli
1483 527 1542 573 qui
1567 538 1588 561 a
1611 526 1896 572 Judaeisappel-

1195 584 1309 617 lentur
1845 583 1896 618 18.

1150 640 1271 675 Cittim
1302 640 1358 675 vel
1381 639 1492 675 Cetim
1529 641 1589 686 qui
1619 641 1737 687 populi
1762 641 1898 686 signifi-

1196 701 1317 732 centur
1840 698 1898 733 60.

1151 754 1311 789 Clemens
1336 754 1592 789 Alexandrinus
1625 765 1668 789 ex
1694 765 1762 800 qua
1787 754 1899 801 patria

1194 811 1300 845 fuerit
1317 811 1483 846 oriundus
1502 812 1618 846 variae
1638 811 1817 857 opiniones
1843 811 1898 846 69.
1953 855 1956 857 ι

1147 867 1270 903 Clerici
1303 868 1445 914 quidam
1476 868 1673 914 reprehensi
1703 867 1796 914 quod
1819 878 1899 902 cum

1191 926 1395 960 mulieribus
1418 927 1576 960 lavarent
1843 924 1899 967 56,

1150 983 1361 1018 Clericorum
1387 983 1580 1018 caelibatus
1604 983 1640 1017 in
1664 982 1771 1017 veteri
1795 981 1901 1017 eccle-

1193 1041 1246 1074 sia
1269 1039 1346 1075 345.
1364 1039 1453 1083 346„
1477 1040 1512 1074 in
1539 1051 1607 1086 quo
1622 1039 1833 1075 Graecorum
1855 1038 1900 1073 ri-

1194 1097 1307 1131 dicula
1332 1097 1545 1132 consuetudo
1571 1097 1737 1132 hodierna
1822 1095 1900 1131 346.

1151 1153 1274 1188 Clinici
1305 1154 1526 1199 poenitentes
1551 1165 1572 1188 a
1596 1154 1811 1200 poenitentia
1833 1153 1901 1200 pri-

1196 1222 1291 1245 mum
1315 1212 1524 1246 arcebantur
1726 1210 1804 1247 230.
1821 1210 1902 1246 231.

1151 1267 1288 1302 Coenae
1319 1268 1460 1302 nomine
1490 1279 1535 1303 an
1560 1273 1650 1303 recte
1681 1273 1825 1303 vocatur
1851 1267 1902 1302 la·

1197 1329 1413 1359 crainentnm
1438 1325 1592 1371 corporis
1619 1324 1746 1360 Christi
1845 1324 1901 1360 80.

1152 1381 1328 1416 Comitum
1360 1382 1514 1428 dignitas
1549 1393 1638 1428 quae
1668 1382 1774 1418 fuerit
1808 1382 1900 1428 apud

1197 1439 1423 1485 imperatores
1650 1476 1652 1478 ,
1839 1439 1898 1475 58.

1152 1495 1359 1531 Communio
1391 1496 1427 1531 in
1452 1497 1600 1531 ecclesia
1629 1496 1737 1531 veteri
1761 1500 1902 1543 propter

1197 1563 1286 1599 quae
1310 1557 1452 1598 peccata
1476 1557 1605 1599 negata
1627 1553 1734 1588 fuerit
1822 1553 1903 1590 227.

1153 1608 1363 1644 Communio
1400 1610 1473 1645 sive
1503 1609 1733 1645 eucharistiae
1764 1611 1901 1656 partici-

1198 1667 1291 1713 patio
1302 1678 1372 1702 non
1385 1677 1522 1714 semper
1534 1667 1640 1702 fiebat
1652 1667 1688 1702 in
1701 1667 1809 1702 missa
1823 1667 1901 1703 355.

1153 1723 1446 1759 Communionem
1476 1724 1596 1759 multis
1621 1724 1724 1759 etiam
1749 1725 1785 1760 in
1810 1725 1899 1771 peri-

1202 1781 1280 1816 culo
1306 1781 1429 1816 mortis
1447 1785 1611 1827 negatam
1628 1780 1694 1816 233
1719 1785 1841 1816 contra
1863 1782 1900 1817 in

1202 1838 1323 1873 mortis
1352 1838 1504 1884 periculo
1529 1838 1737 1884 quibusdam
1761 1850 1902 1875 conces-

1202 1906 1278 1930 sam
1301 1895 1391 1937 354„
1416 1906 1461 1930 ex
1485 1894 1638 1930 Nicaena
1662 1895 1796 1941 synodo
1822 1907 1899 1932 can.

1206 1952 1245 1987 13
1270 1952 1486 1987 moribundis
1511 1952 1586 1987 dari
1609 1952 1748 1988 solitam
1822 1952 1901 1990 235.

1156 2009 1352 2044 Concilium
1370 2009 1623 2045 Eliberitanum
1648 2020 1670 2044 a
1685 2009 1900 2045 Novatianae

1199 2066 1352 2101 haeresis
1376 2066 1573 2112 suspicione
1600 2066 1794 2102 vindicatur
1821 2066 1900 2102 333.

1155 2124 1349 2160 Concilium
1367 2123 1556 2158 Nicaeuum
1581 2123 1671 2169 quod
1702 2124 1738 2159 in
1763 2127 1900 2170 tempus

1155 2180 1348 2216 Concilium
1373 2180 1484 2215 Tolet.
1502 2181 1523 2214 4
1547 2191 1622 2216 can.
1638 2180 1683 2216 42

1155 2237 1346 2273 Concilium
1360 2237 1561 2273 Arelatense
1580 2237 1770 2273 secundum
1791 2248 1866 2274 cau.
1879 2236 1901 2272 3

1155 2294 1300 2330 Concilii
1326 2295 1500 2342 Ancyrani
1524 2299 1558 2330 et
1574 2294 1774 2330 Sirmiensis
1798 2305 1899 2342 pseu-

1200 2352 1463 2399 dosynodorum
1501 2358 1578 2389 acta
1601 2353 1714 2389 fusius
1739 2352 1900 2399 exposita

1200 2416 1235 2445 et
1257 2410 1431 2446 illustrata
1725 2409 1802 2446 306.
1819 2409 1898 2445 307.

1155 2467 1359 2503 Conciliium
1391 2467 1591 2503 Eliberitani
1630 2477 1779 2502 canones
1809 2467 1900 2502 circa

1198 2525 1445 2571 poenitentiam
1471 2524 1714 2571 expenduntur
1816 2522 1896 2559 229.

1152 2581 1352 2617 Sirmiensis
1385 2582 1516 2617 Concili
1547 2586 1582 2617 et
1612 2580 1787 2627 Ancyrani
1818 2582 1898 2615 acta

1195 2643 1418 2685 exponuntur
1441 2639 1546 2674 etiam
1570 2637 1766 2673 accuratius
1812 2635 1894 2672 317.

1151 2696 1333 2731 Confessio
1351 2695 1490 2742 publica
1512 2694 1637 2742 quibus
1654 2693 1819 2741 probatur
1842 2703 1895 2728 ra·

1195 2752 1348 2788 tionibus
1367 2752 1453 2794 246„
1479 2750 1603 2798 quibus
1628 2751 1730 2786 etiam
1755 2750 1895 2786 rationi-

1197 2809 1261 2845 bus
1277 2808 1431 2844 videatur
1447 2807 1658 2855 repudianda
1674 2807 1763 2850 246„
1779 2818 1800 2842 a
1815 2817 1896 2842 con-

1196 2866 1274 2901 cilio
1299 2865 1501 2901 Tridentino
1525 2864 1740 2911 improbatur
1815 2862 1892 2900 247.

1151 2922 1331 2959 Confessio
1355 2926 1574 2970 peccatorum
1599 2922 1736 2968 publica
1752 2931 1795 2956 an
1820 2920 1893 2956 fue-

1196 2980 1240 3016 rit
1270 2978 1443 3026 quondam
1475 2978 1640 3014 ecclesiae
1665 2978 1819 3015 moribus
1843 2988 1895 3013 re-

1197 3039 1298 3082 cepta
1817 3034 1893 3069 245.
