2008 3294
183 538 210 562 p.
225 528 283 555 132.

199 3000 224 3025 p.
241 2992 297 3018 12³.

317 196 461 234 CXVIII

407 299 587 335 Postremo
599 299 636 334 in
648 309 730 334 aera
737 299 953 345 Dionysiana
964 303 1063 335 extra
1075 300 1326 335 dubitationem
1338 303 1400 343 est,
1413 300 1589 336 Christum
1597 301 1748 348 Augusti
1758 313 1869 344 xum„

317 357 458 392 Actiaco
470 367 552 392 vero
568 368 651 391 xxx.
666 359 790 391 natum
805 367 894 391 esse.
917 356 1016 399 Quod
1031 358 1062 392 si
1074 369 1130 392 x1..
1140 383 1149 400 ‚
1165 357 1221 391 vel
1233 368 1304 392 xm.
1324 356 1458 393 Iuliano
1476 369 1521 394 ex
1536 359 1684 394 aliorum
1699 359 1870 394 sententia

320 418 415 449 ortus
440 417 548 457 esset,
571 413 607 448 id
628 414 848 458 infxxxvm„
870 414 926 450 vel
939 426 1061 451 xxx1x.
1078 414 1266 457 Iulianum,
1281 413 1463 451 Actiacum
1477 426 1558 451 vero
1574 428 1674 459 xxv„
1690 416 1746 451 vel
1759 428 1870 460 xxva,

317 471 526 507 conveniret.

409 527 616 571 Γεννηθέντος
634 528 670 562 δὲ
686 527 787 563 αὐτοῦ
804 528 875 575 περὶ
890 527 946 563 τὀν
962 527 1208 575 Ἰαννουὰριον.]
1236 528 1548 566 Luculentissimus
1562 529 1619 565 hic
1634 530 1732 566 locus
1749 533 1819 574 est,
1834 531 1871 566 in

320 597 388 632 quo
409 586 562 620 natalem
578 585 705 620 Christi
726 585 818 621 diem
839 587 1100 621 accuratissime
1122 586 1386 623 circumscribit.
1427 587 1472 622 Et
1486 587 1626 634 quidem
1642 598 1673 622 a.
1686 587 1718 622 d.
1730 599 1806 624 vm.
1822 587 1871 623 Id.

318 643 403 686 Ian„
414 642 481 677 hoc
497 646 551 677 est
565 643 719 678 Ianuarii
725 655 786 686 v1.,
801 643 838 679 in
853 655 958 690 quem
970 643 1244 690 Epiphaniorum
1258 643 1387 679 festum
1401 644 1532 687 incidit,
1548 648 1672 680 natum
1686 649 1872 688 asseverat,

319 711 365 735 ex
381 701 558 735 communi
572 700 824 747 Aegyptiorum
839 701 1028 743 sententia,
1052 701 1094 735 de
1115 711 1185 746 qua
1205 700 1352 736 subinde
1366 701 1524 737 nonnihil
1539 702 1757 738 disseremus.
1803 702 1874 738 Sed

319 758 470 803 primum
493 758 653 803 singulae
674 761 870 804 tempomm
892 759 1088 793 notationes
1113 758 1222 792 obiter
1243 758 1496 804 pereni-rendae
1522 762 1626 805 atque
1647 759 1873 795 illustrandae

319 818 414 850 sunt.
446 815 547 849 Hunc
562 815 670 861 igitur
685 814 777 850 diem
791 815 962 861 imprimis
978 827 1026 851 x1.
1043 815 1133 860 Tybi
1148 826 1225 850 esse
1246 815 1367 850 scribit
1386 816 1423 850 in
1439 827 1531 851 anno
1547 816 1708 852 videlicet
1722 816 1872 859 Actiaco,

320 872 392 906 sive
414 871 589 918 Aegyptio
618 871 772 915 Iuliano,
802 873 900 907 cuius
924 871 1037 907 Thoth
1059 871 1154 907 fixus
1185 875 1238 907 est
1260 884 1357 908 xxix.
1380 872 1550 919 Augusti,
1579 873 1764 909 neomenia
1785 872 1875 919 Tybi

320 941 429 964 xxvn.
445 929 528 964 Dec.
1586 940 1590 943 ’

410 983 502 1020 Κατὰ
517 985 658 1032 Σύρους,
675 985 777 1020 εἷτουν
794 984 988 1032 Ἕλληνας]
1021 985 1320 1032 Syromacedonas
1336 986 1518 1033 intelligit,
1539 987 1613 1022 sive
1628 986 1875 1029 Antiochenos,

321 1042 381 1088 qui
395 1042 566 1078 lulianam
582 1044 665 1078 anni
678 1043 827 1078 formam
842 1047 1062 1090 receperunt,
1077 1054 1279 1090 quanquam
1295 1044 1434 1079 illorum
1451 1054 1531 1079 aera
1541 1044 1690 1079 triennio
1698 1044 1876 1080 ‘Iulianum

320 1110 452 1134 annum
467 1101 656 1143 antecedit3
673 1101 932 1147 appellaturque
944 1101 1174 1147 χρηματισμὸς
1187 1102 1243 1144 τῆς
1255 1099 1463 1148 Ἀντιοχείας,
1479 1101 1573 1147 quod
1585 1112 1626 1136 eo
1638 1111 1729 1137 anno
1741 1100 1762 1145 ἡ
1779 1100 1876 1136 αὖτο-

321 1156 418 1203 von-:a
433 1156 656 1192 Antiochenis
671 1158 844 1203 permissa
866 1161 900 1192 et
920 1157 1029 1192 Iulius
1046 1157 1173 1193 Caesar
1192 1157 1338 1193 dictator
1353 1157 1557 1194 Antiochiae
1572 1159 1797 1194 renunciatus
1812 1161 1876 1202 est,

320 1215 514 1256 Artemisii,
538 1215 610 1249 sive
625 1215 726 1257 Maii,
749 1227 850 1251 xx111.
869 1214 994 1250 Chron.
1010 1215 1110 1251 Alex.
1126 1227 1160 1261 p.
1173 1214 1251 1250 438.
1281 1215 1346 1250 Est
1367 1215 1423 1250 hic
1446 1226 1558 1250 annus
1574 1214 1677 1251 Urbis
1690 1215 1784 1258 706„
1808 1227 1876 1262 quo

321 1272 451 1308 Caesar
466 1273 556 1307 victo
571 1272 736 1319 Pompeio
753 1283 870 1307 rerum
885 1273 1016 1319 potitus
1033 1275 1103 1315 est,
1119 1283 1189 1319 per.
1202 1272 1265 1308 Iul.
1277 1272 1396 1315 4666„
1413 1273 1516 1308 annis
1531 1276 1611 1308 ante
1626 1273 1878 1320 Dionysianam

321 1342 438 1367 aeram
451 1342 575 1372 xnvm,
591 1333 671 1364 ante
687 1330 839 1376 primum
854 1330 1028 1365 Iulianum
1043 1330 1172 1372 tribus,
1188 1333 1228 1365 ut
1242 1341 1289 1365 ex
1299 1330 1449 1376 Evagrio
1466 1330 1601 1377 colligit
1616 1330 1772 1377 Scaliger
1783 1330 1877 1377 Isag.

322 1388 406 1425 Can.
424 1389 447 1423 1.
462 1401 512 1424 111.
528 1400 562 1434 p.
576 1388 672 1430 295.;
689 1388 816 1423 rectius
833 1398 938 1433 quam
954 1388 990 1422 in
1005 1387 1065 1423 lib.
1078 1399 1125 1423 tv.
1151 1387 1193 1422 de
1213 1387 1358 1422 Emend.
1374 1387 1496 1434 Temp.
1513 1399 1547 1434 p.
1560 1387 1638 1424 226.
1649 1414 1659 1431 ‚
1681 1387 1743 1423 ubi
1758 1387 1877 1424 Antio-

322 1445 502 1481 chensium
524 1456 642 1480 aeram
664 1445 708 1480 ab
729 1445 878 1480 editione
894 1445 1030 1480 Iuliana
1049 1443 1204 1480 inchoari
1227 1448 1359 1487 censet,
1383 1445 1483 1480 annis
1505 1448 1586 1480 ante
1609 1443 1737 1481 Christi
1758 1455 1877 1481 aeram

322 1515 422 1545 x1.v.,
446 1515 492 1537 ex
515 1502 656 1537 Eusebii
684 1503 883 1544 autoritate,
907 1502 966 1548 qui
987 1512 1120 1536 annum
1134 1500 1421 1537 Antiochensium
1436 1501 1514 1538 325.
1539 1501 1673 1538 confert
1691 1502 1730 1537 in
1745 1512 1877 1538 annum

322 1559 451 1595 Christi
462 1559 539 1594 280.
564 1560 632 1595 Sed
648 1570 779 1606 magna
794 1559 879 1594 haec
893 1558 1118 1594 hallucinatio
1135 1561 1199 1594 est.
1222 1558 1312 1594 Nam
1324 1558 1496 1594 Eusebius
1512 1559 1550 1594 in
1566 1557 1708 1595 Chron.:
1723 1558 1878 1595 Secundo

324 1630 412 1652 anno
428 1618 548 1659 Probi,
565 1617 694 1663 inquit,
710 1620 808 1652 iuxta
825 1616 1055 1652 Antioelienoe
1067 1625 1219 1651 cccxxv.
1236 1619 1435 1662 anteusfuit.
1465 1616 1572 1663 Atqui
1587 1616 1691 1652 Probi
1705 1616 1879 1652 secundus

323 1675 490 1721 competit
512 1685 603 1709 anno
627 1685 727 1710 aerae
750 1674 964 1710 Christianae
982 1683 1195 1716 ccnxxvm„
1218 1684 1287 1720 quo
1311 1684 1402 1709 anno
1427 1674 1540 1720 coepit
1562 1676 1621 1708 τοῦ
1644 1676 1879 1722 χρηματισμοῦ

322 1731 609 1767 Antiochensium
625 1742 737 1767 annus
755 1741 907 1767 cccxxv.
939 1731 998 1766 Sic
1019 1731 1113 1766 enim
1127 1729 1369 1766 Antiochensis
1392 1741 1494 1766 aerae
1514 1731 1648 1778 primus
1670 1731 1879 1778 annusDio-

323 1790 509 1835 nysianam
526 1799 644 1824 aeram
660 1800 783 1824 xnvm.
799 1789 920 1824 solidis
940 1789 1050 1824 annis‘
1064 1788 1260 1824 antecessit.
1305 1787 1456 1823 Necesse
1480 1791 1534 1823 est
1555 1788 1663 1835 igitur
1685 1799 1766 1824 cum
1789 1799 1880 1824 anno

323 1846 426 1882 Probi
442 1859 480 1882 11.
504 1850 539 1881 et
554 1846 769 1892 Dionysiano
783 1856 964 1882 cccxxvii.
979 1845 1141 1892 componi
1155 1844 1443 1884 Antiochensium
1459 1854 1560 1881 aerae
1576 1855 1743 1882 cccxxxv.
1760 1845 1881 1882 laben·

324 1908 412 1948 tem,
436 1907 471 1938 et
491 1904 668 1938 ineuntem
686 1913 856 1946 cccxxv„
879 1903 976 1948 cyclo
994 1902 1078 1938 solis
1095 1914 1142 1938 vr.
1165 1903 1268 1937 lunae
1285 1914 1349 1940 xu.
1389 1902 1441 1938 De
1456 1903 1554 1938 initio
1570 1903 1674 1939 Probi
1689 1902 1822 1938 dicetur
1837 1901 1881 1944 ad

324 1961 385 1997 lib.
404 1961 445 1995 de
461 1961 573 1996 Mens.
591 1967 625 1995 et
640 1960 863 1996 Ponderibus.
898 1961 1006 2002 Anni,
1028 1963 1067 1994 ut
1083 1959 1213 1995 dictum
1229 1963 1299 2002 est,
1320 1959 1434 1995 forma
1448 1960 1585 1996 Iuliana
1598 1959 1684 2003 fuit;
1707 1960 1881 1996 mensium

326 2018 447 2053 eadem
464 2028 550 2063 quae
568 2017 658 2063 apud
675 2017 850 2053 Romanos
867 2017 1066 2064 descriptio,
1092 2027 1198 2063 quam
1217 2017 1254 2052 in
1270 2017 1430 2063 sequenti
1440 2017 1606 2053 laterculo
1622 2016 1882 2064 proponendam

325 2075 533 2122 putavimus.

382 2176 688 2214 LATERCULUM
709 2177 922 2214 MENSIUM
944 2175 1352 2220 ANTIOCHENORUM,
1376 2175 1477 2213 SIVE
1501 2156 1829 2212 erOEAAHNnN.

800 2246 977 2287 Λῦδυναϊος
1138 2244 1320 2281 Ianuarius

801 2303 943 2350 Περίτιος
1138 2302 1348 2338 Februarius

800 2361 944 2407 Δύστρος
1138 2359 1286 2396 Martius

801 2416 959 2458 Ξανθικός
1138 2416 1266 2463 Aprilis

800 2473 999 2521 Ἀρτιμίσιος
1139 2474 1254 2509 Maius

801 2532 931 2572 Δαίσιος
1141 2531 1260 2566 Iunius

801 2587 948 2635 Πάνεμος
1141 2588 1248 2624 Iulius

802 2647 895 2693 Λῷος
1142 2646 1322 2692 Augustus

803 2703 975 2750 Γορπιαῖος
1141 2702 1343 2750 September

802 2759 1066 2807 ’Υπερβιριταῖος
1143 2760 1291 2796 October

803 2818 879 2858 Δῖος
1143 2816 1338 2854 November

804 2873 999 2916 Ἀπελλαῖος
1144 2874 1334 2911 December

423 2987 517 3030 Qum·
533 2989 705 3024 niomium
723 2989 906 3025 concordia
922 3001 965 3025 ex
984 2988 1140 3032 Socrate,
1157 2988 1323 3035 Evagrio,
1340 2986 1463 3031 fluida,
1479 2990 1635 3023 veterum
1650 2987 1881 3026 Consiliorum

334 3045 615 3092 inscriptionibus
640 3050 675 3082 et
696 3045 840 3082 infinitis
864 3046 941 3082 aliis
963 3045 1171 3083 testimoniis
1196 3044 1300 3082 fidem
1324 3048 1482 3081 meretur.
1529 3044 1616 3080 illud
1633 3056 1714 3082 veto
1736 3048 1882 3089 constat,
