2008 3294
4 22 17 55 ,ψ

0 1370 11 1416 ιν(
0 1256 10 1358 ae-vv-w
0 974 11 1242 1:-W-vvvvv
0 839 17 964 *wff

1569 178 1726 217 xxxm

174 286 215 319 ut
236 282 335 318 aliter
354 281 538 330 Epiphanii
558 283 665 318 verba
687 281 946 329 interpretanda
960 280 1132 329 judicem,
1164 283 1318 330 adeoque
1341 284 1511 320 contrario
1534 294 1656 327 sensu,
1683 295 1724 319 ac

173 339 265 387 prior
277 340 334 375 ille
346 344 400 375 est
409 350 514 387 quam
524 339 693 375 inLatina
703 340 861 376 versione
873 339 985 388 posui.
1007 338 1057 374 Οὐ
1074 339 1137 384 μὴν
1150 338 1347 387 ἐξισουμένη,
1359 341 1483 388 inquit,
1495 342 1564 380 τοῖς
1576 341 1724 375 Σαδδου-

175 396 292 437 καίοιςε
323 397 404 432 Nan
420 403 530 432 tamen
545 409 619 431 cum
633 396 848 432 sadducaeis
864 407 1058 443 eanqruem,
1074 395 1139 432 hoc
1154 409 1224 432 uno
1241 398 1371 444 capite,
1395 398 1487 444 quod
1508 402 1724 434 mortuorum

173 454 559 497 resurrectionem'non,
583 457 623 489 ut
636 454 705 489 illis
720 454 835 489 visum
856 457 924 498 est,
946 453 1114 499 abneget,
1136 464 1336 500 quanquam
1357 456 1491 502 reliqua
1510 455 1547 490 in
1568 455 1722 502 perfidia,

173 513 208 546 et
229 510 393 547 adversus
414 509 590 547 Christum
612 511 797 558 praecipue
820 510 1038 548 contumacia
1057 509 1338 548 Sadducaeorum
1362 523 1402 548 ac
1426 516 1641 548 caeterarum
1667 511 1722 547 lu-

173 567 299 604 daismi
314 567 505 604 haereseon
521 568 662 615 gemina
679 569 733 605 sit.

395 651 457 707 An
479 670 710 708 munem
724 670 871 715 xvm..
896 670 1015 714 QUAE
1036 670 1122 708 aer
1144 670 1497 710 NAzARAEomm.

260 739 429 775 Nazareni
451 740 594 786 quinam
613 741 721 776 veteri
741 741 778 776 in
793 741 871 787 lege
886 740 1015 776 fuerint
1028 740 1160 776 nemini
1181 745 1235 776 est
1256 742 1426 788 ignotum.
1465 741 1534 777 Sed
1549 742 1575 777 ii
1589 742 1662 777 fere
1677 741 1721 777 ad

172 801 326 844 tempus,
352 809 423 833 non
442 801 608 844 perpetuo
630 798 698 833 sibi
720 798 890 834 delectum
911 798 1070 834 ciborum
1088 797 1239 833 indicere
1259 803 1521 834 consueverant.
1567 800 1721 834 Tametsi

171 854 327 902 perpetui
342 853 484 901 quidam
498 859 598 891 erant
611 854 795 899 Nazaraei;
810 855 1006 891 cuiusmodi
1020 854 1194 902 Sampson
1209 855 1335 890 extitit.
1373 855 1505 890 Deinde
1522 867 1592 891 nou
1608 867 1721 902 usque

172 922 213 946 eo
229 911 416 958 impietatis
432 916 688 959 processerant,
703 916 743 948 ut
757 911 1030 948 Pentateuchum
1043 912 1154 948 Mesia
1170 922 1211 947 ae
1225 911 1356 958 Legem
1368 913 1606 959 repudiarent3
1629 913 1721 959 quod

170 967 367 1004 Nazarenos
387 969 474 1005 istos
495 969 674 1005 factitasse
696 969 816 1005 scribit
834 968 1059 1017 Epiphanius.
1097 968 1165 1012 Qui
1183 981 1257 1005 non
1277 969 1381 1005 modo
1405 970 1495 1005 inter
1517 970 1722 1004 Iudaeorum

171 1029 282 1061 sectas
297 1025 494 1062 Naaarenos
509 1030 682 1070 recenset,
705 1027 765 1063 sed
789 1027 893 1063 etiam
909 1025 1112 1062 Christianis
1135 1026 1309 1062 adscribit.
1348 1027 1434 1062 Vide
1450 1026 1607 1062 haeresin
1623 1039 1719 1062 xxix.

171 1082 335 1126 Quamvis
356 1082 422 1120 hoc
443 1083 602 1127 interest,
627 1084 719 1131 quod
740 1083 900 1120 Iudaicos
919 1084 1007 1120 istos
1029 1083 1251 1130 Νασαραίους,
1273 1083 1488 1119 Christianos
1510 1084 1721 1129 Ναζωραίους

170 1141 331 1187 appellet.
361 1140 455 1176 Sane
470 1140 683 1178 Christianos
698 1141 816 1177 Iudaei
830 1143 991 1183 &525³
1006 1141 1198 1184 nominant,
1215 1146 1256 1176 ut
1269 1141 1364 1177 Elias
1379 1141 1417 1176 in
1432 1140 1552 1176 Thisbi
1568 1141 1684 1183 docet,
1700 1151 1721 1175 a

171 1197 363 1234 Nazaretho
377 1198 553 1234 Galilaeae
569 1199 713 1246 oppid03
729 1198 884 1235 Christus
899 1199 974 1246 ipse
986 1198 1185 1234 Naaarenus
1197 1199 1390 1246 appellatus
1402 1201 1458 1233 est
1468 1202 1503 1233 et
1515 1198 1721 1240 Nazaraeus,

169 1258 243 1291 tam
257 1259 503 1303 ’'aqva-quam
518 1259 663 1300 ἫΕἾἏ,
685 1260 725 1292 ut
738 1256 969 1302 Hieronymus
984 1256 1115 1292 indicat
1128 1256 1166 1291 in
1181 1267 1257 1303 cap.
1274 1267 1325 1292 ιιι.
1341 1254 1465 1292 Matth.
1482 1255 1649 1291 Nazaraei
1661 1254 1721 1289 *ve-

169 1315 259 1348 teres
275 1314 409 1355 ninii:
431 1314 567 1360 proprie
587 1314 716 1357 vocati,
738 1313 838 1360 quasi
858 1316 972 1349 sancto·
993 1321 1025 1349 ee
1038 1316 1205 1361 separati.
1244 1313 1313 1349 Sed
1329 1323 1408 1348 cum
1423 1313 1637 1360 Epiphanius
1652 1312 1721 1347 duo

169 1370 230 1406 illa
244 1372 375 1417 g'enera
389 1370 578 1414 discernat,
602 1371 758 1418 suspicor
778 1371 909 1418 priores
925 1375 960 1406 et
974 1370 1133 1406 Iudaicos
1149 1372 1285 1412 ffl'l'w
1308 1370 1532 1412 Nazaraeos,
1554 1370 1722 1416 posterio-

169 1438 243 1471 res,
266 1428 326 1474 qui
339 1428 377 1464 in
393 1427 570 1464 Christum
584 1428 815 1471 crediderant,
831 1430 990 1470 ΕῊΣὯ
1013 1427 1234 1470 Nazaraeos,
1255 1428 1440 1463 nominari.
1477 1427 1564 1463 Vide
1579 1427 1719 1462 Hieron.

169 1485 206 1520 in
221 1496 296 1532 cap.
312 1497 349 1521 ιι
364 1485 498 1522 Esaiae.
534 1485 740 1521 Philastrius
755 1485 1008 1520 Nazaraeorum
1023 1484 1180 1520 haeresin
1195 1485 1285 1520 inter
1299 1484 1458 1520 Iudaicas
1473 1490 1584 1520 sectas
1601 1495 1722 1519 nnme-

169 1545 239 1585 rat,
255 1542 317 1578 sed
331 1542 446 1589 legem
461 1546 497 1578 et
509 1542 694 1591 prophetas
711 1543 874 1590 amplecti
889 1542 1025 1588 scribit,
1047 1553 1160 1589 neque
1177 1542 1362 1589 quicquam
1385 1543 1428 1577 iis
1449 1542 1543 1577 aliud
1565 1542 1723 1576 attribuit

171 1610 275 1646 quam
295 1599 388 1646 qued
408 1599 575 1636 Nazaraei
596 1603 731 1636 veteres
752 1601 935 1636 observare
957 1600 1126 1636 solebant.
1172 1599 1247 1642 Quo
1274 1600 1415 1635 nomine
1442 1600 1532 1635 inter
1561 1599 1722 1634 haereses

170 1658 325 1704 cooptari
343 1668 415 1693 non
435 1657 638 1694 debuerunt.
683 1658 730 1693 At
752 1657 952 1704 Νασαραῖοι,
979 1667 1068 1704 qnos
1087 1657 1144 1692 hic
1167 1657 1330 1693 describit
1349 1656 1581 1704 Epiphanius,
1607 1657 1723 1703 legem

169 1714 280 1750 Mosis
295 1715 535 1762 abnegabant3
559 1715 651 1762 quod
673 1718 726 1750 est
747 1714 840 1750 idem
859 1725 899 1750 ac
919 1714 1135 1750 Iudaismum
1158 1713 1223 1749 ἀπὸ
1245 1716 1300 1759 τῆς
1325 1714 1536 1762 ἀκροπόλεως
1558 1718 1721 1749 evertere.

170 1771 267 1807 Unde
281 1782 326 1807 ne
341 1771 386 1807 ad
400 1773 606 1819 posteriores
622 1772 759 1818 quidem
776 1772 989 1816 Nazarenos,
1010 1772 1070 1819 qui
1085 1771 1220 1807 Christo
1243 1783 1372 1807 nomen
1388 1772 1572 1814 dederunt,
1594 1771 1723 1817 quique

167 1829 339 1876 privatam
352 1830 391 1865 in
406 1828 667 1865 Christianismo
683 1833 814 1864 sectam
829 1830 1068 1872 instituerunt,
1090 1833 1238 1877 possunt
1257 1829 1387 1864 referri.
1417 1829 1597 1875 Siquidem
1612 1828 1722 1863 Naza-
1757 1839 1837 1871 1237.

167 1887 240 1922 rasi
254 1886 314 1930 illi,
330 1886 538 1933 quibuscum
552 1897 657 1922 usum
671 1890 706 1922 et
721 1887 1006 1923 consuetudinem
1022 1885 1145 1922 habuit
1159 1887 1400 1933 Hieronymus,
1417 1887 1612 1933 quibusque
1623 1898 1720 1922 xxix.

167 1943 337 1979 haeresim
353 1944 511 1991 assignat
523 1943 754 1991 Epiphanius,
777 1948 875 1980 vetus
892 1955 994 1980 omne
1014 1947 1261 1979 testamentum
1277 1944 1464 1987 admisere,
1484 1947 1524 1980 ut
1544 1944 1648 1979 ambo
1670 1944 1722 1978 iui

166 2000 286 2037 Patres
301 2001 493 2044 affirmant3
516 2001 610 2048 qnod
631 2001 772 2037 Iudaica
792 2002 861 2037 ista
876 2006 970 2037 secta
983 2001 1140 2038 funditus
1156 2002 1315 2038 reiecisse
1330 2002 1480 2044 videtur,
1504 2001 1720 2048 quandoqui-

167 2058 246 2094 dem
259 2058 532 2095 Pentateuchum
542 2059 652 2095 Mosis
667 2059 834 2095 Iudaismi
848 2059 1038 2095 medullam
1053 2059 1208 2095 funditus
1223 2060 1433 2107 proscripsit.
1465 2059 1534 2094 Sed
1550 2059 1720 2094 eiusmodi

166 2115 296 2152 ludaici
311 2117 461 2152 nominis
476 2115 636 2152 haeresin
646 2115 739 2152 haud
751 2117 823 2152 scio
835 2127 882 2152 an
893 2117 981 2153 alius
993 2121 1129 2164 praeter
1141 2116 1374 2165 Epiphaniam
1387 2117 1718 2152 commemoraverit.

257 2173 318 2208 Kal
334 2172 416 2208 ὅπου
432 2172 453 2218 ἡ
470 2174 546 2220 δρῦς
559 2173 731 2220 Μαμβρῆ]
760 2174 1011 2211 Celeberrimus
1023 2175 1114 2222 apud
1126 2178 1283 2222 posteros
1295 2176 1394 2210 locus
1404 2174 1463 2209 ille
1474 2175 1542 2209 fuit
1553 2174 1596 2208 ad
1610 2185 1720 2219 nsque

167 2231 387 2267 Constantini
400 2231 523 2277 Magni
536 2234 713 2278 tempora,
737 2232 863 2278 quibus
886 2236 958 2268 tam
979 2243 1002 2267 a
1019 2232 1156 2268 Iudaeis
1179 2235 1215 2267 et
1229 2232 1434 2267 Christianis
1451 2242 1555 2278 quam
1571 2242 1593 2266 a
1608 2231 1719 2277 genti-

166 2289 256 2324 libus
278 2288 476 2335 frequentes
497 2288 677 2334 religionis
700 2299 784 2335 ergo
808 2293 997 2325 conventus
1019 2300 1060 2324 ac
1082 2293 1256 2326 mercatus
1277 2290 1347 2325 illic
1368 2288 1494 2331 habiti,
1518 2299 1605 2334 quos
1630 2287 1719 2323 Gon-

165 2346 338 2382 stantinus
353 2345 466 2381 edicto
480 2346 630 2382 sustulit.
669 2345 883 2382 Soaomeuus
898 2347 920 2382 1.
937 2358 974 2382 ιι,
991 2358 1020 2382 c.
1037 2347 1070 2384 3.

434 2449 495 2484 AD
518 2448 749 2485 HAERESIM
770 2449 883 2497 XIX„
907 2449 1027 2493 QUAE
1049 2450 1134 2486 EST
1158 2449 1444 2486 OSSENORUM.

257 2517 351 2562 Quos
369 2518 520 2554 Ossenos
535 2517 591 2554 hic
607 2518 759 2565 appellat
774 2518 1004 2566 Epiphanius,
1028 2517 1195 2560 Ὀσσαίοις
1210 2519 1345 2554 haeresi
1361 2530 1444 2554 xxx.
1466 2521 1501 2552 et
1516 2527 1590 2553 ιιιι.
1606 2519 1717 2554 nomi-

166 2579 242 2620 nat,
270 2580 310 2612 ut
325 2576 480 2623 Scaliger
497 2577 674 2618 observat3
696 2576 990 2623 quemadmodum
1006 2575 1155 2611 Ἐσσαῖοι
1176 2581 1211 2611 et
1226 2575 1382 2619 Ὀσσηνοὶ
1402 2587 1464 2622 pro
1485 2575 1609 2611 iisdem
1629 2577 1717 2611 aeci-

165 2634 316 2681 piuntur.
354 2633 410 2669 Ex
425 2644 495 2680 quo
509 2633 674 2669 nimirum
696 2633 829 2680 colligit
850 2633 888 2667 ‘rb
905 2637 931 2668 V
948 2634 1087 2669 nonnisi
1103 2633 1188 2668 κατὰ
1202 2632 1405 2680 παραγωγὴν
1426 2634 1462 2668 in
1480 2632 1612 2669 Graeco
1629 2645 1715 2676 esse,

165 2702 278 2738 neque
290 2691 439 2727 radicale
454 2691 578 2734 videri,
601 2691 654 2726 uti
674 2701 738 2726 nec
761 2691 799 2726 in
813 2690 1025 2726 Essenorum
1039 2691 1222 2727 vocabulo.
1260 2690 1364 2726 Addit
1379 2689 1559 2734 Ὀσσηνοὶις
1576 2692 1716 2726 eosdem

165 2759 243 2784 esse
265 2758 345 2784 cum
365 2747 552 2792 Ἐσσηνοῖςε
580 2753 746 2795 utrosque
769 2748 862 2783 enim
886 2758 963 2783 esse
983 2751 1123 2792 *Rei-t,
1151 2748 1234 2795 quia
1253 2758 1500 2796 saepenumero
1523 2748 1636 2784 helem
1652 2760 1714 2795 pro

166 2805 303 2849 scheua,
319 2809 355 2841 et
364 2806 519 2842 vicissim
531 2805 659 2841 seheua
671 2817 733 2853 pro
749 2805 865 2841 holem
879 2809 1078 2852 usurpatur.
1100 2805 1198 2841 Hanc
1213 2806 1444 2841 coniecturam
1460 2805 1594 2841 duobus
1610 2807 1716 2853 potis-

166 2863 292 2898 simum
314 2863 526 2908 argumentis
549 2863 712 2906 adstruit,
742 2864 905 2906 alterum,
933 2863 1026 2909 quod
1049 2863 1159 2898 multa
1181 2863 1218 2897 in
1242 2873 1360 2899 eorum
1379 2863 1537 2898 instituto
1559 2867 1713 2898 veterum

165 2919 375 2955 Essenorum
397 2921 546 2968 vestigia
566 2924 782 2968 comparent,
805 2924 930 2967 utputa
951 2919 972 2964 ἡ
996 2923 1063 2954 τῶν
1087 2918 1238 2966 ἀγγέλων
1260 2920 1428 2967 θρησκεία,
1452 2921 1551 2956 cibus
1575 2933 1620 2956 ex
1641 2921 1714 2955 sale

166 2981 202 3012 et
215 2987 322 3023 pane,
338 2981 441 3024 potus
457 2989 503 3014 ex
518 2989 625 3025 aqua,
647 2982 722 3014 tum
748 2978 839 3024 quod
862 2977 986 3012 Osseni
1007 2978 1118 3013 solem
1138 2977 1340 3022 adorarunt,
1363 2978 1454 3014 unde
1478 2982 1513 3013 et
1534 2978 1714 3024 Sampsaei

166 3034 257 3069 dicti.
302 3034 391 3070 Nam
419 3035 616 3082 Sampsaei,
647 3047 794 3083 quorum
824 3039 878 3070 est
901 3034 1052 3071 haeresis
1075 3043 1170 3078 min,
1197 3035 1301 3071 iidem
1327 3047 1407 3071 cum
1431 3035 1575 3071 Ossenis
1598 3035 1714 3070 viden-

233 3109 318 3143 Corp.
338 3110 502 3138 Haereseol.
514 3111 564 3137 111.
1419 3104 1446 3139 C
