2008 3294
1538 181 1725 219 chXxv

170 290 385 328 substantiae
400 290 542 326 nomine
553 289 664 326 filium
677 299 738 336 per
751 287 869 325 omnia
881 286 973 335 patri
987 286 1137 322 similem
1153 297 1231 322 esse
1242 285 1497 333 profiterentur.
1520 285 1610 322 Hinc
1624 286 1726 321 tertia

169 349 231 384 illa
245 348 326 384 fidei
338 347 490 383 formula
505 347 670 390 manavit,
687 357 793 394 quam
804 345 932 381 Valens
948 344 992 379 ad
1007 344 1225 380 Arimineuse
1241 344 1426 379 concilium
1441 343 1574 386 detulit,
1588 347 1629 378 ιιι
1646 343 1725 389 Epi-

169 405 319 453 phanius
334 403 398 440 hac
414 404 491 452 ipsa
505 404 542 439 in
557 403 693 439 haeresi
707 406 864 439 testatur.
910 400 1024 443 Quam
1046 401 1184 447 quidem
1206 401 1298 448 apud
1314 401 1495 436 Socratem
1517 400 1643 444 habes,
1667 400 1726 435 ad-

170 462 309 509 scriptis
325 472 414 497 coss.
429 461 647 504 nominibus,
664 471 735 508 qua
749 460 792 496 de
807 469 932 495 caussa
947 457 1194 493 catholicorum
1211 459 1384 501 omnium,
1399 458 1603 505 praesertim
1621 456 1726 493 Atha-

169 519 277 562 nasii,
291 519 364 555 risu
378 529 419 553 ac
434 518 581 553 ludibrio
598 521 652 553 est
667 521 824 564 excepta.
845 515 975 552 Eodem
988 526 1080 550 anuo
1093 515 1251 550 Liberius
1263 515 1398 551 Beroea
1409 519 1591 551 revocatus
1607 514 1727 550 Sirmii

170 576 302 623 primae
319 575 371 611 illi
389 575 562 610 formulae
583 575 806 622 subscripsit,
828 583 918 621 quae
933 571 1066 608 Graece
1088 583 1110 606 a
1124 573 1243 608 Marco
1260 576 1381 608 contra
1394 571 1581 608 Photinum
1597 572 1727 619 scripta

169 633 298 676 fuerat,
314 643 385 668 non
401 632 583 668 secundae.
617 631 693 674 Quo
708 632 891 679 impetrate
906 629 1055 666 Romam
1070 630 1267 665 remittitur.

258 690 360 726 Anno
378 700 547 726 cccnvnr.
564 690 724 725 absoluta
743 688 918 724 Sirmiana
938 686 1226 734 pseudosynodo,
1249 686 1474 722 Constantius
1490 686 1727 723 Nicomediam

169 747 315 782 alteram
330 747 462 783 indicit.
487 746 557 782 Sed
573 757 614 783 ea
624 750 736 782 terrae
749 748 846 781 motu
855 748 1040 792 prostrata,
1055 755 1140 780 mox
1157 744 1262 779 etiam
1277 743 1417 788 Nicaea,
1433 755 1502 791 quo
1518 748 1726 780 conventum

169 803 348 841 transferri
361 804 556 851 placuerat,
575 804 696 839 eadem
710 803 812 839 ruina
826 802 1003 839 subversa.

261 861 362 896 Anno
379 860 520 896 demum
535 870 676 897 occmx.
692 859 852 896 bifariam
867 858 1060 894 distributis
1076 858 1246 906 episcopis
1269 859 1391 895 eodem
1411 862 1565 906 tempore
1582 859 1727 895 Arimini

171 928 211 954 ac
228 917 406 954 Seleuciae
421 918 459 953 in
475 917 608 953 Isauria
622 917 746 964 synodi
766 916 995 952 celebrentur.
1040 916 1138 951 Hanc
1158 916 1296 950 illorum
1317 919 1514 962 temporum
1533 916 1725 960 historiam,

170 975 366 1011 cuiusmodi
376 975 413 1010 ιιι
422 975 614 1011 Annalibus
625 974 781 1018 traditur,
797 985 877 1010 cum
888 973 926 1009 in
937 973 1081 1008 caeteris
1094 972 1259 1008 Nicolaus
1275 972 1386 1008 Faber
1401 974 1454 1008 vir
1471 973 1725 1009 eruditissimus

170 1044 242 1068 non
263 1032 452 1080 improbet,
475 1032 512 1068 in
534 1031 600 1067 hoc
617 1031 776 1067 dissentit
795 1042 883 1074 uno,
907 1030 1001 1078 quod
1015 1030 1154 1065 tertiam
1169 1030 1250 1065 fidei
1265 1030 1535 1076 professionem,
1559 1032 1615 1066 cui
1638 1042 1726 1067 coss.

171 1089 279 1126 additi
294 1094 386 1132 sunt,
405 1093 512 1136 negat
526 1089 563 1125 in
578 1088 760 1124 Sirmiensi
774 1088 908 1135 synodo
922 1088 1033 1123 fuisse
1054 1086 1255 1123 conflatam.
1300 1087 1423 1134 Itaque
1447 1087 1533 1122 duas
1559 1088 1729 1124 duntaxat

171 1147 302 1193 priores
319 1146 430 1184 editas
445 1149 521 1182 tum
537 1157 614 1182 esse
630 1149 764 1189 censet,
780 1156 860 1181 cum
877 1145 1039 1181 adversus
1055 1143 1243 1180 Photinum
1258 1144 1379 1180 Ariani
1394 1150 1640 1181 convenerunt.
1663 1146 1728 1181 Po·

172 1206 339 1239 stremam
349 1213 430 1239 vero
447 1203 565 1239 Sirmii
579 1203 676 1239 illam
692 1202 831 1250 quidem
848 1201 987 1245 editam,
1003 1201 1065 1238 sed
1079 1202 1116 1237 in
1131 1202 1274 1237 fortuito
1289 1202 1533 1248 episcoporum
1548 1213 1728 1246 concursu,

171 1272 243 1295 non
257 1260 412 1307 legitimo
427 1260 624 1307 indictoque
640 1260 797 1296 concilio.
845 1259 904 1295 Sic
919 1259 1012 1295 enim
1028 1259 1208 1295 existimat
1225 1258 1262 1293 in
1283 1259 1344 1294 illa
1365 1258 1598 1305 praefatione,
1623 1271 1728 1306 quam

170 1317 292 1352 Hilarii
305 1317 512 1364 fragmentis
526 1316 707 1364 praefixit,
724 1316 965 1352 Constantium
982 1316 1091 1352 literis
1109 1315 1152 1352 ad
1164 1316 1388 1362 Ancyranum
1404 1315 1575 1352 Basiliam
1590 1318 1728 1364 scriptis

171 1374 356 1410 mandasse
377 1378 417 1411 ιιι
437 1374 571 1410 deloco
593 1374 771 1421 cogendae
793 1373 918 1420 synodi
940 1385 1020 1409 cum
1045 1373 1278 1408 Orientalibus
1302 1372 1517 1409 deliberaret.
1555 1373 1624 1409 Sed
1648 1385 1729 1410 cum

171 1431 263 1467 inter
277 1432 356 1468 illos
372 1431 555 1468 convenire
573 1443 642 1467 non
659 1435 796 1478 posset,
819 1431 991 1467 Basilium
1013 1430 1059 1465 ad
1077 1430 1234 1477 imperat.
1252 1430 1387 1465 venisse
1403 1430 1587 1474 Sirmium,
1610 1432 1727 1478 ibique

171 1489 330 1525 Marcum
350 1487 590 1532 Arethusiam,
611 1489 793 1525 Valentem
815 1489 972 1534 aliosque
994 1488 1174 1534 reperisse.
1221 1487 1318 1522 Tunc
1341 1487 1475 1523 collatis
1499 1489 1670 1535 capitibus
1693 1493 1729 1524 et

172 1546 453 1593 conspirantibus
466 1545 512 1582 'ad
526 1545 716 1583 Nicaenam
736 1545 843 1581 fidem
863 1545 1082 1581 evertendam
1105 1544 1231 1580 animis
1253 1545 1419 1580 statuisse
1441 1548 1480 1580 ιιι
1500 1545 1650 1580 Nicaeae
1671 1557 1728 1592 sy-

172 1603 286 1639 nodus
301 1602 496 1640 haberetur.
539 1602 624 1638 Post
638 1613 718 1638 cum
735 1602 880 1638 eandem
895 1603 1016 1638 urbem
1032 1605 1143 1638 terrae
1159 1604 1274 1637 motus
1290 1601 1492 1645 afflixisset,
1509 1603 1673 1638 statuisse
1687 1607 1729 1638 ιιι

172 1660 416 1707 episcoporum
435 1670 516 1707 pars
532 1659 743 1703 Ariminum,
765 1670 845 1707 pars
862 1659 1057 1695 Seleuciam
1080 1669 1157 1694 sese
1177 1658 1360 1695 conferret.
1392 1659 1442 1694 Ac
1457 1670 1519 1706 per
1532 1659 1625 1695 idem
1640 1664 1727 1695 tem-

172 1728 239 1764 pus
263 1717 381 1753 Sirmii
407 1727 535 1753 novam
564 1727 606 1753 ac
634 1717 773 1752 tertiam
799 1716 880 1752 fidei
905 1716 1092 1752 formulam
1118 1726 1140 1751 a
1162 1716 1281 1751 Marco
1304 1715 1489 1752 Arethusio
1513 1717 1623 1752 fuisse
1646 1728 1727 1753 con-

173 1774 355 1821 scriptam,
378 1777 418 1810 ut
439 1784 485 1810 ex
501 1773 669 1811 Germinii
690 1774 853 1821 epistola,
877 1784 966 1821 quae
989 1773 1027 1809 in
1048 1772 1256 1820 fragmentis
1277 1773 1415 1820 legitur,
1437 1773 1601 1810 Nicolaus
1615 1774 1727 1810 Faber

174 1831 344 1868 observat.

285 1933 565 1971 REFELLITUR
585 1934 826 1971 ms'l‘omcn
848 1933 1140 1971 SUPERIORUM
1163 1933 1348 1970 OMNIUM
1369 1933 1612 1972 NARRATIO.

261 2003 343 2040 Fuit
355 2002 422 2039 hoo
435 2004 543 2050 igitur
557 2003 725 2039 hactenus
739 2014 946 2051 persuasum
962 2004 1141 2046 omnibus,
1166 2003 1210 2039 ab
1234 2014 1305 2038 uua
1327 2003 1517 2050 eademque
1541 2003 1725 2040 Sirmiensi

173 2060 306 2107 syuodo
322 2061 591 2098 condemnatum
613 2071 689 2096 esse
707 2061 910 2103 Phofinum,
935 2064 970 2095 et
992 2061 1066 2096 sive
1088 2064 1175 2103 tres,
1199 2060 1272 2095 sive
1297 2060 1382 2095 duas
1406 2061 1530 2096 saltem
1553 2061 1634 2097 fidei
1656 2061 1726 2097 for-

172 2118 287 2154 mulas
302 2129 379 2153 esse
393 2118 578 2165 profectas.
621 2117 774 2160 Quarum
790 2118 955 2153 adversus
970 2116 1108 2152 Photini
1124 2117 1290 2164 dogmata
1303 2118 1397 2164 prior
1413 2118 1503 2153 edita
1518 2122 1587 2160 est,
1604 2119 1640 2153 in
1657 2130 1726 2164 qua

174 2173 238 2211 deo
253 2186 380 2210 nomen
396 2174 507 2215 οὐσίας
527 2175 732 2210 attributum
755 2181 824 2218 est,
849 2185 955 2221 quam
977 2186 1090 2222 neque
1113 2175 1286 2217 collatari,
1309 2186 1422 2221 neque
1446 2174 1601 2210 contrahi
1623 2186 1725 2221 posse

174 2231 406 2269 decreverunt.
454 2231 566 2274 Quam
582 2231 688 2267 etiam
705 2231 836 2267 Graece
851 2243 874 2267 a
887 2232 1006 2267 Marco
1022 2231 1207 2267 Arethusio
1223 2232 1387 2279 scriptam
1402 2235 1549 2267 testatur
1564 2232 1724 2268 Socrates

173 2289 234 2326 lib.
246 2300 285 2325 ιι.
300 2299 376 2337 cap.
389 2301 470 2326 xxv.
502 2289 620 2324 Altera
640 2288 765 2324 Latino
787 2299 944 2324 sermone
966 2289 1110 2332 tradita,
1125 2289 1286 2331 Valente,
1310 2288 1467 2330 Ursacio,
1485 2288 1662 2324 Germinio
1685 2300 1725 2325 ac

174 2346 317 2382 caeteris
332 2346 503 2393 episcopis
518 2345 773 2392 praesentibus,
789 2348 830 2380 ιιι
842 2346 1022 2392 inscriptio
1037 2346 1115 2393 ipsa
1129 2346 1208 2381 fert.
1249 2346 1288 2380 In
1306 2356 1375 2391 qua
1391 2345 1501 2385 οὐσίας
1516 2357 1646 2381 nomen
1660 2358 1724 2382 nec

173 2414 244 2439 non
260 2406 296 2439 et
311 2401 486 2450 ὅμοουσίου
503 2408 606 2449 atque
624 2400 812 2448 ὁμοιουσίου
826 2403 1012 2446 vocabula,
1036 2403 1129 2449 quod
1152 2403 1189 2437 in
1212 2402 1319 2437 sacris
1341 2402 1453 2437 literis
1468 2413 1540 2438 non
1555 2407 1724 2449 extarent,

174 2460 454 2496 obliteratasunt
468 2463 503 2495 et
517 2460 554 2494 in
569 2462 774 2506 perpetuum
788 2459 990 2506 proscripta.
1013 2459 1104 2494 Nam
1118 2459 1160 2494 de
1176 2459 1277 2493 tertia
1292 2459 1426 2502 merito,
1441 2462 1482 2494 ut
1495 2463 1618 2506 postea
1631 2461 1724 2496 vide-

174 2517 300 2560 bimus,
314 2516 476 2553 Nicolaus
487 2517 600 2552 Faber
613 2519 797 2563 repugnat,
814 2526 918 2562 quam
934 2516 994 2551 alii
1008 2516 1130 2551 eadem
1145 2516 1204 2550 illa
1217 2516 1254 2550 in
1266 2515 1400 2561 synodo
1412 2519 1537 2562 putant
1551 2528 1627 2552 esse
1642 2528 1722 2554 con-

175 2573 351 2620 scriptam.
386 2574 483 2610 Hanc
500 2573 663 2615 Socratis,
680 2572 875 2615 Sozomeni,
891 2573 1117 2618 aliorumque,
1134 2576 1172 2607 ut
1185 2583 1270 2607 mox
1286 2573 1469 2615 constabit,
1485 2572 1722 2611 hallucinatio-

176 2641 258 2666 nem
270 2631 371 2666 novis
386 2631 559 2666 erroribus
574 2630 781 2665 recentiores
796 2628 951 2664 historici
965 2629 1195 2664 cumularunt.
1230 2627 1383 2671 Quorum
1398 2641 1470 2664 non
1484 2630 1650 2666 minimus
1663 2632 1722 2667 ille

179 2690 248 2730 est,
269 2687 361 2734 quod
375 2687 595 2734 Ancyranam
613 2686 907 2722 Semiarianornm
929 2685 1118 2731 synodum,
1142 2695 1233 2732 quae
1251 2685 1420 2732 adunus
1443 2688 1629 2723 secundam
1651 2689 1721 2724 Sir-

178 2743 346 2779 miensem
364 2744 550 2780 formulam
569 2744 687 2779 habita
711 2747 779 2785 est,
800 2742 837 2777 in
858 2742 1007 2777 eundem
1030 2752 1160 2776 annum
1183 2731 1388 2801 confidunt,
1407 2754 1475 2790 quo
1497 2755 1519 2779 a
1541 2744 1723 2781 Sirmiensi

180 2800 324 2836 concilio
340 2801 521 2837 damnatus
538 2805 591 2837 est
604 2801 782 2842 Photinus,
798 2810 922 2846 nempe
937 2797 1065 2835 Christi
1081 2808 1236 2835 cccnvrr.
1252 2796 1395 2836 Verum
1414 2812 1480 2836 nos
1502 2812 1547 2837 ex
1569 2803 1720 2849 antiquis

180 2855 334 2902 patribus
348 2857 496 2904 primum
511 2858 596 2894 illud
613 2857 745 2893 odorati
756 2867 894 2898 sumuS,
910 2859 979 2891 tres
996 2856 1136 2891 omnino
1149 2858 1338 2891 conventus
1349 2857 1590 2904 episcoporum
1601 2860 1722 2895 eodem

181 2913 218 2947 in
233 2912 414 2949 Sirmiensi
428 2915 568 2961 oppido,
591 2926 662 2950 non
684 2914 806 2948 iisdem
822 2913 1035 2960 temporibus
1051 2913 1240 2948 celebratos
1253 2913 1372 2950 fuisse.
1421 2914 1574 2957 Quorum
1589 2918 1720 2963 primus

182 2969 366 3015 synodicus
383 2974 416 3005 et
429 2971 577 3007 indictus
594 2972 670 3014 fuit,
687 2982 767 3005 cum
782 2970 946 3005 adversus
961 2969 1145 3004 Photinum
1159 2970 1376 3017 imperatoris
1390 2971 1499 3007 literis
1520 2974 1619 3008 acciti
1640 2976 1721 3008 sunt

182 3026 350 3073 episcopi,
369 3027 494 3074 reliqui
513 3029 580 3064 duo
603 3017 736 3064 fortuiti
750 3027 959 3073 minimeque
980 3027 1203 3062 conciliorum
1224 3027 1301 3063 loco
1323 3038 1365 3064 ac
1385 3030 1526 3065 nomine
1548 3028 1720 3071 censendi,

1403 3097 1452 3132 S.

1760 2186 1788 2211 p.
1800 2177 1858 2206 ³11.
