2008 3294
1610 172 1710 207 CCCI

168 276 395 322 rint,'mamcs
418 283 546 314 tantum
569 281 618 313 eie
640 281 866 325 imponantur,
887 282 926 311 at
945 278 1123 322 accipiant
1148 279 1289 323 spirtum
1310 282 1470 312 sanctum.
1506 274 1550 310 At
1564 275 1710 321 August.

167 337 227 372 lib.
240 348 291 372 ιιι.
309 335 350 371 de
365 335 466 382 Bapt.
488 339 608 371 contra
630 335 832 371 Donatistae
852 344 927 381 cap.
940 345 1015 368 xv.:
1051 334 1271 374 Quamobrem
1294 336 1325 367 ei
1347 334 1564 379 evanyeln'cis,
1587 332 1711 379 inquit,

168 394 279 428 verbis
293 395 329 427 in
345 396 474 428 nomine
484 396 602 439 patris
618 394 728 440 etfilii
742 398 776 428 ct
787 394 928 438 spiritus
943 394 1057 425 sancti
1072 391 1232 425 Marcion
1254 391 1449 436 baptismum
1480 390 1712 431 consecrabat,

167 453 331 496 integrum
348 456 426 484 erat
438 456 706 492 sacramentum,
727 452 878 496 quamvis
900 449 1068 494 eiusfldes
1083 448 1141 481 »mh
1158 449 1279 483 eisdem
1296 449 1405 482 verbis
1421 449 1516 482 atiud
1528 450 1712 493 opinantis,

168 519 266 553 quam
290 507 462 542 catholica
486 510 615 542 veritae
639 509 750 548 docet,
779 519 841 541 non
870 510 956 540 cenet
979 507 1132 550 inteqra,
1160 507 1221 539 sed
1233 506 1406 551 sabulosis
1419 505 1635 551 falsitatibus
1659 507 1712 538 in-

168 566 320 611 quinata.
353 564 446 598 Nam
463 565 521 598 sub
538 566 661 599 eisdem
675 564 804 606 verbis,
827 565 866 599 id
882 569 932 597 est
944 565 982 596 in
997 565 1126 596 nomine
1136 565 1254 608 patris
1269 563 1378 608 etfilii
1391 569 1423 596 et
1436 565 1574 608 σμγ-ϋηο
1589 564 1711 603 sancti,

167 633 232 656 non
242 622 346 656 solum
362 621 538 663 Marcion,
563 627 625 656 aut
644 621 855 662 Valentinus,
878 625 940 654 aut
953 619 1078 662 Arius,
1102 626 1163 653 aut
1177 619 1374 662 Eunomius,
1396 621 1456 654 sed
1467 622 1537 666 ipsi
1551 620 1713 654 carnales

162 679 307 725 parvuli
321 679 501 721 ecclesiae,
527 679 568 712 de
583 679 700 724 quibus
715 678 852 712 dicebat
865 677 1052 723 apostolus.-
1078 689 1141 711 non
1153 679 1251 722 potui
1265 677 1353 722 loqui
1366 677 1472 718 vobis,
1496 679 1596 723 quasi
1609 679 1711 723 spiri-

168 735 306 777 talibus,
323 737 384 770 sed
398 738 498 781 quasi
513 736 727 777 carnalibus,
743 737 776 770 ei
783 741 923 781 possent
935 734 1062 779 n‘nquh'
1077 734 1257 778 diliqenter
1272 736 1494 779 intmoyam',
1511 740 1557 769 tot
1572 735 1711 769 diversi-

168 798 254 828 tates
269 795 458 839 opinionum
465 795 647 838 fortassis,
663 797 740 839 quot
754 792 901 827 homines
915 797 1182 827 numerarentur.
1225 790 1401 826 Postremo
1417 790 1564 826 Basilius
1581 792 1616 826 in
1633 791 1712 837 Epi-

167 850 256 885 stola
271 849 315 884 ad
328 849 604 896 Amphilochium
620 849 705 886 Can.
719 861 827 884 nvn.
843 848 1055 891 Euenum,
1071 847 1308 894 Saccophoros
1324 852 1359 882 et
1370 848 1582 894 Apotactitas
1598 849 1711 883 denuo

167 906 392 953 baptizandos
409 917 485 942 esse
502 910 620 943 censet
634 907 707 953 ipse
724 906 874 953 quidem.
921 905 983 940 Sin
999 908 1068 948 est,
1089 909 1127 940 ut
1142 904 1417 951 Amphilochius,
1433 905 1572 952 perinde
1587 917 1627 940 ac
1644 906 1712 940 Ro-

167 964 278 1006 mani,
299 962 483 1010 οἰκονομίας
500 963 584 1004 τινος
601 963 710 1010 ἕνεκα,
733 962 771 998 τὸ
788 966 847 998 τοῦ
863 961 1111 1009 ἀναβαπτισμοῦ
1127 967 1285 1009 respuat,
1310 961 1528 998 nihilominus
1543 963 1712 998 rationem

168 1031 268 1056 suam
283 1021 398 1056 valere
413 1021 628 1068 pronunciat.
659 1020 735 1063 Qua
750 1021 792 1056 de
807 1032 844 1056 re
859 1020 984 1067 synodi
1000 1019 1175 1054 decretum
1192 1019 1454 1066 expectandum.
1487 1021 1580 1055 Idem
1597 1025 1713 1055 autem

169 1077 344 1114 can.1.eo
359 1078 571 1125 propendere
586 1078 720 1113 videtur
743 1082 782 1113 ut
803 1077 995 1113 haereticos
1019 1088 1141 1112 omnes
1164 1078 1288 1112 iterato
1312 1077 1532 1124 baptizandos
1556 1089 1632 1112 esse
1656 1078 1713 1112 de-

168 1139 296 1172 cernat.
324 1135 413 1170 Nam
429 1135 523 1171 aliud
538 1130 614 1171 esse
630 1135 713 1171 dicit
727 1135 897 1178 haeresin,
914 1134 1007 1170 aliud
1023 1134 1182 1177 schisma,
1199 1134 1292 1169 aliud
1309 1136 1598 1181 παρασυναγωγήν.
1626 1135 1713 1170 Hae-

167 1193 253 1227 resie
270 1195 323 1227 est
339 1203 428 1239 quae
445 1193 654 1228 contrarium
669 1193 821 1239 aliquem
837 1193 918 1228 fidei
934 1195 1048 1227 tuetur
1065 1203 1227 1227 errorem.
1266 1190 1421 1227 Schisma
1435 1203 1516 1227 vero
1533 1191 1713 1226 dissidium

169 1253 222 1284 est
245 1250 288 1284 ob
313 1250 565 1286 ecclesiasticas
590 1250 758 1296 quasdam
785 1251 1036 1285 controversias
1060 1253 1233 1285 exortum.
1265 1249 1311 1284 At
1331 1250 1611 1296 παρασυναγωγὴ,
1635 1261 1714 1284 cum

167 1310 391 1342 contumaces
405 1307 597 1354 presbyteri
612 1311 673 1343 aut
688 1307 858 1354 episcopi,
880 1313 941 1342 aut
959 1307 1064 1342 etiam
1080 1307 1159 1342 laici
1174 1318 1244 1342 non
1260 1307 1430 1352 legitimos
1446 1310 1638 1342 conventus
1654 1306 1713 1341 ha-

166 1363 260 1399 bent.
291 1363 365 1399 Iam
381 1364 440 1410 qui
455 1375 500 1399 ex
516 1363 701 1400 schismate
723 1369 784 1399 aut
799 1367 1067 1411 παρασυναγωγῇ
1083 1364 1127 1398 ad
1142 1364 1321 1399 ecclesiam
1337 1368 1564 1407 revertuntur,
1580 1375 1624 1399 ex
1640 1375 1714 1398 ma-

166 1421 279 1456 iorum
294 1421 477 1457 traditione
492 1421 567 1456 sine
583 1421 757 1468 baptismo
773 1421 987 1468 recipiendos
1004 1432 1082 1456 esse
1098 1421 1228 1458 definit.
1260 1421 1452 1458 Haereticos
1469 1426 1585 1457 autem
1601 1422 1714 1457 denuo

166 1477 403 1524 baptizandos.
428 1477 651 1525 Quanquam,
666 1479 797 1525 inquit,
814 1478 1007 1526 Cyprianus
1024 1482 1058 1514 et
1069 1478 1289 1514 Firmilianus
1306 1489 1422 1514 omnes
1437 1483 1509 1514 tam
1521 1478 1713 1514 haereticos

168 1546 273 1581 quam
295 1534 531 1571 schismaticos
552 1536 814 1583 rebaptizandos
838 1547 914 1571 esse
937 1540 1160 1579 censuerant,
1184 1536 1294 1583 quod,
1316 1547 1393 1571 cum
1418 1547 1456 1571 se
1479 1537 1524 1571 ab
1547 1537 1714 1571 ecclesiae

168 1593 413 1628 communione
429 1593 655 1637 seiunxerint,
670 1594 861 1640 interrupta
876 1593 922 1628 sit
936 1594 972 1628 in
986 1594 1057 1628 illis
1074 1594 1216 1640 spiritus
1232 1594 1342 1629 saneti
1356 1594 1484 1640 gratia,
1500 1605 1564 1629 nec
1585 1605 1662 1629 eam
1678 1595 1714 1628 in

168 1653 323 1685 caeteros
346 1650 494 1696 amplius
517 1651 652 1698 possint
672 1651 925 1686 transfudere.
973 1650 1030 1684 Διὶ)
1055 1649 1100 1691 ὡς
1122 1649 1211 1698 παρὰ
1232 1650 1351 1686 λαῖκῶν
1368 1650 1621 1698 βαπτιζομένους
1638 1650 1713 1690 τοὺς

167 1705 246 1753 παρ’
263 1706 371 1742 αὐτῶν
387 1705 558 1742 ἐκέλευσαν
573 1706 769 1755 ἐρχομένους
785 1706 836 1742 ἐπὶ
851 1707 908 1752 τὴν
929 1706 1102 1752 ἰκκλησίαν
1126 1710 1176 1755 τῷ
1200 1705 1341 1752 ἆληθινῶ
1363 1707 1568 1755 βαπτίσματο-
1585 1711 1635 1756 τῷ
1658 1710 1714 1752 τῆς

167 1761 339 1808 ἐκκλησίας
363 1762 645 1811 ἀνακαθαίρεσθαιε
684 1765 874 1812 Propterea
888 1768 940 1800 sic
955 1766 1034 1801 illos
1050 1771 1209 1811 tanquam
1225 1778 1248 1800 a
1265 1766 1364 1800 lanz-is
1379 1766 1584 1812 baptizatos,
1607 1767 1713 1805 denuo
1770 1793 1776 1801 .

167 1823 348 1863 iusserunt,
372 1833 445 1856 cum
469 1823 518 1857 ad
539 1823 716 1857 ecclesiam
738 1824 906 1866 redirent,
928 1835 1007 1857 vero
1031 1824 1196 1858 ecclesiae
1211 1823 1370 1868 capuano
1385 1825 1581 1869 repurqari.
1627 1823 1713 1862 Mox

167 1878 316 1922 subiicit,
331 1877 463 1924 Ἐπειδὴ
477 1878 512 1913 δὲ
524 1877 610 1920 ὅλως
627 1876 719 1920 ἔδοξέ
732 1891 793 1914 τισι
806 1881 871 1914 τῶν
884 1877 968 1914 κατὰ
979 1879 1037 1924 τὴν
1049 1878 1170 1926 Ἀσίαν,
1188 1878 1369 1926 οἰκονομίας
1383 1879 1475 1914 ἕνεκα
1486 1881 1552 1914 τῶν
1565 1879 1714 1922 πολλῶν,

169 1934 321 1982 δεχθῆναι
337 1935 445 1970 αὐτῶν
461 1935 499 1970 τὸ
517 1934 698 1983 piraticum
716 1934 801 1971 ἔστω
818 1937 948 1971 δεκτόνε
969 1937 1133 1978 Quoniam
1151 1943 1260 1972 autem
1273 1937 1413 1972 Asianis
1423 1938 1620 1983 quibusdam
1632 1940 1712 1984 pla·

169 1995 253 2035 cuit,
270 1996 374 2039 pacis
390 2004 433 2028 ac
450 1995 652 2028 concordiae
665 1997 786 2039 qratia
802 1996 842 2029 id
854 1997 982 2030 remitti
995 2001 1164 2041 oportere,
1186 2001 1223 2029 ut
1237 2007 1343 2029 eorum
1360 1996 1528 2041 baptisma
1544 1998 1712 2041 recipere-

167 2056 232 2092 tur,
248 2055 314 2084 esto
329 2057 508 2096 receptum.
535 2050 605 2085 Sed
619 2050 813 2086 Encratitas
829 2052 1091 2098 rebaptizandos
1108 2063 1186 2087 esse
1200 2052 1401 2090 nominatim
1417 2053 1553 2088 statuit:
1571 2051 1624 2087 ἐὰν
1641 2051 1713 2098 μέν·

167 2117 216 2140 τοι
231 2105 335 2154 μέλλῃ
353 2109 391 2155 ἰῇ
407 2107 552 2142 καθόλου
569 2106 738 2156 οἰκονομίᾳ
753 2107 910 2156 ἐμπόδιον
926 2106 1052 2143 ἔσεσθαι
1068 2112 1184 2154 τοῦτο,
1208 2107 1303 2144 πάλιν
1323 2111 1372 2156 τῷ
1396 2107 1457 2143 ἔθει
1474 2109 1636 2156 χρηστέον
1660 2109 1712 2143 καὶ

168 2165 235 2204 τοῖς
258 2162 490 2211 οἰκονομήσασι
511 2164 551 2199 τὰ
571 2163 643 2199 καθ’
658 2164 744 2212 ἡμᾶς
767 2164 926 2212 πατράσιν
949 2165 1215 2210 ἀκολουθητέον-ι·
1234 2165 1296 2210 Sia
1311 2172 1360 2203 eet
1371 2173 1410 2202 ut
1421 2170 1566 2201 iterat-us
1582 2168 1638 2200 ille
1654 2167 1712 2200 ba-

162 2223 307 2268 ptismus
323 2224 412 2268 paci
431 2223 596 2256 ecclesiae
619 2224 970 2270 administrationiquc
992 2225 1092 2266 obest,
1115 2212 1520 2260 almidwcometudo
1540 2226 1714 2258 omittendi

169 2278 327 2325 baptismi
339 2282 537 2315 retineatur.
583 2279 677 2314 Haec
699 2280 840 2315 uberius
865 2291 910 2315 ex
933 2281 1069 2316 decreto
1092 2280 1290 2317 illone-nii
1309 2291 1583 2317 commemorare
1598 2282 1713 2316 visum

169 2339 239 2379 est,
261 2335 353 2382 quod
367 2337 478 2372 multa
491 2337 528 2371 in
544 2347 585 2371 eo
600 2335 763 2380 mirifica,
786 2341 835 2380 et,
860 2338 890 2372 si
910 2348 1030 2373 verum
1055 2338 1271 2384 quaerimus,
1293 2348 1417 2385 parum
1439 2337 1610 2373 catholica
1632 2349 1715 2373 con-

168 2393 332 2430 tinentur.
355 2392 443 2429 Nam
457 2394 548 2440 quod
560 2393 834 2439 rebaptizandos,
850 2395 880 2430 si
896 2395 971 2430 sine
982 2395 1144 2430 scandalo
1160 2395 1237 2430 fieri
1251 2395 1370 2441 possit,
1384 2394 1576 2430 haereticos
1592 2406 1713 2431 omnes

168 2449 342 2486 affirmare
355 2451 500 2494 videtur,
523 2450 684 2497 quodque
705 2451 780 2486 sine
803 2452 977 2498 baptismo
1000 2453 1184 2498 plerosque
1206 2452 1418 2498 recipiendos
1441 2453 1486 2488 ob
1509 2463 1588 2488 eam
1609 2463 1714 2488 unam

169 2517 328 2544 caussam
348 2508 541 2550 existimat,
566 2507 649 2554 quia
670 2507 824 2554 idipsum
843 2507 1028 2555 οἰκονομίας
1045 2508 1138 2542 ἕνεκα
1152 2509 1228 2544 fieri
1243 2509 1386 2555 placuit,
1409 2521 1534 2556 parum
1557 2521 1637 2545 cum
1660 2521 1714 2546 cc-

169 2565 361 2601 clesiastico
377 2565 540 2612 dogmate
556 2564 728 2600 convenit.
774 2564 872 2606 Quod
888 2565 1027 2612 quidem
1044 2565 1294 2601 haereticorum
1310 2567 1521 2613 baptismum
1537 2578 1582 2602 ex
1598 2567 1714 2603 catho-

168 2623 234 2659 lico
250 2623 319 2658 ritu
335 2633 375 2658 ac
391 2622 601 2669 praescripto
618 2625 816 2668 susceptum
833 2623 1017 2668 approbat,
1033 2634 1097 2658 nec
1114 2624 1229 2658 iterari
1243 2624 1312 2658 ullo
1328 2623 1431 2658 modo
1447 2626 1586 2670 patitur.
1615 2624 1714 2668 Quod

170 2680 202 2715 si
215 2679 314 2715 aliter
327 2690 432 2726 quam
443 2681 531 2715 utin
543 2679 688 2714 ecclesia
698 2682 876 2725 receptum
892 2682 955 2722 est,
970 2678 1036 2715 hoc
1048 2684 1102 2715 est
1113 2691 1157 2715 ex
1169 2680 1325 2726 legitima
1334 2681 1502 2724 formula,
1519 2682 1712 2728 baptismus

169 2748 240 2772 non
255 2736 359 2772 modo
375 2737 419 2772 ab
435 2736 632 2778 haereticis,
650 2735 709 2770 sed
721 2735 776 2770 vel
790 2735 875 2782 ipsis
892 2735 1070 2771 catholicis
1086 2737 1266 2779 tribuatur,
1282 2728 1376 2772 nulla
1387 2739 1482 2784 pacis
1495 2741 1713 2775 concordiae-

171 2803 238 2840 que
254 2787 496 2840 specie‘potest
511 2793 633 2828 adduci
648 2796 687 2827 ut
702 2793 788 2827 citra
802 2804 933 2828 novum
948 2793 1160 2839 baptismum
1177 2795 1373 2841 quempiam
1389 2795 1558 2832 admittat.
1601 2797 1713 2840 Quare

171 2850 213 2885 de
228 2843 412 2885 En'cratitis
427 2861 549 2897 parum
565 2853 798 2885 consentanee
819 2850 924 2884 sentit
938 2849 1106 2894 Basilius,
1130 2854 1168 2886 ut
1189 2855 1224 2886 et
1243 2851 1434 2899 Cyprianus
1453 2854 1555 2897 olim,
1577 2856 1653 2901 qui,
1676 2860 1714 2889 ut

170 2907 388 2954 Augustinus
403 2906 567 2943 adversus
582 2907 783 2942 Donatistas
805 2907 942 2953 saepius
964 2907 1132 2950 inculcat,
1154 2910 1354 2954 praesertim
1374 2910 1463 2946 libro
1479 2924 1517 2947 11.
1540 2916 1575 2946 et
1597 2924 1647 2947 m.
1671 2913 1713 2946 de

170 2963 369 3011 Baptismo,
398 2965 535 3000 tametsi
558 2964 693 3000 nullum
716 2975 792 2999 esse
813 2963 1026 3010 baptismum
1051 2964 1300 3003 haereticorum
1318 2972 1490 3012 censeret,
1513 2972 1630 3004 tamen
1654 2969 1714 3015 qui

171 3021 375 3067 rebaptizari
390 3021 537 3064 nollent,
561 3022 604 3057 ab
621 3021 786 3056 ecclesiae
802 3022 1044 3058 communione
1066 3034 1285 3070 nequaquam
1305 3024 1382 3059 ideo
1405 3026 1619 3071 repellendos
1635 3036 1712 3060 cen-
