2008 3294
156 303 277 338 Annus
307 303 439 349 primus
462 303 623 339 Julianus
653 315 724 340 non
751 304 818 339 fnit
841 303 898 339 Bi-

201 360 335 394 sextilis
820 359 896 396 205.

155 417 244 451 Anni
275 416 409 451 Judaici
446 428 526 452 vera
563 418 750 453 declaratio
789 422 823 453 et
851 429 896 452 ex

199 473 391 520 Epiphanio
416 475 531 520 cyclus
554 475 764 510 Judaeorum
790 485 896 521 expo·

92 572 94 575 Ι
198 531 291 566 1111111
822 531 895 568 159.

135 588 244 622 ‚Anni
265 587 402 622 Judaici
431 589 545 623 forma
574 599 680 634 quam
710 590 776 624 sub
799 588 895 624 chri-

196 645 242 679 sti
265 649 421 691 tempora
444 651 629 680 tenuerunt

151 702 194 736 de
219 702 318 736 Anno
355 703 527 748 passionis
557 703 750 738 dominicae
778 703 893 738 variae

195 759 385 804 priscorum
418 760 610 795 sententiae
645 759 793 795 diatriba
821 771 893 795 am-

80 848 87 854 ,
194 816 353 861 piissima
816 817 892 852 242.

89 882 93 886 ’
149 871 191 906 de
210 873 320 907 Annis
336 873 478 909 Adriani
493 873 710 920 imperatoris
735 874 892 921 quaestio

193 929 369 976 implicata
389 930 487 972 391„
526 931 567 966 de
596 931 670 977 ejus
693 931 891 977 peregrina-

194 986 346 1022 tionibus
818 987 891 1023 193.

148 1043 330 1079 Antiochia
343 1043 465 1090 Syriae
477 1045 676 1091 metropolis
690 1044 891 1092 Epidaphne

192 1099 282 1135 dicta
305 1105 339 1135 et
364 1112 468 1147 quam
494 1102 538 1137 ob
562 1113 702 1137 causam
813 1101 891 1138 305.

147 1154 386 1204 Ἀποβατήριον
858 1159 890 1194 5.

146 1214 354 1260 Apollinaris
372 1227 464 1251 error
488 1215 616 1263 duplici
639 1216 772 1262 synodo
795 1216 891 1251 dam-

189 1275 292 1306 natus
815 1273 891 1308 230.

146 1328 355 1375 Apollinaris
373 1330 490 1376 opinio
507 1329 548 1365 de
565 1341 667 1365 carne
685 1329 812 1365 Christi
836 1330 889 1365 60.

143 1386 390 1432 Apostolorum
406 1387 578 1435 principes
601 1398 670 1434 quo
687 1398 778 1422 anno
796 1388 891 1434 passi

190 1448 269 1478 sunt
833 1445 888 1481 49.

142 1500 263 1546 Α1111110
299 1501 498 1538 benedictae
534 1513 619 1537 usus
649 1512 754 1548 quam
785 1501 889 1538 fuerit

187 1557 352 1604 antiquus
832 1558 886 1594 58.

141 1614 273 1650 Arabes
301 1626 323 1650 a
353 1625 432 1651 vere
460 1626 592 1651 annum
615 1627 718 1652 suum
741 1617 886 1663 incipie-

187 1672 271 1706 bant
813 1673 886 1709 134.

139 1727 300 1763 Archelai
322 1728 475 1765 Judaeae
499 1730 591 1776 regis
614 1731 780 1776 relegatio
813 1731 886 1766 134.

138 1785 345 1821 Arianorum
354 1785 434 1821 fidei
441 1787 788 1834 professionesvariae
798 1799 887 1835 quae

183 1853 294 1888 usque
307 1843 351 1878 ad
367 1843 525 1879 undecim
549 1849 795 1880 enumerantur
809 1845 887 1881 327.

139 1899 341 1935 Aristoteles
374 1901 531 1936 fabulam
561 1901 602 1937 de
632 1903 755 1938 leaena
777 1903 889 1949 rejicit

805 1959 882 1995 332.

137 2014 240 2060 Aspis
276 2024 297 2048 a
333 2015 450 2062 vipera
486 2026 659 2052 venenum
704 2020 883 2052 mutuatur

181 2072 340 2118 proverb.
827 2075 882 2115 42,

136 2128 245 2164 Assur
273 2129 315 2163 de
346 2140 414 2176 quo
443 2130 568 2166 debeat
590 2131 740 2178 intelligi
763 2132 881 2167 variae

181 2187 371 2221 sententiae
847 2190 879 2225 6.

137 2243 356 2289 Assyriorum
374 2243 596 2280 monarchiae
614 2246 799 2281 intervalla
827 2247 879 2283 11.

137 2300 360 2345 Assyriorum
385 2312 507 2347 regum
532 2303 663 2348 posteri
801 2303 878 2339 214.

136 2357 239 2391 Astra
273 2367 294 2391 a
331 2357 538 2403 quibusdam
576 2360 730 2394 animata
759 2371 877 2396 cense-

181 2413 307 2448 bantur
336 2414 428 2460 qnod
467 2414 508 2450 de
531 2415 674 2451 Judaeis
712 2417 879 2453 creditum

134 2475 316 2551 Atffltnasii
346 2517 493 2552 exilium
516 2518 552 2553 in
578 2517 692 2554 Gallia
715 2474 882 2566 1111011ιὲ1411

180 2573 354 2608 duraverit
803 2577 880 2613 276.

134 2629 248 2665 Atthis
267 2631 528 2666 Atheniensium
550 2633 643 2678 regis
666 2632 740 2668 filia
762 2644 784 2668 a
808 2645 877 2680 qua

178 2689 293 2723 Attica
306 2688 406 2731 dicta,
423 2699 512 2735 quae
519 2690 606 2724 Acta
621 2689 800 2726 dicebatur
826 2691 877 2727 16.

135 2745 345 2790 Azymorum
370 2745 443 2780 dies
468 2757 555 2792 quos
580 2747 676 2782 cibos
693 2758 797 2794 quam
822 2759 876 2782 so-

178 2802 393 2837 lemnitatem
417 2803 638 2839 admitterent
799 2805 875 2840 293.

134 2963 406 3009 Babyloniorum
413 2974 560 3009 reguum
569 2965 708 3011 quando
722 2965 874 3011 coeperit

793 3022 870 3058 215.

820 635 905 682 151(

1484 193 1708 230 CCCXXXV

967 304 1098 339 Balnea
1123 306 1302 352 utriusque
1331 317 1438 342 sexus
1463 308 1664 354 promiscua
1688 318 1709 342 a

1010 362 1136 407 1111111113
1161 363 1292 398 Romae
1317 363 1493 410 prohibita
1652 365 1707 400 56.

967 417 1062 453 Bano
1080 430 1118 453 se
1130 420 1303 467 Josephus
1316 421 1504 456 tradiderat
1518 422 1708 457 lotionibus

1009 476 1138 511 crebris
1163 478 1213 511 uti
1237 478 1340 512 solito
1652 478 1708 513 34.

966 531 1178 579 Baptisimus
1195 535 1362 570 laicorum
1382 546 1427 570 an
1451 536 1497 570 sit
1514 547 1614 570 verus
1630 535 1708 571 341.

966 587 1145 626 Barnabae
1168 602 1295 626 nomeu
1320 592 1402 638 quid
1429 591 1563 628 Graeca
1585 598 1619 627 et
1643 593 1708 638 Sy-

1007 647 1100 683 riaca
1126 659 1208 682 voce
1231 649 1406 694 significet
1654 650 1708 687 60.
1760 644 1766 647 “

964 703 1135 739 Batonius
1180 704 1379 740 Cassiodori
1410 707 1619 741 sententiam
1655 719 1709 742 se-

1009 762 1125 807 quitur
1140 762 1176 796 in
1194 762 1320 798 Christi
1337 764 1446 798 natali
1463 764 1707 809 investigando

1653 822 1707 857 98.

960 874 1130 910 Basilides
1155 874 1350 911 haereticus
1376 883 1462 923 quot
1485 878 1601 913 coelos
1626 889 1708 913 con-

1005 933 1156 967 stitnerit
1651 935 1707 971 43.

962 988 1076 1024 Bedae
1093 989 1266 1024 decretum
1285 991 1461 1026 excutitur
1478 991 1519 1026 de
1544 993 1708 1038 passione

1005 1046 1145 1081 Domini
1175 1046 1258 1088 14‘2„
1291 1048 1447 1093 ejusdem
1478 1049 1706 1084 difficillimus

1003 1104 1102 1138 locus
1126 1104 1334 1150 expenditur
1631 1107 1704 1143 144.

962 1160 1113 1205 Βεβίωκε,
1137 1161 1171 1196 111
1188 1167 1241 1196 031
1265 1162 1363 1204 vixit,
1387 1174 1448 1208 pro
1473 1174 1513 1198 eo
1538 1164 1629 1210 quod
1654 1170 1708 1198 est

1007 1222 1181 1253 mortuum
1206 1230 1282 1254 esse
1651 1221 1705 1257 27.

962 1273 1127 1310 Bisextus
1158 1276 1297 1322 quando
1328 1277 1479 1323 primum
1511 1278 1704 1313 fuit'insti-

1005 1334 1100 1367 tutus
1125 1343 1146 1367 a
1169 1333 1262 1368 Julio
1287 1338 1321 1368 et
1345 1335 1388 1369 ab
1407 1335 1564 1379 Augusto
1589 1346 1704 1370 emen-

1006 1390 1107 1425 datus
1132 1390 1198 1435 99.,
1223 1390 1299 1436 ejus
1335 1392 1534 1426 reformatio
1565 1393 1704 1438 quando

1005 1448 1158 1494 coeperit
1169 1451 1202 1483 et
1215 1448 1390 1494 quomodo
1403 1449 1507 1484 fuerit
1522 1448 1615 1484 facta
1631 1449 1703 1485 100.

1304 1566 1346 1608 C.

956 1654 1098 1690 Calvisii
1122 1665 1216 1689 error
1240 1655 1385 1700 supinus
1628 1657 1702 1691 141.

955 1711 1216 1757 Carpocratiani
1231 1711 1474 1747 Gnosticorum
1486 1714 1630 1758 pessimi
1646 1714 1701 1748 47.

956 1768 1304 1814 Carpocratianorum
1342 1769 1410 1804 duo
1454 1769 1623 1816 dogmata
1656 1772 1701 1805 ab

1000 1825 1193 1872 Epiphanio
1217 1827 1425 1872 impugnata
1642 1828 1697 1864 49.

957 1882 1098 1918 Cassius
1115 1883 1250 1929 collega
1267 1884 1403 1919 vinucii
1427 1895 1472 1919 an
1488 1884 1592 1920 fuerit
1608 1885 1699 1920 idem

1003 1951 1081 1974 cum
1107 1940 1189 1975 Caio
1215 1940 1336 1975 Cassio
1361 1941 1520 1987 Longino
1644 1942 1698 1978 97.

952 1996 1127 2032 Caussarii
1150 1998 1287 2043 proprie
1311 1998 1393 2033 dicit
1417 1997 1569 2033 ἀδύνατοι
1620 1999 1698 2035 328.

952 2054 1101 2100 Cecrops
1137 2055 1270 2100 primus
1299 2055 1380 2090 Jovi
1419 2056 1542 2091 bovem
1574 2057 1698 2091 immo-

952 2111 1112 2204 edgida
1137 2169 1243 2215 vulgo
1269 2180 1347 2205 esse
1372 2169 1522 2205 creditur
1537 2114 1697 2205 Eleutdg

994 2226 1124 2272 ropolis
1639 2227 1694 2263 76.

949 2282 1195 2330 Chorepiscopi
1212 2284 1271 2329 qui
1289 2283 1464 2327 dicantur,
1492 2287 1564 2318 tum
1583 2286 1695 2330 regio-

992 2341 1082 2375 narii
1098 2346 1132 2374 et
1149 2341 1273 2375 vicani.
1301 2340 1391 2382 277„
1409 2351 1498 2387 quae
1516 2342 1561 2376 sit
1575 2341 1695 2377 eoruui

995 2397 1147 2442 dignitas
1179 2403 1214 2432 et
1236 2402 1391 2443 potestas
1415 2398 1450 2432 in
1477 2399 1624 2434 ecclesia
1647 2400 1693 2434 ib.

995 2454 1106 2489 eidem
1150 2458 1233 2489 sunt
1275 2455 1395 2489 vicarii
1439 2455 1692 2502 episcoporum.

993 2511 1087 2553 ibid„
1100 2522 1201 2557 pares
1219 2511 1388 2557 episcopis
1402 2511 1490 2554 278„
1517 2516 1631 2548 utrum
1649 2514 1692 2548 ab

996 2579 1063 2603 uno
1087 2579 1133 2603 an
1148 2578 1170 2602 a
1186 2567 1344 2614 pluribus
1361 2569 1533 2615 episcopis
1561 2570 1692 2606 fuerint

993 2625 1140 2660 ordinati
1152 2625 1241 2667 270„
1258 2626 1356 2672 origo
1369 2625 1693 2675 chorepiscoporum

946 2737 1102 2773 Christus
1126 2738 1314 2774 Februario
1339 2751 1458 2776 mense
1474 2746 1578 2778 natus
1602 2753 1686 2788 quo-

990 2795 1137 2829 rundam
1163 2797 1324 2842 opinione
1617 2801 1690 2834 110.

945 2851 1102 2887 Christus
1132 2857 1218 2899 quot
1245 2853 1415 2890 Paschata
1449 2860 1530 2902 post
1560 2857 1689 2903 baptis·

988 2920 1084 2944 mum
1109 2910 1235 2946 obierit
1249 2901 1346 2955 903„
1384 2914 1560 2960 quomodo
1590 2915 1689 2960 plura

988 2977 1093 3012 quam
1111 2967 1176 3001 tria
1191 2968 1361 3004 Paschata
1374 2971 1584 3016 colligantur
1597 2971 1687 3012 ⁸204„

987 3023 1157 3069 Scaligeri
1174 3027 1291 3072 opinio
1308 3027 1349 3062 de
1367 3029 1522 3074 quinque
1539 3028 1686 3062 Pascha-
