2008 3294
302 245 485 284 LXXXIV

300 352 409 398 gelio,
431 361 545 396 neque
569 360 648 384 cum
671 349 908 395 superioribus
932 347 1127 384 cohaerent.
1173 347 1265 383 Nam
1286 347 1457 384 Herodem
1479 349 1574 396 fugit
1594 349 1765 384 duntaxat
1782 353 1862 396 post

299 409 439 443 loannis
457 418 596 449 necem,
620 416 710 452 quae
725 406 831 452 longe
846 409 927 452 post
941 406 1156 452 baptismum
1172 404 1306 440 accidit.
1342 405 1428 441 Vide
1443 417 1533 452 quae
1557 406 1601 441 ad
1623 417 1720 442 num.
1735 418 1860 444 xxvm.

300 467 538 500 observamus.

388 522 430 558 N.
449 533 522 556 xrx.
554 519 595 555 Ὃ
613 519 648 554 δὲ
663 518 816 564 Ἰωάννης
827 521 882 555 καὶ
897 519 955 564 τὴν
971 519 1147 567 πρόθεσιν]
1180 519 1258 554 For.
1275 519 1359 554 κατὰ
1374 518 1432 564 τὴν
1448 519 1610 567 πρόθεσιν.

388 578 430 614 N.
449 591 536 614 xxn.
570 577 797 623 Κατηγοροῦσι
814 576 849 611 δὲ
868 575 993 622 πάλιν.]
1041 577 1185 612 Nullum
1209 579 1262 610 est
1283 576 1320 610 in
1342 575 1396 611 his
1418 577 1516 612 libris
1538 580 1802 623 argumentum,
1822 578 1859 612 in

299 647 367 682 quo
383 634 564 670 tractando
581 635 660 680 plus
677 645 802 681 operae
818 645 859 669 ac
875 635 980 670 studii
996 634 1132 669 navarit
1147 631 1381 679 Epiphanius,
1404 645 1510 680 quam
1530 634 1568 669 in
1589 645 1631 669 ea
1646 634 1858 680 quaestione,

299 704 368 739 qua
390 692 556 728 dominici
578 692 704 726 natalis
728 695 764 726 et
784 692 955 738 passionis
978 702 1090 726 annus
1113 690 1308 736 inquiritur.
1340 689 1410 725 Sed
1432 702 1495 726 nec
1515 691 1694 726 obscurior
1709 701 1859 737 usquam

295 751 394 785 locus
410 754 479 792 est,
497 749 609 784 autin
626 759 694 794 quo
710 749 826 784 minus
841 749 1022 795 interpreti
1037 748 1258 794 tergiversari
1273 757 1314 782 ac
1330 747 1547 783 dissimulare
1562 749 1676 783 liceat.
1707 748 1860 784 Tantum

297 808 412 850 abest,
436 811 475 841 ut
489 806 526 840 in
542 817 583 840 eo
601 805 804 841 declarando
820 817 864 841 ne
880 806 926 840 sit
941 806 1079 851 longior
1094 805 1206 839 vereri
1222 804 1360 847 debeat,
1383 809 1445 839 aut
1465 805 1625 840 instituta
1643 816 1682 840 se
1697 809 1860 841 notarum

297 870 332 900 et
347 863 688 899 animadversionum
705 863 872 898 brevitate
885 862 1079 897 defendere.
1102 863 1216 908 Atque
1233 872 1273 896 ea
1289 872 1372 896 sane
1385 862 1543 908 quaestio
1561 873 1641 897 cum
1655 874 1727 898 nou
1741 862 1859 898 minus

295 922 361 956 hac
376 924 601 967 tempestate,
619 930 723 966 quam
739 920 862 966 priscis
878 920 946 954 illis
962 919 1175 965 temporibus
1185 945 1194 962 ,
1211 918 1363 953 eruditos
1380 923 1556 962 exerceat,
1578 930 1619 955 eo
1635 919 1788 966 denique
1799 919 1858 955 ad·

297 979 401 1014 ducta
421 989 477 1013 res
501 982 556 1013 est
576 981 616 1012 ut
630 977 692 1023 qui
706 977 883 1012 inscitiam*
896 987 999 1011 suam
1014 977 1167 1022 ingenue
1182 975 1298 1010 fassus
1314 975 1437 1019 fuerit,
1461 976 1702 1022 pudentiorem
1723 977 1858 1012 exitum

297 1039 456 1082 quaerat,
482 1045 586 1081 quam
609 1034 640 1069 si
661 1034 747 1069 certi
767 1033 898 1079 aliquid
920 1037 955 1068 et
975 1033 1150 1079 explorati
1168 1037 1286 1067 tenere
1302 1043 1339 1067 se
1355 1044 1460 1079 posse
1476 1033 1636 1069 confidat.
1667 1033 1714 1068 Ut
1728 1034 1822 1069 enim
1836 1044 1859 1068 a

294 1092 540 1129 vetustioribus
555 1091 694 1127 initium
709 1095 882 1137 repetam,
899 1091 976 1136 quis
994 1094 1183 1136 antequam
1198 1089 1357 1135 Dionysii
1372 1090 1527 1136 vulgaris
1542 1091 1604 1125 illa
1619 1091 1707 1126 ratio
1723 1101 1857 1137 percre—
1904 1112 1907 1115 -

293 1151 444 1193 buisset,
460 1150 497 1184 in
514 1151 645 1184 certam
661 1158 702 1183 ac
718 1148 944 1183 constitutam
959 1147 1168 1182 sententiam
1183 1146 1314 1181 includi
1328 1157 1366 1181 se
1382 1157 1507 1193 passus
1523 1151 1599 1183 est?
1626 1147 1790 1193 Longum
1804 1152 1859 1184 est

294 1212 329 1243 et
343 1208 495 1243 otiosum
510 1212 666 1241 veterum
681 1205 823 1240 Patrum
840 1205 1020 1251 opiniones
1037 1215 1159 1239 omnes
1175 1204 1354 1250 persequi3
1377 1203 1480 1250 idque
1503 1205 1548 1239 ab
1571 1205 1648 1240 aliis
1672 1205 1857 1252 diligenter

294 1270 348 1300 est
360 1264 510 1306 factum,
533 1262 736 1310 praesertim
753 1273 774 1296 a
788 1261 936 1296 Dekerio
951 1266 1070 1296 nostro
1087 1263 1137 1307 τῷ
1154 1259 1315 1307 μακαρίτῃ
1346 1264 1381 1295 et
1402 1260 1533 1296 Ioanne
1554 1261 1701 1308 Keplero
1723 1261 1856 1298 mathe-

295 1322 424 1357 matico
454 1321 492 1356 in
515 1320 649 1355 erudita
670 1319 731 1354 illa
746 1319 987 1354 dissertatione
1004 1318 1045 1352 de
1061 1317 1162 1353 Anno
1178 1316 1295 1352 Natali
1310 1321 1344 1352 et
1364 1318 1401 1352 in
1422 1317 1563 1364 Eclogis
1581 1317 1855 1366 Ghronologicis,

294 1384 333 1415 ut
348 1383 383 1414 et
399 1379 440 1413 de
455 1376 684 1413 Illustrissimi
698 1375 840 1411 Baronii
855 1375 1047 1410 Annalibus
1071 1385 1112 1410 ac
1136 1374 1281 1409 caeteris
1297 1373 1568 1420 chronographis
1584 1379 1730 1412 taceam.
1763 1375 1855 1418 Quo-

291 1448 370 1472 rum
393 1435 550 1471 omnium
571 1436 654 1479 post
680 1436 752 1467 tam
781 1433 993 1478 exquisitam
1017 1436 1053 1466 et
1075 1435 1236 1466 exactam
1260 1441 1402 1478 operam
1429 1442 1724 1478 supervacaneum
1746 1433 1855 1469 videri

291 1498 444 1540 poterat,
467 1502 488 1526 a
503 1491 605 1526 uobis
621 1500 664 1524 ea
679 1489 850 1535 disputari
864 1488 1122 1532 vehementius,
1146 1499 1235 1534 quae
1257 1488 1363 1524 auxie
1379 1489 1509 1524 abillis
1525 1493 1609 1525 sunt
1623 1493 1854 1537 accurateque

292 1550 466 1592 discussa,
489 1548 558 1583 nisi
580 1558 646 1582 nos
669 1546 714 1581 ad
735 1546 771 1581 id
787 1546 893 1581 etiam
908 1546 1036 1581 invitos
1051 1544 1266 1592 Epiphanius
1282 1545 1356 1591 ipse
1372 1555 1413 1580 ac
1429 1546 1583 1592 suscepti
1597 1547 1750 1583 muneris
1766 1547 1852 1582 fides

290 1607 494 1653 impelleret.
526 1604 600 1640 Erit
615 1607 732 1646 autem
748 1602 827 1638 huic
843 1603 985 1638 conatui
998 1603 1179 1648 laborique
1194 1605 1314 1637 nostro
1335 1601 1448 1639 facilis
1470 1602 1588 1646 lector,
1612 1604 1643 1638 si
1663 1603 1729 1640 hoc
1751 1614 1773 1639 a
1793 1615 1851 1640 me

291 1667 484 1710 spectatum
504 1662 700 1708 agnoverit,
725 1665 763 1695 ut
782 1659 956 1695 infinitam
975 1671 1081 1707 prope
1106 1659 1375 1695 controversiam
1397 1659 1622 1706 omniumque
1643 1660 1770 1696 iudicio
1787 1660 1852 1697 dif-

290 1720 481 1756 ficillimam
500 1730 612 1765 neque
629 1718 768 1754 brevius
785 1728 891 1764 quam
913 1727 968 1751 res
990 1720 1089 1752 tanta
1110 1716 1279 1762 disputari
1298 1716 1427 1762 possit,
1449 1727 1564 1763 neque
1584 1718 1726 1764 longius
1746 1729 1852 1764 quam

291 1789 431 1813 necesse
454 1777 516 1819 sit,
540 1787 679 1812 summa
693 1786 774 1810 vero
791 1786 871 1810 cum
886 1774 1069 1817 facilitate,
1093 1773 1351 1820 complecterer,
1367 1778 1402 1808 et
1417 1784 1476 1817 ea,
1495 1784 1584 1820 quae
1599 1775 1645 1811 ab
1659 1774 1851 1822 ingeniosis

291 1835 469 1881 doctisque
484 1834 568 1869 viris
585 1833 627 1868 de
643 1843 686 1867 ea
700 1843 737 1867 re
753 1832 896 1867 solerter
912 1831 1110 1878 excogitata
1125 1834 1222 1873 sunt,
1245 1831 1445 1866 accessione
1461 1831 1581 1876 aliqua
1595 1835 1716 1868 nostra
1731 1843 1850 1868 cumu-

289 1893 361 1927 lata
375 1891 575 1938 proferrem.
608 1890 720 1932 Quare
736 1889 865 1936 duplex
882 1889 946 1924 erit
961 1887 1027 1924 hoc
1042 1889 1118 1924 loco
1135 1887 1342 1934 disputanda
1363 1888 1536 1934 quaestio:
1561 1888 1670 1924 altera
1692 1888 1734 1924 de
1757 1899 1849 1926 auno

289 1950 366 1995 ipso
383 1960 452 1994 quo
469 1951 572 1983 natus
589 1951 642 1982 est
657 1945 815 1982 Christus
826 1972 835 1989 ,
850 1946 960 1980 altera
974 1945 1016 1980 de
1032 1956 1073 1980 eo
1090 1955 1160 1991 quo
1175 1955 1300 1991 passus
1318 1949 1381 1980 est.

544 2073 614 2117 DE
648 2072 798 2116 ANNO
833 2071 1038 2115 NATALI
1073 2071 1289 2115 CHRISTI
1321 2071 1598 2115 DIATRIBA.

381 2177 446 2220 Qui
469 2176 622 2212 natalem
637 2174 765 2210 Christi
787 2174 970 2209 salvatoris
992 2184 1123 2209 anuum
1143 2173 1200 2208 via
1223 2183 1263 2208 ac
1285 2173 1419 2208 ratione
1440 2173 1606 2220 indagare
1623 2174 1737 2223 conati
1753 2179 1845 2219 sunt,

289 2235 432 2282 triplicis
447 2233 602 2269 maxime
618 2232 784 2278 temporis
801 2231 970 2267 rationem
992 2229 1202 2273 habueruut,
1226 2229 1463 2265 Romanorum
1485 2242 1590 2274 coss.‚
1614 2231 1764 2277 Augusti
1778 2230 1845 2267 Im-

289 2296 397 2339 perat.
421 2295 456 2327 et
482 2290 626 2326 Herodis
655 2299 836 2325 annorum.
875 2287 1035 2324 Totidem
1058 2287 1150 2323 uotis
1181 2297 1221 2322 ac
1253 2287 1346 2323 velut
1368 2282 1564 2334 insignibus
1587 2288 1741 2334 positum
1763 2299 1785 2324 a
1807 2300 1845 2325 se

290 2360 423 2385 anuum
437 2347 622 2384 illustravit
635 2344 868 2392 Epiphanius,
890 2349 924 2381 et
946 2345 983 2380 in
1006 2343 1198 2380 ordinanda
1217 2344 1437 2391 potissimum
1453 2344 1540 2380 serie
1556 2355 1645 2380 coss.
1662 2344 1755 2381 haud
1770 2346 1844 2382 vul-

289 2417 410 2452 garem
425 2404 640 2451 diligentiam
663 2402 829 2439 adhibuit.
873 2401 980 2438 Cuius
1003 2412 1068 2437 nos
1090 2401 1238 2447 vestigia
1258 2404 1473 2448 prementes,
1495 2401 1530 2435 id
1553 2401 1644 2447 quod
1667 2401 1844 2439 architecti

287 2464 401 2499 facere
422 2463 551 2505 solent,
575 2465 614 2496 ut
635 2465 823 2507 antequam
844 2458 1026 2495 aedificent
1047 2458 1114 2494 soli
1129 2458 1238 2505 ipsius
1255 2458 1309 2493 vel
1325 2458 1540 2494 fundamenti
1556 2458 1765 2495 soliditatem
1781 2471 1843 2495 ex-

288 2520 439 2567 plorent,
455 2520 504 2554 ita
519 2530 582 2555 nos
599 2518 842 2554 consulatuum
858 2517 1015 2564 ipsorum
1027 2515 1183 2552 ordinem
1199 2515 1392 2562 seriemque
1404 2515 1706 2562 perscrutabimur.
1746 2515 1842 2560 Quae

288 2577 427 2623 quidem
443 2576 606 2612 historiae
622 2585 702 2623 pars
718 2586 799 2610 cum
814 2574 969 2610 maxima
983 2573 1020 2609 iu
1036 2573 1244 2609 obscuritate
1268 2576 1304 2608 et
1325 2571 1565 2608 dissidentium
1587 2572 1677 2608 inter
1698 2584 1736 2609 se
1757 2574 1840 2610 scri·

289 2639 426 2680 ptorum
443 2634 606 2669 varietate
622 2632 737 2679 posita
751 2632 812 2675 sit,
825 2643 889 2667 nos
902 2630 1145 2666 consulatuum
1157 2630 1290 2676 aliquot
1305 2628 1495 2665 indiculum
1510 2629 1762 2666 subiiciendum
1777 2642 1839 2678 pu-

288 2692 453 2733 tavimus,
470 2691 589 2737 paucis
605 2689 649 2725 ad
664 2690 741 2725 illos
758 2687 946 2731 adiunctis,
963 2688 1022 2734 qui
1038 2688 1073 2722 in
1089 2685 1273 2734 Epiphanii
1288 2686 1451 2722 laterculo
1469 2685 1631 2733 descripti
1646 2691 1746 2731 sunt3
1761 2698 1839 2734 pro-

287 2752 405 2794 pterea
421 2747 511 2794 quod
528 2759 598 2783 non
615 2757 735 2783 omues
750 2745 872 2782 iisdem
890 2745 1015 2792 quibus
1029 2744 1088 2781 ille
1104 2755 1194 2781 coss.
1210 2747 1330 2780 ustum
1347 2753 1422 2779 esse
1439 2741 1611 2778 Christum
1624 2743 1837 2782 existimant.

287 2803 330 2838 Et
346 2809 383 2839 ut
399 2805 433 2839 in
451 2815 538 2839 coss.
552 2803 746 2851 digerendis
760 2803 907 2838 varietas
920 2812 1008 2848 quae
1019 2802 1067 2837 sit
1080 2802 1187 2838 lector
1202 2800 1389 2847 intelligat,
1411 2798 1538 2846 triplici
1552 2799 1611 2836 filo
1632 2801 1838 2838 laterculum

287 2862 475 2897 texuimus.
508 2860 623 2896 Prima
638 2861 744 2897 series
760 2871 848 2896 coss.
864 2858 969 2895 habet
983 2869 1027 2894 ex
1045 2857 1247 2905 Capitolinis
1262 2856 1376 2893 Fastis
1392 2860 1590 2903 excerptos,
1607 2857 1800 2894 cuiusmodi
1815 2868 1836 2894 a

286 2917 432 2965 sigonio
445 2923 479 2954 et
491 2917 634 2954 onufrio
647 2918 683 2954 in
697 2917 809 2954 Fastis
827 2915 1044 2960 exhibentur,
1065 2915 1174 2952 altera
1190 2925 1235 2951 ex
1246 2912 1445 2962 Epiphauii,
1467 2914 1567 2949 tertia
1588 2924 1633 2950 ex
1652 2914 1836 2952 Fastorum

285 2974 501 3020 Siculorum,
518 2974 591 3011 sive
607 2974 831 3011 Alexandrini
848 2971 1024 3015 Chronici,
1040 2972 1235 3008 autoritate.
