2008 3294
1567 178 1707 216 CXLIII

243 283 293 318 Ac
318 283 468 330 primum
489 282 755 319 obscurissimus
776 281 1062 322 illequdaeorum
1084 283 1200 329 cyclus
1225 283 1452 330 exponendus
1467 282 1613 325 videtur,
1637 294 1706 329 quo

153 340 293 386 cognito
311 340 462 387 quaesit
477 338 661 387 Epiphanii
677 340 719 376 de
734 340 897 388 passione
913 338 1040 374 Christi
1055 340 1228 375 sententia
1242 340 1380 377 facilius
1396 351 1633 386 assequemur.

241 397 373 433 Iudaici
395 396 499 443 cycli,
524 407 592 443 quo
610 396 738 433 Christi
753 397 886 433 domini
897 399 1054 443 tempore
1070 408 1153 432 usos
1176 408 1253 432 esse
1275 401 1376 444 putat
1390 396 1622 445 Epiphanius,
1646 408 1707 432 ex·

151 453 302 501 plicandi
323 453 404 489 finis
426 464 467 489 ac
491 464 617 500 scopus
642 458 714 499 est,
738 458 778 491 ut
799 457 963 503 appareat
976 453 1122 489 Iudaeos
1139 465 1231 490 anno
1247 455 1323 502 ipso
1339 455 1515 501 passionis
1530 454 1636 490 biduo
1651 455 1708 490 vel

152 511 256 546 etiam
271 511 386 546 triduo
401 521 423 546 a
438 511 543 547 lunae
558 511 750 548 ratiociniis
767 513 959 549 aberrasse.
992 510 1136 557 Gyclum
1158 523 1261 558 porro
1283 512 1334 547 ita
1355 512 1427 548 fere
1447 512 1622 548 describit.
1650 511 1707 547 Iu·

151 567 256 604 daeos
273 568 398 604 asserit
411 568 570 605 lunarem
585 579 717 604 anuum
733 569 952 606 constituisse
968 567 1102 604 dierum
1116 567 1200 612 354,
1222 567 1386 604 horarum
1402 569 1439 613 8,
1460 580 1550 616 qnae
1566 569 1707 616 quidem

150 624 255 660 horae
270 626 381 660 tribus
397 626 498 661 annis
515 626 606 661 diem
623 626 820 663 conficiunt.
850 625 904 662 Ad
918 625 1004 661 haec
1020 625 1058 660 in
1077 626 1178 661 annis
1194 638 1254 661 xtv
1271 626 1424 673 quinque
1441 638 1580 663 menses
1601 627 1706 663 inter-

148 683 272 726 calari,
295 683 460 730 quoniam
482 694 501 717 e
523 684 606 718 solis
630 695 751 728 cursu,
774 683 835 731 qui
849 687 902 719 est
917 683 1051 719 dierum
1067 682 1144 719 365.
1161 681 1234 718 hor.
1249 683 1285 727 6,
1307 682 1429 719 horam
1450 695 1557 720 unam
1572 695 1706 731 expuu-

147 742 249 785 gunt.
271 739 362 775 Nam
378 739 408 775 si
419 739 523 776 horas
536 741 701 776 adieceris
712 768 720 784 ,
737 730 918 777 restabunt
928 739 994 776 365
1007 740 1080 775 dies
1093 739 1183 786 παρὰ
1195 739 1285 786 ὥραν
1299 740 1385 786 μίαν.
1410 741 1508 776 Unde
1524 742 1575 776 illi
1590 742 1706 777 sexies

150 796 387 843 multiplicatis
404 797 664 844 quatuordecim
681 799 798 843 annis,
814 808 970 834 mensem
987 808 1096 833 unum
1113 798 1352 844 octuagesimo
1366 803 1488 844 quarto
1501 799 1708 834 intercalant

150 865 258 896 anno3
275 853 361 889 adeo
378 855 469 890 utin
485 859 597 891 totum
614 868 700 892 xxxx
711 866 850 892 menses
865 855 902 891 in
918 866 1030 891 annos
1043 867 1160 890 nxxxv
1176 855 1402 903 imputentur,
1418 866 1498 891 cum
1512 860 1606 891 recta
1618 857 1705 891 ratio

149 923 235 947 xxxi
249 922 388 947 menses
405 915 439 947 et
453 912 526 948 dies
539 925 634 956 xxxv,
651 924 731 948 cum
746 912 840 949 horis
850 911 873 948 3
888 912 1049 960 requirat.
1084 912 1178 949 Haec
1192 910 1424 959 Epiphanius,
1441 924 1460 947 e
1477 913 1603 959 quibus
1619 925 1705 949 non·

148 968 253 1004 nullis
269 970 459 1005 emendatis
468 996 477 1012 ,
495 981 583 1016 quae
596 970 803 1017 singillatim
815 970 1042 1013 excutientur,
1058 968 1147 1005 hauc
1160 969 1249 1015 cycli
1261 969 1409 1005 formam
1420 970 1587 1017 Keplerus
1604 971 1703 1007 eruit.

235 1025 376 1074 Duplex
393 1027 484 1074 apud
499 1027 645 1063 Iudaeos
661 1028 793 1064 lunaris
810 1027 892 1063 olim
908 1027 1024 1074 cyclus
1041 1026 1174 1068 extitit,
1190 1027 1277 1062 alter
1289 1038 1360 1063 xiv.
1377 1037 1564 1070 annorum,
1581 1028 1705 1070 minor,

149 1083 235 1118 alter
250 1094 402 1126 Lxxx1v3
426 1088 568 1131 uterque
585 1085 819 1132 septenarius,
841 1085 939 1120 cuius
955 1084 1092 1120 numeri
1105 1088 1246 1131 propter
1261 1084 1460 1119 sabbaticos
1474 1095 1585 1120 annos
1602 1086 1704 1120 ratio-

147 1151 229 1175 nem
244 1140 404 1176 videntur
424 1140 600 1177 habuisse.
643 1141 980 1178 Tessaradocaeteris
1003 1152 1047 1177 ex
1069 1142 1208 1176 illorum
1230 1141 1389 1177 instituto
1412 1142 1576 1188 syzygias
1599 1141 1705 1177 habet

148 1197 320 1244 integras,
345 1198 406 1233 sed
428 1198 518 1234 infra
541 1198 664 1235 solaris
680 1199 763 1235 anni
778 1199 919 1235 modum
936 1199 1105 1234 consistit.
1152 1198 1236 1234 Post
1252 1211 1287 1235 vx
1309 1198 1450 1234 demum
1471 1200 1703 1235 tessaradeca-

147 1254 294 1290 eteridas
311 1256 414 1291 ambo
431 1255 468 1292 in
483 1255 703 1292 concordiam
719 1256 803 1292 anui
818 1260 992 1303 utcunque
1008 1256 1164 1292 redeunt.
1213 1255 1294 1291 Dixi
1315 1256 1472 1292 lunarem
1495 1268 1626 1293 annum
1646 1258 1703 1292 de-

149 1311 243 1348 finiri
260 1312 381 1348 diebus
397 1311 479 1356 354,
501 1311 574 1348 hor.
591 1312 624 1350 8.
658 1312 754 1356 Quae
777 1314 808 1349 si
829 1317 950 1360 quater
966 1317 1000 1349 et
1016 1313 1129 1349 decies
1146 1313 1428 1361 multiplicentur,
1449 1314 1524 1349 dies
1546 1314 1704 1350 efficiunt

148 1368 238 1404 4956
248 1396 256 1412 ,
272 1368 375 1405 horas
394 1369 473 1414 112,
490 1370 563 1406 sive
579 1370 653 1406 dies
669 1371 708 1414 4,
731 1370 804 1407 hor.
821 1371 879 1414 16,
895 1370 961 1406 hoc
978 1374 1031 1406 est
1046 1371 1119 1406 dies
1134 1370 1206 1406 fere
1222 1370 1255 1407 5.
1289 1371 1466 1407 Accedunt
1479 1372 1702 1408 intercalares

149 1437 288 1462 menses
301 1427 470 1475 quinque,
487 1427 621 1464 dierum
637 1428 768 1475 singuli
780 1428 835 1472 29,
849 1427 923 1464 hor.
941 1428 992 1464 12.
1015 1428 1060 1463 Hi
1075 1427 1148 1463 dies
1163 1428 1226 1463 147
1242 1439 1323 1463 cum
1337 1427 1431 1464 horis
1447 1428 1488 1464 12
1503 1429 1702 1466 conficiunt.

149 1482 204 1518 Ex
222 1484 346 1530 quibus
362 1495 499 1521 summa
515 1483 686 1521 conflatur
701 1485 835 1522 dierum
849 1485 956 1529 5103,
978 1484 1051 1521 hor.
1067 1485 1118 1520 12.
1163 1485 1343 1521 Postremo
1366 1486 1398 1521 si
1414 1485 1478 1521 112
1499 1487 1577 1522 illas
1598 1486 1702 1523 horas

147 1540 308 1585 adiicias,
325 1541 398 1577 sive
413 1541 486 1578 dies
502 1542 541 1586 4,
557 1541 629 1579 hor.
646 1542 686 1578 16
696 1569 705 1587 ,
721 1543 934 1589 colliguntur
949 1542 1023 1579 dies
1038 1542 1144 1585 5108,
1161 1541 1234 1579 hor.
1248 1543 1282 1578 4.
1311 1542 1340 1578 1⁴:
1357 1543 1483 1590 quibus
1502 1543 1543 1579 13
1559 1545 1701 1581 Iulianis

146 1598 248 1634 annis
261 1597 434 1643 deductis,
450 1600 511 1647 qui
522 1603 605 1636 sunt
617 1599 689 1635 dies
701 1599 807 1644 4748,
823 1599 896 1637 hor.
910 1599 948 1643 6,
964 1604 1170 1647 supererunt
1180 1599 1265 1642 359,
1282 1598 1355 1635 hor.
1369 1600 1412 1635 22
1422 1626 1432 1643 ,
1447 1601 1520 1636 sive
1535 1601 1603 1637 360
1614 1602 1700 1646 dies,

146 1666 217 1691 una
232 1654 318 1691 hora
331 1656 459 1694 minus.
507 1657 606 1700 Quod
628 1657 659 1693 si
679 1657 834 1704 praecise
849 1657 923 1693 dies
940 1657 1092 1704 quinque
1108 1658 1144 1692 iu
1161 1657 1262 1692 annis
1279 1669 1338 1694 xxv
1354 1658 1610 1702 intercalentur,
1632 1660 1701 1706 pri-

145 1724 244 1748 mum
257 1713 349 1760 quod
365 1714 415 1749 ait
425 1713 658 1762 Epiphanius,
675 1715 775 1750 tertio
789 1725 926 1761 quoque
943 1726 1035 1750 anno
1049 1715 1139 1750 diem
1156 1714 1274 1758 adiici,
1290 1714 1325 1750 id
1341 1714 1383 1751 de
1398 1716 1520 1762 primis
1536 1729 1588 1752 xu
1600 1718 1701 1753 annis

145 1770 409 1817 intelligendum
425 1771 506 1815 erit,
530 1775 567 1806 at
589 1771 722 1807 decimo
745 1772 847 1807 tertio
870 1775 906 1807 et
924 1776 1047 1818 quarto
1063 1772 1164 1807 annis
1180 1771 1253 1808 dies
1268 1783 1360 1808 unus
1376 1777 1566 1820 competet3
1589 1774 1638 1810 ita
1662 1779 1701 1810 ut

146 1827 230 1863 anni
245 1839 304 1863 xiv
325 1827 398 1863 dies
420 1828 580 1864 auferant
593 1829 699 1872 5108,
722 1828 795 1865 hor.
812 1829 863 1864 12.
881 1841 900 1864 e
917 1829 1043 1876 quibus
1066 1829 1190 1865 ablatis
1213 1830 1314 1865 annis
1335 1842 1401 1866 xm
1423 1831 1603 1867 restabunt
1621 1831 1699 1876 360,

144 1882 220 1921 hor.
237 1884 281 1921 6.-
303 1885 431 1921 Verum
448 1886 614 1933 quoniam
629 1886 752 1922 ultimo
767 1886 828 1922 illo
851 1897 942 1922 anno
966 1885 1072 1922 horae
1095 1886 1183 1922 duae
1205 1885 1365 1922 subtrahi
1386 1887 1531 1931 debent,
1552 1893 1699 1924 tessara-

145 1941 334 1977 decaeteris
349 1942 471 1978 diebus
487 1943 662 1979 constabit
675 1942 782 1986 5108,
798 1943 873 1978 hor.
890 1943 946 1987 10,
964 1943 1005 1980 de
1021 1944 1148 1990 quibus
1164 1944 1309 1980 detracti
1323 1945 1407 1981 anni
1419 1957 1485 1982 xm
1498 1946 1700 1993 relinquunt

145 1998 218 2034 dies
233 1997 318 2043 360,
334 1998 407 2035 hor.
419 1999 453 2036 4.
486 1999 560 2035 Iam
575 2011 658 2036 vero
675 2000 759 2036 anui
773 2000 899 2036 Iuliani
915 2013 975 2036 xiv
992 2001 1064 2036 dies
1079 2000 1211 2037 habent
1224 2001 1332 2044 5113,
1352 2001 1428 2039 hor.
1446 2002 1498 2039 12.
1527 2003 1555 2038 E
1571 2005 1698 2050 quibus

144 2055 307 2091 detractis
323 2055 424 2100 5108,
443 2056 495 2100 10,
511 2057 636 2105 reliqui
650 2061 734 2093 sunt
750 2057 823 2093 dies
835 2057 869 2101 5,
885 2057 917 2093 2.
942 2057 1013 2094 Sed
1028 2059 1154 2094 ablatis
1170 2058 1305 2094 duabus
1319 2059 1388 2095 illis
1403 2058 1497 2095 horis
1513 2060 1699 2097 discrimen

143 2113 511 2151 tessaradeeaeteridos
523 2115 655 2151 lunaris
667 2118 703 2150 et
713 2115 836 2151 solaris
850 2115 1042 2151 estdiermn
1055 2116 1220 2163 quinque,
1233 2117 1293 2164 qui
1305 2128 1324 2151 e
1337 2118 1444 2163 cyclis
1457 2119 1550 2153 senis
1563 2120 1699 2154 collecti

143 2174 223 2218 post
237 2170 282 2206 84
297 2181 408 2207 annos
425 2171 497 2208 dies
513 2172 689 2219 relinqunt
703 2172 764 2216 30,
779 2173 840 2220 qui
854 2173 954 2208 initio
971 2174 1055 2209 anni
1070 2173 1114 2208 85
1129 2174 1386 2211 intercalantur.
1422 2175 1535 2218 Quare
1550 2180 1698 2211 tessara—

144 2227 333 2263 decaeteris
348 2227 484 2266 Iuliana
499 2226 619 2266 diebus
635 2233 772 2266 constat
786 2230 892 2274 5113,
908 2229 982 2266 hor.
998 2231 1057 2274 10,
1073 2231 1205 2267 lunaris
1220 2243 1302 2267 vero
1318 2231 1423 2275 5108,
1444 2233 1495 2268 10.
1542 2232 1638 2275 Quae
1661 2235 1697 2269 in

143 2285 236 2320 civili
251 2296 317 2320 usu
331 2285 381 2321 ita
395 2285 649 2334 dispensantur.
677 2287 792 2323 Prima
807 2287 1131 2324 tessaradecaeteris
1147 2288 1219 2324 dies
1234 2288 1340 2324 habet
1353 2289 1459 2332 5109,
1476 2294 1511 2325 et
1525 2290 1567 2325 de
1582 2295 1697 2337 poste-

142 2342 224 2377 riori
240 2342 500 2389 quatuordecim
515 2342 618 2379 horas
634 2344 796 2392 decerpit.
843 2344 1004 2390 Secunda
1019 2345 1091 2381 dies
1109 2346 1244 2381 obtinet
1258 2346 1365 2389 5108,
1388 2347 1538 2392 reliquas
1555 2358 1635 2382 vero
1656 2349 1697 2383 10

142 2397 246 2434 horas
262 2399 304 2435 ad
322 2401 595 2448 compensandas
610 2401 742 2448 priores
762 2402 803 2437 14
818 2406 956 2449 erogat3
976 2406 1110 2438 restant
1125 2402 1230 2438 horae
1246 2403 1286 2446 4,
1311 2414 1400 2449 quae
1415 2408 1496 2450 post
1510 2404 1543 2439 3.
1560 2406 1696 2450 cyclum

141 2467 309 2504 repensae
325 2456 346 2492 6
361 2456 464 2493 horas
480 2458 636 2494 residuas
651 2458 793 2495 faciunt.
826 2458 976 2502 Quartus
992 2461 1110 2506 cyclus
1125 2459 1228 2495 horas
1248 2460 1289 2495 16
1310 2461 1461 2506 reliquas
1482 2460 1596 2496 habet.
1628 2462 1694 2509 cy-

142 2514 216 2549 clus
233 2527 264 2550 v.
281 2514 372 2550 diem
388 2525 498 2551 unum
513 2515 640 2552 adiicit.
677 2515 739 2550 Est
754 2516 848 2552 euim
863 2516 996 2552 dierum
1012 2517 1117 2559 5109,
1137 2521 1172 2552 et
1187 2516 1290 2552 horas
1305 2517 1470 2564 relinquit
1484 2518 1582 2554 duas.
1629 2519 1695 2567 Cy-

143 2571 216 2607 clus
227 2571 368 2607 demum
379 2575 500 2608 sextus
516 2571 620 2607 horas
634 2571 659 2606 2
673 2573 848 2619 relinquit.
872 2573 1092 2620 Collignntur
1105 2574 1177 2609 dies
1193 2574 1229 2608 in
1245 2586 1281 2609 vr
1293 2575 1401 2620 cyclis
1417 2574 1541 2619 30650,
1556 2576 1630 2614 hor.
1643 2578 1694 2614 12.

144 2627 276 2670 Quibus
292 2629 323 2664 si
338 2629 444 2664 addas
460 2629 533 2665 dies
548 2629 610 2675 30,
629 2629 688 2676 qui
703 2641 748 2664 ex
763 2629 785 2664 5
802 2635 1032 2676 consurgunt,
1049 2642 1136 2677 quos
1152 2631 1312 2677 singulae
1328 2631 1694 2670 tessaradecaeterides

144 2684 274 2720 solares
289 2697 395 2733 supra
408 2687 547 2723 lunares
563 2687 749 2733 colligunt,
767 2685 839 2722 dies
856 2687 1007 2722 conflent
1022 2687 1152 2733 30680,
1169 2687 1241 2724 hor.
1257 2687 1308 2723 12.
1352 2689 1398 2724 At
1413 2689 1496 2724 anni
1509 2689 1634 2726 Iuliani
1648 2691 1694 2727 84

145 2738 216 2776 dies
230 2743 409 2788 postulant
422 2743 545 2780 30681.
576 2743 780 2779 Differentia
798 2743 839 2778 12
854 2743 1036 2786 horarum3
1053 2755 1142 2790 quae
1157 2745 1373 2791 perimuntur
1386 2746 1423 2781 iu
1438 2747 1544 2793 cyclis
1559 2760 1611 2792 vx,
1627 2748 1692 2785 hoc

145 2801 199 2832 est
218 2797 322 2834 binae
342 2800 380 2836 in
402 2811 611 2848 unaquaque
634 2800 993 2837 tessaradecaeteride.
1047 2800 1161 2843 Quare
1187 2806 1363 2848 postrema
1389 2805 1534 2850 syzygia
1559 2806 1692 2852 primae

146 2854 717 2900 ogdoBcontatessaradecaeteridis
735 2858 806 2892 dies
823 2858 966 2904 requirit
980 2859 1221 2894 tantummodo
1238 2859 1298 2903 29,
1313 2859 1387 2895 hor.
1402 2860 1453 2896 12.
1489 2861 1558 2897 Sed
1574 2864 1610 2898 in
1626 2876 1692 2900 usu

145 2911 238 2946 civili
251 2911 398 2949 tricenos
414 2914 542 2959 aufert,
559 2920 592 2950 et
608 2916 649 2950 de
666 2915 826 2961 sequenti
844 2915 884 2950 12
897 2915 1001 2951 horas
1018 2919 1211 2959 mutuatim
1227 2928 1246 2952 e
1261 2917 1387 2963 quibus
1401 2918 1519 2954 decem
1530 2921 1567 2955 in
1579 2922 1690 2967 primo

145 2969 240 3013 cyclo
256 2970 423 3006 restitutis
438 2973 714 3020 compensandae
731 2975 813 3007 sunt
828 2971 927 3009 duae.
959 2972 1021 3007 His
1037 2973 1072 3008 in
1089 2974 1242 3010 secunda
1254 2975 1600 3013 tessaradecaeteride
1615 2990 1690 3025 per-

143 3024 223 3061 inde
234 3026 375 3062 redditis
387 3028 580 3075 superfluae
597 3034 679 3066 sunt
691 3030 721 3065 8.
747 3030 785 3065 Iu
799 3030 899 3065 tertia
913 3031 1258 3067 tessaradecaeteride
1274 3032 1428 3078 reliquae
1444 3034 1532 3069 fiunt
1548 3035 1620 3070 hor.
1639 3036 1687 3072 18.

1735 1739 1763 1765 p.
1777 1732 1831 1759 161.
