2008 3294
313 211 496 247 GGGXLII

309 326 437 362 Osculo
481 326 706 361 abstinebant
747 326 867 362 fideles
902 330 1056 374 tempore

349 383 574 430 jejuniorum>
977 385 1055 422 352.

310 439 401 474 ‘Qasr
430 440 605 486 quomodo
625 441 716 487 apud
735 441 888 476 Graecos
913 453 1055 488 usurpe-

355 503 410 532 tur
982 500 1057 535 109.

310 556 434 590 Osseni
458 560 573 590 utrum
590 556 720 590 fuerint
734 556 840 591 iidem
857 557 918 602 qui
933 556 1056 592 Esseni

359 612 403 646 37
430 613 519 647 unde
544 612 626 647 dicti
643 623 687 647 ex
713 613 876 660 opinione
892 614 1062 660 Scaligeri

891 669 946 708 37.
964 671 1058 708 et38.

309 727 433 762 Ovatio
465 727 555 762 dicta
589 738 634 761 ex
666 726 738 761 Ουὰ
778 739 863 763 voce
908 729 1059 764 laetitiae

980 785 1058 821 339.

663 892 707 933 P.

309 957 456 992 Pamelii
487 968 582 992 error
618 957 710 1003 apud
741 957 992 993 Tertullianum
1021 959 1057 993 in

352 1014 565 1050 Parasceues
589 1015 872 1062 interpretatione
979 1014 1058 1051 358.

310 1071 524 1118 Paphnutios
549 1073 666 1119 plures
691 1073 765 1119 ejus
782 1073 891 1108 fuisse
907 1073 1060 1108 nominis

982 1130 1060 1166 275.

310 1186 498 1222 Paradisus
523 1187 695 1222 terrestris
720 1188 781 1222 nbi
803 1187 910 1223 fuerit
933 1189 1061 1223 consti-

355 1248 451 1279 tutus
980 1245 1059 1282 271.

310 1301 443 1336 Pascha
467 1306 566 1336 vetus
598 1302 665 1336 fuit
693 1306 798 1348 typus
821 1303 978 1349 perpetui
1003 1314 1056 1338 sa-

354 1359 524 1394 cramenti
1000 1360 1055 1396 80.

311 1417 445 1451 Pascha
466 1417 507 1451 14
522 1417 654 1451 mensis
672 1417 788 1451 Martii
807 1427 828 1451 a
852 1417 980 1463 quibus
1003 1429 1058 1454 ce-

355 1475 482 1509 lebrari
513 1475 672 1516 solitum,
712 1478 747 1509 et
784 1475 927 1510 omnino
966 1476 1058 1510 circa

355 1531 536 1567 Paschatis
560 1532 829 1567 celebrationem
862 1533 975 1568 multa
999 1545 1060 1568 ao·

357 1593 430 1624 tatu
446 1589 654 1635 dignissima
796 1589 856 1625 85.
882 1590 937 1625 86.
955 1594 989 1626 et
1006 1591 1061 1627 87.

309 1648 344 1682 in
362 1646 528 1682 Paschate
545 1647 749 1683 celebrando
766 1648 832 1682 tria
848 1651 932 1682 sunt
947 1649 1064 1683 obser-

355 1704 469 1739 vanda
981 1705 1062 1741 292.

310 1761 487 1797 Paschalis
518 1761 586 1796 diei
617 1762 767 1797 varietas
798 1773 859 1809 per
883 1763 1062 1798 octaeteri-

356 1819 416 1854 des
442 1822 477 1854 et
500 1819 663 1865 syzygias
689 1820 876 1866 exponitur
912 1819 979 1855 297
995 1819 1062 1855 298

311 1875 497 1911 Paschatis
534 1876 711 1912 contentio
748 1877 840 1923 apud
872 1877 997 1912 Scotos
1029 1881 1062 1911 et

359 1933 490 1978 Anglos
514 1934 724 1978 gravissima
988 1934 1061 1970 194.

311 1990 491 2026 Paschatis
509 1990 710 2037 depravatio
729 1991 820 2038 apud
846 1990 1062 2027 Christianos

358 2047 487 2094 duplex
980 2048 1060 2085 303.

314 2104 449 2140 Pascha
464 2104 538 2140 dies
562 2115 692 2151 magna
711 2104 785 2140 dies
802 2105 893 2140 dicta
917 2109 951 2140 et
975 2110 1061 2141 tem-

359 2173 441 2209 pore
472 2161 626 2208 paschali
658 2162 764 2197 vincti
789 2173 924 2198 carcere
949 2163 1060 2198 solve-

361 2220 485 2255 bantur
979 2220 1056 2255 365.

312 2276 484 2312 Paschata
504 2277 570 2312 tria
587 2276 691 2323 juxta
708 2277 942 2312 narrationem
959 2288 1062 2313 evan-

359 2335 564 2381 gelistarum
608 2334 650 2369 ad
683 2333 865 2381 Epiphanii
911 2339 1063 2370 mentem

362 2391 625 2427 accommodata
649 2391 740 2433 207„
765 2392 912 2437 primum
931 2391 1064 2427 Pascha

360 2448 441 2485 ibid.
454 2448 643 2484 secundum
656 2448 745 2491 ⁶209„
762 2449 903 2485 tertium
916 2453 951 2485 et
967 2461 1063 2484 σταυ-

361 2506 506 2552 ρώσιμον
523 2506 604 2540 ibid.
630 2506 732 2541 trium
751 2505 958 2541 paschatum
984 2505 1063 2541 cha·

361 2567 473 2599 racter
980 2563 1061 2598 ibid.

317 2620 517 2655 Pastinncae
542 2630 713 2655 venenum
731 2619 855 2655 dicitur
871 2630 948 2655 esse
964 2630 1062 2667 prae-

361 2678 596 2712 »ontis-imum
1006 2677 1061 2714 65.

318 2733 454 2776 Patres,
492 2733 584 2781 apud
627 2734 757 2770 inferos
789 2734 947 2770 detentos
980 2738 1015 2769 et
1045 2745 1066 2769 a

362 2790 496 2825 christo
523 2791 686 2826 liberatos
1009 2792 1065 2828 84.

319 2847 594 2884 Partim-harum
617 2853 651 2882 et
671 2848 918 2894 Apostolorum
938 2860 1064 2884 nomen

363 2912 394 2940 ct
426 2905 580 2948 dignitas
618 2905 756 2951 quaudo
787 2906 936 2952 primum
968 2917 1065 2941 usur-

364 2962 435 3009 pari
450 2962 601 3008 coeperit
1008 2962 1063 2999 55.

321 3019 416 3055 l‘anli
444 3018 759 3063 Mlddelburgenula
793 3019 940 3065 insignis
966 3020 1061 3055 locus

987 3077 1060 3113 145.

1124 329 1223 364 Pauli
1248 329 1564 375 Middelburgensis
1587 330 1716 366 dictum
1741 341 1871 365 memo·

1171 387 1280 420 rabile
1796 388 1870 423 120.

1124 443 1222 477 Pauli
1248 443 1563 490 Middelburgensis
1588 446 1763 479 somnium
1788 445 1873 489 1117.

1124 500 1221 534 Pauli
1238 501 1555 547 Middelbnrgensis
1580 503 1755 536 somnium
1774 502 1873 537 refel-

1171 558 1252 591 litur
1798 559 1873 595 147.

1130 614 1246 648 Πέδεια
1262 615 1344 649 item
1362 620 1394 650 et
1413 614 1526 661 βράκες
1544 626 1632 662 quae
1649 616 1808 653 dicantur
1824 628 1868 651 ex

1173 672 1311 706 Polluce
1794 673 1871 710 225.

1129 729 1303 774 Peregrini
1317 740 1409 764 mors
1421 741 1489 775 quo
1498 741 1590 764 anno
1603 730 1786 776 contigerit
1801 730 1873 766 141.

1130 786 1351 820 Periodorum
1394 787 1472 821 libri
1504 787 1610 822 multi
1640 787 1704 822 hoc
1734 789 1875 823 nomine

1173 843 1363 890 apocryphi
1819 845 1873 881 59.

1125 901 1247 936 Petrus
1272 912 1340 935 uon
1369 902 1500 947 primus
1525 907 1670 937 vocatus
1685 912 1707 937 a
1724 902 1872 945 Christo,

1173 960 1333 1005 quamvis
1348 959 1480 1005 primus
1503 959 1609 994 fuerit
1633 959 1800 1006 dignitate
1818 960 1874 996 91.

1124 1017 1309 1052 Pharisaei
1348 1016 1521 1062 quomodo
1551 1017 1662 1051 fatum
1692 1021 1727 1051 et
1750 1017 1875 1052 librum

1175 1074 1354 1108 arbitrium
1381 1073 1612 1108 admittebant
1816 1074 1871 1110 34.

1129 1130 1307 1166 Pharisaei
1332 1141 1352 1164 a
1376 1141 1460 1165 voce
1477 1129 1605 1165 Phares
1630 1130 1723 1177 quod
1747 1135 1801 1166 est
1823 1143 1877 1166 se-

1177 1193 1318 1234 paratus
1819 1189 1874 1224 34.

1130 1245 1394 1280 Pharisaeorum
1413 1245 1618 1280 traditiones
1636 1251 1757 1281 contra
1779 1257 1877 1292 prae-

1173 1308 1311 1350 ceptum
1338 1303 1469 1338 domini
1493 1346 1495 1348 q
1821 1304 1876 1339 70.

1127 1359 1277 1406 Philippi
1300 1360 1493 1396 tetrarchae
1519 1361 1634 1395 obitus
1797 1361 1872 1397 124.

1127 1417 1348 1463 Phosphorus
1373 1417 1488 1452 rhetor
1506 1417 1635 1454 latinus
1661 1423 1695 1453 et
1718 1418 1794 1464 ejus
1819 1429 1876 1453 va-

1173 1475 1266 1509 nitas
1291 1485 1334 1509 ex
1359 1475 1561 1510 Tertuliano
1823 1475 1877 1512 69.

1131 1532 1287 1578 Phryges
1312 1543 1333 1566 a
1349 1531 1543 1567 Thracibus
1569 1533 1705 1568 oriundi
1827 1533 1877 1569 10.

1132 1589 1354 1635 Phylacteria
1367 1601 1457 1636 quae
1474 1590 1606 1625 fuerint
1621 1601 1664 1624 ex
1686 1589 1877 1625 doctiorum

1179 1658 1285 1681 sensu
1823 1647 1877 1683 32.

1132 1704 1352 1739 Poenitentia
1387 1704 1427 1739 fit
1464 1709 1525 1739 aut
1561 1709 1700 1751 propter
1738 1709 1880 1751 peccata

1177 1762 1355 1807 capitalia,
1380 1767 1441 1796 aut
1459 1766 1601 1808 propter
1613 1762 1765 1805 venalia,
1790 1772 1879 1807 quae

1177 1819 1247 1853 sint
1271 1822 1416 1865 utraque
1801 1818 1879 1854 238.

1132 1876 1351 1910 l‘oenitentia
1399 1876 1511 1922 qualis
1549 1876 1654 1910 fuerit
1691 1876 1881 1911 constituta

1180 1934 1327 1967 concilio
1354 1934 1546 1972 Arelatensi
1577 1944 1607 1967 c.
1627 1932 1672 1968 23
1696 1934 1880 1980 Ancyrano

1177 2001 1206 2026 c.
1225 1990 1291 2025 232
1692 2023 1695 2026 .
1802 1990 1879 2026 232.

1130 2048 1350 2083 Poenitentia
1387 2047 1526 2093 publica
1563 2051 1703 2094 propter
1745 2048 1881 2082 occulta

1176 2111 1316 2151 peccata
1343 2104 1551 2151 quibusdam
1577 2105 1742 2151 imposita
1801 2105 1878 2140 248.

1130 2161 1349 2197 Poenitentia
1371 2161 1439 2196 fuit
1451 2162 1542 2208 apud
1566 2163 1727 2208 antiquos
1755 2163 1879 2209 triplex

1803 2218 1880 2255 237.

1131 2275 1349 2311 l'oenitentia
1357 2276 1495 2322 publica
1511 2276 1747 2321 aquibusdam
1762 2287 1881 2322 pecca-

1178 2334 1311 2368 toribus
1345 2345 1414 2367 non
1448 2339 1572 2379 sponte
1604 2340 1785 2380 suscepta,
1820 2333 1880 2368 sed

1179 2391 1373 2426 necessario
1392 2395 1530 2436 peracta
1803 2390 1879 2425 238.

1134 2447 1351 2483 Poenitentia
1368 2448 1507 2494 publica
1523 2459 1593 2482 non
1611 2447 1783 2482 confessio
1800 2448 1881 2482 snb-

1180 2506 1251 2540 lata
1277 2505 1579 2551 Constantinopoli
1802 2503 1879 2540 243.

1134 2562 1370 2598 Poenitentiae
1404 2573 1472 2608 quo
1504 2562 1539 2597 in
1571 2561 1680 2606 gradu
1705 2561 1880 2596 absolutio

1177 2620 1440 2654 sacramentalis
1466 2619 1570 2654 fuerit
1594 2630 1761 2654 concessa
1792 2618 1881 2662 251„

1179 2677 1213 2712 in
1230 2677 1330 2712 tertio
1349 2677 1459 2722 gradu
1474 2677 1640 2723 probatur
1657 2676 1744 2718 252„
1762 2679 1882 2711 contra

1180 2746 1247 2769 non
1275 2734 1380 2768 videri
1803 2732 1880 2769 253.

1135 2791 1371 2827 Poenitontiae
1395 2790 1629 2837 capessendae
1657 2790 1743 2825 ritus
1769 2790 1881 2837 qualis

1179 2849 1283 2883 fuerit
1307 2849 1340 2883 in
1367 2848 1470 2883 veteri
1497 2847 1642 2882 ecclesia
1803 2846 1879 2882 239.

1137 2906 1372 2941 Poenltentiae
1409 2911 1506 2939 vetus
1544 2905 1576 2939 in
1615 2904 1763 2939 ecclesia
1795 2904 1880 2939 ratio

1180 2974 1269 3009 quae
1293 2961 1397 2998 fuerit
1704 2960 1781 2996 225.
1800 2960 1878 2996 226.

1134 3018 1390 3055 l'oenltentlarii
1443 3018 1633 3053 sacerdotis
1676 3016 1878 3052 instituendi

1177 3086 1266 3122 quae
1292 3075 1399 3123 prima
1424 3075 1528 3111 suerit
1552 3086 1658 3110 rausa
1802 3074 1878 3109 241.
