2008 3294
193 2506 219 2531 p.
235 2498 290 2524 1¹13.

317 207 451 245 CLVIII

315 312 425 347 fuisse
440 310 626 357 significat.
648 310 737 346 Nam
753 314 835 357 post
848 311 1008 357 eclipsin,
1026 310 1079 344 καὶ
1092 309 1148 355 τὴν
1161 306 1391 356 ἐπιπρόσθησιν
1404 308 1445 350 εἰς
1457 309 1494 344 τὸ
1511 312 1569 344 τοῦ
1584 309 1678 354 ἡλίου
1694 307 1865 356 διάμετρον

317 366 584 411 ἆντικαταστῆναι
597 368 718 402 lunam
733 367 875 410 asserit,
896 367 964 404 hoe
986 371 1041 403 est
1062 367 1098 402 in
1123 378 1203 402 eum
1225 366 1314 402 coeli
1333 367 1448 403 locum
1468 367 1666 414 pervenisse
1685 366 1745 412 qui
1760 365 1866 401 edia-

315 430 427 460 metro
443 425 554 460 solem
568 425 763 470 respiceret.
788 424 857 460 Sed
873 435 919 460 ex
933 425 1001 460 illis
1013 425 1175 469 Dionysii
1190 423 1305 459 verbis
1320 422 1406 459 nihil
1421 424 1462 459 de
1477 424 1664 470 plenilunio
1682 423 1866 469 colligitur.

317 481 363 516 Ut
377 482 470 516 enim
485 482 604 516 lunam
620 485 704 516 tunc
719 479 940 529 ἆμφίκουρτον
956 481 1064 516 fuisse
1081 481 1221 523 demus,
1244 491 1326 516 cum
1347 491 1389 516 ea
1410 479 1738 528 Ροεῐέπιπρόσθησω
1754 480 1868 526 pristi-

316 550 403 572 num
417 538 461 573 ad
475 538 594 573 locum
606 538 856 584 regrederetur,
877 549 940 585 per
961 549 1040 574 eam
1056 538 1142 573 coeli
1157 538 1299 584 plagam
1314 548 1404 584 quae
1418 538 1486 573 soli
1500 549 1543 574 ex
1559 537 1703 572 adverso
1720 539 1794 572 erat
1808 548 1868 584 op·-

316 595 431 642 posita
445 596 624 630 transiisse
640 596 755 631 solum
771 590 907 638 dicitnr,
926 599 996 631 non
1020 595 1058 630 in
1080 606 1122 629 ea
1144 595 1355 631 constitisse.
1385 594 1467 631 Plus
1483 595 1576 630 enim
1592 594 1769 630 dimidiato
1785 594 1868 629 orbe

316 653 494 698 percurrit.
525 651 696 694 Quocirca
709 651 796 687 nihil
808 656 865 697 est
879 652 972 698 quod
987 651 1189 698 Epiphanii,
1210 652 1365 699 adeoque
1385 652 1558 688 communi
1573 647 1795 698 antiquorum
1810 660 1870 697 pa—
1911 676 1915 680 ,

317 714 409 744 trum
424 709 617 744 sententiae
633 709 675 744 de
690 720 772 745 vero
786 709 960 756 passionis
977 720 1068 744 anno
1093 709 1273 755 negotium
1287 709 1457 745 facessat:
1492 709 1592 744 Nunc
1614 708 1744 744 autoris
1765 708 1872 743 verbe.

318 766 523 813 singillatim
538 766 793 813 expendemus,
809 767 841 803 si
854 767 950 813 prius
961 793 970 809 ‚
987 766 1080 812 quod
1094 766 1348 812 propemodum
1363 765 1554 810 exciderat,
1571 765 1706 801 Onufrii
1721 777 1766 800 ex
1780 764 1872 800 Gau-

317 825 389 859 rico
406 823 613 859 sententiam
629 823 672 858 de
685 822 812 859 Christi
825 824 986 870 passione
1001 823 1213 859 refellamus.
1238 823 1302 858 Hic
1318 824 1411 859 enim
1426 835 1506 859 cum
1521 834 1612 859 anno
1629 833 1727 858 aerae
1742 822 1872 868 Diony-

318 881 437 916 sianae
458 892 578 916 xxxiv·
601 881 697 916 illam
721 881 886 916 accidisse
910 881 1110 923 confirmet,
1131 880 1251 915 Martii
1273 893 1390 924 xxvr„
1412 881 1496 916 luna
1517 891 1633 923 xvim,
1665 890 1759 927 quae
1777 881 1873 916 ante-

319 938 460 973 cedente
475 948 622 984 vespera
634 937 706 973 iam
721 937 884 973 inchoata
897 938 1028 981 fuerat,
1049 937 1194 973 ludaeos
1217 938 1343 973 asserit
1356 938 1660 977 neomeniam-‘nen
1677 947 1699 972 a
1713 937 1807 972 coitu
1821 936 1874 971 lu-

318 995 524 1038 minarium,
541 994 604 1030 sed
617 1005 642 1035 a
657 995 871 1030 corniculata
885 995 1003 1041 effigie
1019 995 1192 1041 coepisse,
1215 994 1278 1030 hoc
1296 998 1350 1030 est
1364 995 1465 1030 tertio
1481 995 1538 1030 die
1550 998 1632 1041 post
1645 993 1874 1036 novilunium,

320 1052 413 1098 quod
427 1063 476 1088 rx.
495 1051 550 1087 die
563 1052 681 1087 Martii
696 1052 788 1087 circa
802 1052 887 1087 solis
905 1063 1069 1087 occasum
1086 1052 1312 1087 commissum
1327 1055 1392 1089 est.
1417 1051 1515 1087 Unde
1531 1051 1640 1087 civilis
1657 1062 1777 1087 eorum
1791 1060 1874 1086 neo-

318 1109 437 1144 menia
447 1107 511 1142 &arb
524 1110 580 1152 τῆς
594 1107 722 1155 φάσεως
733 1109 812 1144 iniit
821 1109 940 1145 Martii
951 1121 1013 1145 xrr.
1038 1109 1148 1155 Igitur
1161 1109 1296 1144 decima
1307 1110 1430 1156 quinta
1440 1109 1585 1144 incurrit
1594 1109 1631 1144 in
1641 1120 1738 1144 xxvr.
1745 1107 1874 1144 Martii.

319 1167 414 1201 Haec
428 1165 605 1202 onustius.
653 1165 748 1208 Quae
764 1177 844 1201 cum
859 1177 904 1202 ex
921 1166 1061 1202 Iudaica
1074 1166 1232 1201 doctrina
1251 1165 1411 1202 hausisse
1434 1177 1472 1202 se
1491 1165 1707 1213 profiteatur,
1726 1165 1876 1200 multum

319 1228 436 1259 tamen
448 1223 497 1258 ab
513 1234 555 1258 ea
570 1222 775 1269 discrepant.
805 1222 927 1268 Neque
942 1223 1037 1261 enim
1051 1224 1236 1259 neomenia
1251 1234 1332 1259 cum
1345 1221 1412 1258 ἀπὸ
1429 1225 1485 1268 τῆς
1502 1222 1632 1270 φάσεως
1653 1222 1876 1258 constituere-

320 1285 386 1324 tur,
408 1280 520 1316 triduo
538 1281 582 1316 ab
598 1291 680 1315 vero
696 1280 790 1315 coitu
805 1290 960 1326 unquam
975 1280 1104 1323 abfuit,
1126 1280 1187 1315 sed
1204 1292 1274 1316 uno
1296 1281 1340 1316 ed
1361 1291 1536 1316 summam
1553 1280 1608 1316 die
1622 1283 1703 1327 post
1716 1279 1814 1315 illum
1828 1278 1876 1315 ci·

321 1339 399 1374 vilis
415 1337 600 1373 neomenia
616 1337 817 1372 denunciari
831 1337 982 1380 solebat,
1005 1341 1045 1372 ut
1065 1349 1110 1372 ex
1127 1337 1168 1372 R.
1180 1338 1280 1373 Mose
1295 1341 1449 1380 constet,
1474 1337 1516 1372 de
1537 1349 1606 1384 quo
1623 1337 1700 1373 vide
1719 1337 1876 1384 glossam
1911 1334 1913 1336 ’

321 1407 397 1442 cap.
415 1408 439 1430 1.
455 1393 642 1430 Kiddusch.
674 1393 782 1440 Atqui
797 1404 889 1429 anno
905 1394 966 1429 ilio
982 1405 1102 1430 xxxxv.
1118 1395 1216 1440 cyclo
1231 1396 1337 1430 lunae
1351 1407 1442 1438 ιη,
1464 1395 1549 1430 solis
1564 1407 1640 1438 xv.‚
1662 1393 1878 1430 novilunium

320 1463 442 1487 verum
455 1451 578 1487 incidit
591 1451 628 1486 in
643 1451 760 1486 Martii
773 1463 822 1486 1x.
832 1477 841 1493 ,
854 1450 948 1486 horis
964 1463 986 1486 v
1002 1462 1082 1486 cum
1102 1452 1226 1487 triente
1247 1451 1319 1487 fere
1336 1462 1358 1487 a
1372 1451 1489 1488 media
1502 1456 1619 1495 nocte,
1641 1454 1719 1487 octo
1742 1451 1878 1486 circiter

320 1509 414 1544 horis
429 1513 511 1555 post
523 1508 675 1543 mediam
697 1508 979 1543 coniunctionem
999 1519 1090 1555 quae
1105 1520 1223 1544 veram
1246 1509 1433 1546 antecessit
1452 1509 1490 1545 in
1513 1509 1703 1545 meridiano
1717 1509 1878 1545 Hieroso-

320 1567 501 1612 lymitano.
550 1564 663 1608 Quare
677 1565 808 1600 falsum
823 1569 876 1600 est
890 1566 992 1602 tertio
1008 1565 1150 1602 demum
1164 1566 1218 1602 die
1229 1593 1238 1610 ,
1260 1565 1326 1602 hoc
1346 1570 1403 1602 est
1423 1578 1486 1604 xn.
1501 1567 1636 1611 Martii,
1658 1565 1877 1602 neomeniam

321 1635 399 1659 esse
415 1622 579 1659 defixam.
1690 1639 1692 1645 ·

411 1680 454 1718 N.
472 1693 568 1717 xxvr.
599 1677 725 1726 Πάσχει
741 1678 778 1714 δὲ
793 1678 824 1714 ἐν
842 1683 880 1726 τῇ
898 1680 963 1728 πρὸ
980 1679 1060 1715 δέκα
1076 1680 1200 1728 τριῶν]
1237 1681 1341 1716 Nulla
1355 1680 1510 1727 Sibyllae
1525 1681 1612 1718 folin.
1625 1691 1739 1727 neque
1753 1677 1878 1727 Sphin-

321 1738 377 1785 gis
393 1738 594 1785 aenigmata
616 1748 697 1772 cum
712 1748 834 1773 eorum
849 1749 939 1784 qnee
955 1742 1147 1784 sequuntur
1163 1739 1371 1774 obscuritate
1387 1739 1536 1777 conferri
1549 1741 1714 1786 possunt,
1728 1747 1820 1784 quoe
1832 1747 1879 1774 ne

320 1796 379 1831 ille
396 1795 535 1842 quidem
551 1794 806 1831 eruditissimus
819 1795 1088 1832 mathematicus
1105 1799 1284 1832 assecutus
1301 1799 1355 1831 est
1374 1796 1434 1842 qui
1452 1794 1548 1832 hune
1571 1796 1708 1842 cyclum
1729 1794 1880 1831 solertia-

323 1854 409 1888 sime
425 1853 622 1888 declaravit.
666 1852 841 1899 Imprimis
858 1854 952 1890 enim
967 1852 1114 1888 Iudaeos
1129 1853 1181 1888 ait
1194 1850 1382 1899 ὕπερβὰσιι,
1405 1852 1471 1889 hoe
1488 1857 1542 1889 est
1555 1852 1798 1896 translatione,
1815 1861 1880 1898 ‚pe-

322 1909 407 1946 scha
421 1909 657 1953 submovisse,
679 1908 855 1945 Christum
870 1921 952 1946 vero
973 1921 1119 1957 pessum
1138 1910 1224 1945 luna
1239 1922 1309 1946 xxv.
1333 1913 1496 1958 νυκτερινῇ
1521 1910 1614 1958 μέσῃ.
1662 1909 1799 1957 Optime
1813 1908 1880 1944 Ke-

322 1968 438 2014 plerus
453 1967 573 2003 lunam
588 1965 645 2003 hic
660 1966 849 2002 Nicaenem
865 1967 1040 2014 intelligit.
1087 1967 1217 2003 Passus
1238 1971 1292 2002 est
1312 1971 1447 2011 eutem,
1469 1970 1508 2003 ut
1530 1967 1640 2004 credit
1653 1965 1878 2016 Epiphania,

324 2036 400 2060 xm.
415 2023 493 2060 Kal.
510 2025 610 2070 Apr„
634 2023 669 2059 id
692 2029 746 2060 est
767 2025 883 2060 Martii
904 2036 962 2061 xx.
1010 2024 1118 2070 Atqui
1140 2024 1224 2059 lune
1246 2028 1322 2061 tum
1344 2024 1515 2067 Nicaeae,
1542 2024 1664 2061 eodem
1682 2022 1878 2071 *Epiphanio

324 2087 461 2125 autore,
485 2081 552 2116 fuit
567 2093 660 2124 xm„
683 2081 749 2117 sub
766 2091 947 2128 vesperam
962 2085 1078 2117 eutem
1096 2082 1208 2128 coepit
1222 2093 1292 2117 xxv.
1302 2106 1311 2124 ,
1335 2092 1416 2117 cum
1430 2081 1467 2116 in
1483 2081 1581 2127 cyclo
1596 2080 1736 2117 Iudeico
1752 2080 1878 2116 vitioso

324 2143 418 2175 esset
433 2150 507 2182 xv.‚
523 2144 689 2185 sequente
706 2150 775 2174 xvi.
807 2137 877 2173 Sed
894 2136 967 2172 καθ’
983 2137 1159 2184 ὑπέρβασιν
1174 2139 1220 2174 ab
1235 2138 1357 2174 iisdem
1373 2150 1444 2174 xrv.
1459 2137 1553 2173 fecte
1568 2141 1637 2181 est,
1654 2148 1732 2174 cum
1748 2138 1785 2173 in
1798 2147 1880 2173 eam

324 2195 456 2243 pascha
469 2195 695 2231 traieciseent.
726 2195 854 2231 Verum
870 2195 912 2231 de
927 2194 993 2230 hec
1007 2194 1197 2242 posteriore
1217 2194 1327 2242 accipi
1346 2206 1418 2231 non
1439 2198 1570 2242 potent,
1595 2195 1676 2241 quis
1698 2193 1879 2241 νυκτερινὴν

324 2254 422 2290 illem
438 2257 549 2289 vocet.
596 2251 732 2289 ludaeis
748 2263 829 2288 vero
850 2256 930 2300 poet
944 2250 1120 2299 μετάβασιν
1136 2263 1206 2288 xrv.
1223 2251 1323 2288 desiit
1335 2251 1370 2287 in
1388 2262 1462 2295 xv.‚
1484 2251 1631 2299 ideoque
1653 2251 1720 2288 fuit
1739 2249 1879 2299 ἡμηρινὴ

325 2322 382 2347 xv.
414 2310 504 2346 Fieri
519 2313 636 2357 potent
651 2314 690 2345 ut
704 2309 982 2346 emendationem
995 2308 1051 2345 hic
1067 2309 1164 2346 locus
1180 2309 1295 2357 potius
1312 2318 1418 2355 quem
1432 2308 1750 2355 interpretationem
1766 2308 1880 2356 requi-

323 2372 378 2404 rat
393 2367 650 2415 legendumque
665 2367 726 2402 sit:
750 2364 989 2414 τριςκαιδικάτη
1008 2364 1141 2414 ἧμιρινὴ
1161 2365 1243 2413 μίση
1253 2393 1262 2411 ,
1285 2365 1349 2402 hoc
1365 2369 1419 2402 eet
1432 2365 1517 2402 luna
1528 2378 1623 2410 xm.,
1641 2376 1731 2414 quae
1744 2366 1789 2402 ab
1801 2369 1879 2402 ortu

325 2426 410 2462 solis
425 2425 564 2472 incipit,
585 2424 741 2467 labente,
763 2424 834 2460 imo
859 2423 1063 2471 μσαζούσῃ,
1087 2423 1152 2461 sub
1168 2423 1347 2460 meridiem
1361 2422 1520 2459 videlicet
1535 2422 1619 2467 diei,
1643 2435 1712 2470 quo
1734 2423 1879 2460 civiliter

325 2495 402 2520 xm.
416 2483 499 2519 lune
515 2486 724 2518 numeretur.
772 2480 870 2524 Quod
886 2481 955 2517 uisi
970 2481 1020 2518 ite
1034 2485 1103 2525 eet,
1117 2479 1205 2517 nihil
1219 2480 1368 2517 occurrit
1380 2480 1495 2527 eptius
1507 2491 1614 2527 quam
1626 2480 1720 2528 quod
1730 2480 1878 2528 Keplero

325 2540 472 2587 placuit,
495 2539 665 2576 decimam
688 2542 847 2585 quartam
868 2537 1054 2575 Niceenem
1076 2538 1190 2574 vocari
1207 2549 1300 2581 xm„
1325 2536 1416 2584 quod
1435 2537 1471 2574 in
1495 2548 1571 2573 eam
1588 2542 1727 2574 noctem
1743 2537 1880 2574 desinet

326 2608 348 2633 e
363 2608 433 2644 que
449 2608 518 2634 ιη.
534 2596 672 2632 initium
687 2596 836 2643 accepit,
861 2594 1153 2643 quemadmodum
1173 2594 1246 2631 die·
1261 2604 1462 2641 azymorum
1477 2594 1521 2630 ab
1538 2594 1764 2642 evangelistis
1778 2605 1879 2643 pare-

327 2666 427 2690 eceve
442 2654 520 2701 ipse
534 2652 728 2700 paschatis,
750 2653 823 2689 eive
846 2653 980 2689 decime
999 2656 1124 2700 quarta
1138 2652 1267 2688 mensis
1281 2651 1474 2700 appelletur
1490 2652 1572 2687 κατὰ
1588 2651 1762 2699 πρόληψιν.
1810 2651 1880 2688 Sed

329 2716 401 2747 tum
419 2710 501 2758 μίση
518 2722 605 2754 vox,
622 2710 652 2747 si
668 2710 846 2746 meridiem
863 2709 1052 2757 significet,
1070 2720 1194 2757 perum
1209 2713 1288 2758 epte
1303 2707 1509 2746 cohaerebit.
1553 2708 1631 2745 Non
1647 2709 1741 2745 enim
1754 2712 1812 2745 eet
1824 2719 1879 2744 νυ-

329 2767 452 2814 κτιρινὴ
469 2767 571 2815 μίση,
593 2778 683 2813 quee
706 2767 844 2804 nonnisi
866 2772 946 2815 poet
960 2777 1139 2815 vesperem
1160 2766 1284 2814 coepit.
1329 2764 1398 2802 Sed
1419 2776 1532 2813 neque
1553 2766 1685 2802 medios
1702 2766 1747 2802 ed
1762 2769 1879 2803 motus

328 2825 578 2861 astronomica·
602 2835 679 2861 mee
701 2825 875 2861 sententie
896 2824 1050 2871 respexit
1071 2823 1295 2872 Epiphanius.
1340 2821 1572 2866 Quemobrem
1596 2823 1634 2858 τ“ο
1652 2823 1735 2871 μίση
1748 2824 1879 2860 >ebe-ee

329 2893 389 2929 per
405 2893 460 2917 me
477 2881 615 2928 quidem
632 2885 756 2929 potent.

421 2938 610 2985 ΙΙροίλαβον
626 2936 708 2986 γὰρ,
726 2938 779 2974 καὶ
794 2936 944 2986 leuvam]
991 2938 1054 2975 llic
1074 2938 1132 2975 ille
1151 2937 1263 2975 nodus
1286 2940 1340 2975 eet
1353 2937 1601 2986 propemodum
1617 2937 1878 2982 inextricabilia,

331 3006 433 3044 quem
450 2996 671 3032 scuti-ulmus
687 2996 744 3032 ille
760 2995 1021 3032 methemeticus
1037 3006 1107 3032 non
1123 2995 1289 3032 die-olvit.
1321 2994 1378 3030 Sic
1395 2995 1485 3030 enim
1503 2995 1762 3042 interpretetur:
1782 2994 1877 3031 011ῐί-

331 3058 406 3089 ·tue
422 3064 500 3088 cum
518 3052 651 3088 ludaeis
671 3052 876 3099 quum-dnm
901 3051 1030 3100 puch·
1051 3053 1137 3089 obiit
1151 3053 1233 3088 lune
1250 3051 1385 3088 indulca
1402 3051 1524 3088 vitiosa
1541 3064 1611 3091 xxv.
1629 3058 1796 3097 exeunte,
1819 3051 1877 3088 Ni-
