2008 3294
338 219 491 257 (20an

294 350 303 359 .
338 325 490 371 dumque
505 324 780 371 praescripserit,
795 334 840 359 ne
855 334 949 360 nuuc
964 324 1105 371 quidem
1119 324 1294 359 celebrare
1310 323 1409 359 aliter
1422 324 1552 360 licebit.
1577 324 1711 371 Quippe
1721 323 1895 371 paschatis

338 381 418 418 festi
441 381 637 417 celebrandi
659 381 830 416 rationem
855 381 1001 417 ecelesia
1023 380 1196 416 catholica
1219 391 1257 416 se
1281 380 1325 415 ab
1349 381 1517 427 apostolis
1539 381 1716 427 accepisse
1729 385 1895 428 perpetuo

338 439 499 486 professa
518 443 587 480 est,
611 438 712 474 Petro
735 438 907 485 imprimis
924 449 965 474 ac
980 439 1088 474 Paulo
1106 438 1344 485 apostolorum
1357 438 1584 485 principibus.
1614 437 1737 484 Atqui,
1758 438 1791 473 si
1813 437 1896 474 Sca-

338 497 486 542 liger-um
511 495 690 538 audimus,
711 506 783 530 non
806 496 920 532 solum
942 496 1092 543 apostoli
1107 495 1246 531 Iudaico
1268 505 1366 530 more
1386 500 1422 530 et
1436 495 1710 542 decimaquarta
1723 495 1779 530 die
1793 495 1897 531 lunae

338 552 469 600 pascha
484 557 680 588 constanter
695 557 858 599 egerunt,
880 561 954 588 non
971 558 1087 588 autem
1104 553 1296 595 dominica,
1318 552 1388 587 nisi
1409 552 1447 588 in
1462 563 1533 590 xrv.
1548 551 1730 596 incideret,
1753 551 1816 588 sed
1836 564 1896 588 ne·

341 621 407 656 que
423 610 522 645 aliter
537 608 874 646 celebrandum‘esse
889 611 963 646 suis
979 611 1133 646 ecclesiis
1145 609 1369 645 tradiderunt.
1392 608 1484 645 Nam
1498 609 1530 645 si
1544 609 1580 644 id
1595 610 1760 656 egissent,
1777 620 1898 646 eorum

339 678 424 703 sane
439 667 570 714 posteri
584 678 656 702 non
667 667 848 703 Iudaicum
861 668 962 703 illum
976 669 1081 703 ritum
1095 666 1450 713 consuetudinemque
1462 667 1673 710 tenuissent,
1689 677 1804 714 neque
1816 677 1897 703 cen-

339 729 415 760 tum
429 728 522 760 totos
537 735 648 760 annos
665 724 1059 771 Τεσσαρεςκαιδεκατιτῶν
1080 724 1239 760 haeresin
1254 728 1349 760 totus
1365 723 1580 759 Christianus
1603 724 1696 760 orbis
1717 728 1812 760 esset
1825 735 1898 760 am-

338 782 476 829 plexus.
521 781 642 828 Neque
664 782 889 818 condemnari
903 782 955 817 illi
969 793 1010 817 ac
1025 793 1089 834 pro
1107 781 1290 816 haereticis
1310 780 1431 816 haberi
1449 785 1656 828 potuerunt,
1681 781 1742 828 qui
1762 782 1800 817 in
1823 782 1898 818 eius

339 838 422 875 festi
437 838 686 882 celebratione,
702 839 800 875 cuius
816 840 1035 875 autoritatem
1053 839 1199 874 ecclesia
1213 838 1299 874 solis
1314 838 1359 874 ab
1375 839 1540 886 apostolis
1561 839 1702 886 repetit,
1723 839 1898 886 apostolo·

339 907 419 932 rum
440 897 726 946 exemploptque
745 897 940 933 imitatione
962 898 1164 932 niterentur.
1195 896 1302 942 Atqui
1315 899 1450 931 veteres
1474 900 1596 931 omues
1618 899 1753 943 patres,
1776 906 1898 932 omues

341 954 482 1000 synodi,
505 935 668 1008 qnfflffls·
679 954 860 990 communi
882 957 917 989 et
936 965 958 988 a
978 953 1145 989 Romanis
1167 953 1371 1000 praesertim
1393 958 1498 999 atque
1513 952 1788 988 occidentalibus
1800 962 1899 988 usur·

339 1014 423 1058 pato
436 1001 701 1059 paschatis‘iitu
715 1011 965 1054 meminerunt,
988 1015 1048 1045 aut
1070 1010 1246 1046 decretum
1269 1010 1410 1056 aliquod
1426 1009 1621 1052 ediderunt,
1645 1020 1716 1046 uno
1739 1020 1799 1045 ore
1819 1019 1900 1056 pro-

341 1067 493 1111 fitentur,
514 1067 604 1104 hanc
625 1069 670 1103 ab
686 1068 852 1114 apostolis
868 1067 1154 1104 consuetudinem
1170 1067 1326 1103 ecclesiis
1341 1067 1450 1103 fuisse
1465 1067 1647 1110 traditam,
1666 1077 1780 1114 neque
1801 1066 1900 1103 aliter

341 1137 388 1161 ex
402 1125 541 1161 illorum
555 1126 752 1168 autoritate,
770 1135 875 1171 quam
892 1125 1066 1160 dominica
1079 1124 1144 1167 die,
1158 1125 1263 1172 idque
1279 1129 1361 1172 post
1374 1126 1494 1160 lunam
1509 1136 1592 1167 ιιι,
1608 1128 1644 1160 et
1656 1129 1696 1161 ut
1710 1134 1781 1160 uno
1793 1123 1899 1160 verbo

341 1183 470 1226 dicam,
486 1183 555 1218 alio
572 1193 678 1229 quam
694 1183 740 1218 ab
755 1182 892 1218 Iudaeis
907 1182 1098 1218 instituitur
1109 1193 1206 1218 more
1221 1193 1262 1216 ac
1277 1186 1433 1229 tempore
1448 1181 1695 1217 celebrandum
1711 1191 1798 1222 esse.
1821 1180 1899 1217 Ete-

339 1240 416 1276 nim
429 1239 604 1276 Nicaenus
619 1240 678 1275 ille
701 1250 903 1282 consessus,
927 1239 989 1286 qui
1009 1239 1051 1274 de
1073 1238 1238 1286 paschate
1259 1239 1476 1275 sanctionem
1496 1238 1618 1282 edidit,
1642 1238 1791 1286 quid-*de
1811 1238 1896 1274 ritus

340 1298 434 1333 illius
445 1301 616 1333 vetustate
628 1297 785 1339 senserit,
801 1307 846 1332 ex
859 1295 1078 1332 Constantini
1089 1297 1138 1332 M.
1150 1297 1299 1343 epistola
1315 1296 1439 1332 coniici
1454 1299 1578 1343 potest,
1595 1307 1701 1342 qnam
1717 1306 1762 1331 ex
1778 1295 1901 1331 eodem

341 1355 489 1391 concilio
505 1355 655 1401 scripsit.
684 1353 802 1388 Refert
816 1353 913 1406 iilam
929 1353 1102 1389 Eusebius
1118 1354 1176 1390 lib.
1190 1365 1242 1390 ιιι.
1261 1353 1303 1389 de
1318 1353 1400 1388 vita
1417 1353 1652 1396 Constantini,
1669 1356 1705 1388 et
1719 1363 1765 1388 ex
1780 1363 1821 1388 eo
1837 1352 1900 1389 So-

332 1415 472 1463 crates,
495 1410 733 1447 Theodoretus
751 1415 789 1446 et
803 1411 874 1446 alii.
922 1411 962 1447 In
979 1421 1049 1457 qna
1064 1422 1143 1446 cnm
1158 1411 1196 1446 in
1211 1409 1358 1446 Iudaeos
1374 1421 1415 1446 ac
1430 1409 1562 1445 Iudaici
1575 1409 1753 1457 paschatis
1767 1420 1900 1446 morem

342 1470 456 1504 acrius
479 1473 573 1504 esset
594 1469 768 1511 invectus,
793 1468 861 1503 ista
884 1467 1038 1503 subiicit:
1086 1465 1218 1508 Ἔξεστι
1233 1466 1296 1514 γὰρ
1314 1469 1372 1502 τοῦ·
1388 1465 1521 1502 ἐκείνων.
1534 1465 1643 1507 ἔθνους
1659 1465 1901 1513 ἂποβληθίντος

342 1525 542 1573 ἀληθεστέρα
556 1524 659 1571 τάξει,
674 1526 714 1569 ἢν
730 1523 766 1559 ἐκ
782 1524 914 1572 πρώτης
929 1527 989 1559 τοῦ
1005 1523 1128 1566 πάθους
1143 1523 1266 1572 ἡμέρας
1282 1522 1359 1571 ἄχρι
1375 1524 1430 1559 καὶ
1445 1527 1503 1559 τοῦ
1518 1525 1682 1572 παρόντος
1698 1522 1900 1571 ἐφυλάξαμεν

343 1583 396 1618 καὶ
413 1582 464 1618 ἐπὶ
477 1583 556 1623 τοὺς
573 1581 755 1630 μέλλοντας
780 1581 899 1622 αἰῶνας
922 1581 980 1626 τὴν
1003 1584 1061 1626 τῆς
1075 1580 1291 1628 ἐπιτηρέσεως
1307 1581 1426 1626 ταύτης
1443 1581 1677 1628 συμπλήρωσιν
1701 1579 1901 1617 ἐπιτείνεσθαι.

343 1640 453 1685 Μηδὲν
477 1640 583 1675 τοίνυν
605 1637 690 1674 ἔστω
713 1639 790 1686 ἡμῖν
814 1639 922 1674 κοινὸν
939 1636 1021 1686 μετὰ
1037 1642 1095 1674 τοῦ
1112 1637 1264 1686 ἐχθίστου
1280 1640 1347 1673 τῶν
1363 1637 1532 1673 Ἰουδαίων
1549 1634 1665 1686 ὄχλου.
1702 1636 1901 1686 Εἰλήφαμεν

342 1697 407 1745 γὰρ
430 1697 520 1745 παρὰ
543 1700 602 1732 τοῦ
626 1697 781 1743 Σωτῆρος
806 1695 885 1731 ὁδον
908 1695 1030 1743 ἑτέραν.
1075 1696 1179 1739 Licet
1193 1699 1280 1732 enim
1295 1697 1429 1731 illorum
1443 1701 1543 1742 yeme
1557 1696 1760 1749 repudiata,
1775 1698 1904 1731 veriori

343 1757 462 1791 ordine
477 1767 571 1802 quem
589 1768 611 1790 α
621 1758 738 1801 primo
755 1756 810 1797 die
819 1756 996 1800 passion-ie
1011 1755 1061 1788 ad
1075 1753 1138 1789 hoc
1153 1765 1255 1801 usque
1273 1760 1401 1800 tempus
1416 1756 1600 1795 renuimus,
1623 1754 1814 1799 adfutura-
1826 1758 1902 1788 aas·

344 1814 424 1848 cula
440 1813 685 1848 observationis
707 1812 800 1846 illius
806 1813 1017 1857 functionem
1038 1812 1245 1858 perducerer
1290 1810 1517 1852 Quamobrem
1536 1809 1624 1845 nihil
1643 1813 1690 1846 οδε
1711 1810 1807 1846 nobie
1829 1821 1902 1845 cam

343 1871 556 1905 odiosissr’ma
572 1870 778 1904 Iudaeorum
795 1869 895 1904 narba
911 1880 1089 1904 commune.
1131 1868 1208 1903 Nos
1224 1870 1310 1903 enim
1327 1869 1433 1903 aliam
1449 1869 1541 1903 viam
1557 1880 1581 1902 a
1595 1866 1778 1903 Salvator-e
1792 1868 1903 1903 vadi-

344 1934 413 1962 tam
442 1929 646 1973 accepimus.
693 1926 843 1973 Cyrinus
867 1925 1124 1962 Alexandrinus
1150 1925 1293 1973 insuper
1317 1925 1361 1961 in
1379 1924 1605 1961 Heortasticia
1633 1925 1818 1968 omnibus,
1841 1923 1903 1961 ubi

345 1984 657 2031 quadragesimalis
672 1984 792 2019 ieiunii
807 1987 843 2018 et
857 1982 1032 2030 paschatis
1046 1987 1205 2030 tempora
1219 1982 1440 2030 praescribit,
1455 1980 1645 2017 identidem
1656 1980 1740 2017 ma
1750 1978 1808 2022 τὰς
1820 1978 1902 2016 ἀπο-

345 2039 497 2081 στολικόις
510 2040 705 2088 παραδόσεις
718 2051 755 2076 se
772 2050 814 2075 ea
828 2040 962 2075 tradere
978 2040 1171 2087 significat,
1187 2040 1343 2075 maxime
1358 2039 1395 2074 in
1411 2038 1507 2075 Orat.
1520 2050 1582 2075 vn.
1599 2049 1656 2075 xv.
1673 2049 1746 2081 xx.,
1762 2041 1799 2074 et
1812 2038 1902 2075 aliis.

345 2098 441 2135 Idem
463 2101 611 2134 testatur
634 2102 670 2133 et
690 2097 761 2133 Leo
785 2107 878 2144 papa
900 2098 937 2132 in
961 2097 1109 2144 epistola
1132 2097 1176 2131 ad
1197 2096 1378 2131 Proterum
1398 2092 1902 2142 Alexandrinum'prmulom,

346 2167 452 2203 quam
468 2156 554 2191 citat
566 2154 663 2190 Beda
678 2154 738 2191 lib.
756 2154 798 2189 de
814 2154 1060 2201 Aequinoctio,
1080 2158 1115 2189 et
1130 2153 1190 2190 lib.
1207 2153 1249 2188 de
1264 2153 1386 2199 Temp.
1403 2151 1480 2187 Rat.
1503 2162 1578 2199 cap.
1593 2163 1682 2189 χιιι.
1729 2151 1797 2188 Ubi
1806 2153 1903 2189 'Mar-

347 2224 426 2249 cum
443 2213 562 2248 scribit
579 2223 599 2247 a
616 2212 716 2247 Petro
733 2211 892 2247 didicisse
909 2210 1103 2246 celebrandi
1120 2209 1296 2258 paschatis
1312 2210 1427 2245 ritum.
1473 2208 1630 2256 Denique
1653 2220 1758 2245 nemo
1775 2213 1835 2245 est
1857 2220 1902 2245 ex

347 2271 477 2306 sanctis
493 2270 666 2317 patribus,
690 2269 750 2315 qui
772 2280 842 2304 non
868 2267 1073 2304 catholicum
1090 2268 1243 2303 solennis
1259 2267 1352 2303 illius
1369 2267 1472 2302 ritum
1485 2267 1759 2302 vetustissimum
1776 2278 1852 2303 esse
1869 2270 1903 2302 et

348 2328 392 2363 ab
409 2327 600 2375 apostolis'
591 2327 676 2374 ipsis
691 2336 854 2363 manasse
868 2326 1030 2363 fateatur.

439 2384 528 2421 Nam
547 2383 641 2431 quod
656 2382 846 2420 Eusebium
868 2387 904 2418 et
922 2382 1176 2419 ecclesiasticae
1196 2382 1379 2430 scriptores
1400 2380 1580 2427 historiae,
1604 2386 1708 2428 atque
1731 2381 1820 2418 inter
1843 2392 1902 2418 eos

348 2442 576 2479 novissimum
593 2440 843 2488 Nicephorum,
866 2439 1116 2487 subscriptores
1131 2438 1259 2475 habere
1275 2450 1312 2475 se
1328 2438 1412 2475 dicit
1426 2438 1594 2485 Scaliger,
1615 2438 1792 2474 manifesti
1805 2450 1901 2475 men-

349 2500 439 2535 dacii
453 2503 600 2535 tenetur.
624 2498 794 2534 Eusebius
811 2498 903 2533 enim
921 2501 1043 2533 contra
1057 2495 1263 2534 catholicum
1279 2495 1428 2533 obeundi
1436 2494 1616 2543 paschatis
1627 2505 1771 2539 morem,
1786 2496 1902 2531 cuius-

349 2556 445 2593 modi
466 2556 511 2591 ab
528 2555 808 2591 occidentalibus
832 2558 867 2590 et
890 2554 1056 2591 Romanis
1079 2554 1234 2590 maxime
1257 2556 1415 2590 servatus
1432 2553 1698 2600 -estsapostolis
1722 2551 1900 2589 adscribit.

350 2614 440 2651 Nam
457 2624 531 2661 cap.
548 2613 607 2649 illo
623 2625 725 2649 aaut.
743 2612 800 2650 lib.
815 2625 857 2654 v.,
879 2612 940 2648 ubi
957 2612 1159 2648 acerrimam
1176 2611 1218 2647 de
1233 2610 1398 2659 paschate
1412 2609 1680 2652 dissensionem,
1701 2619 1790 2656 quae
1812 2610 1902 2646 inter

352 2672 523 2707 Victorem
541 2680 667 2718 papam
684 2674 718 2706 et
731 2670 901 2706 Asiaticos
916 2668 1088 2716 flagravit,
1105 2669 1262 2716 pluribus
1278 2671 1533 2711 commemorat,
1550 2666 1722 2702 Asiaticos
1738 2667 1842 2702 refert
1854 2678 1900 2703 ex

352 2730 495 2775 antiqua
509 2728 693 2763 traditione
710 2739 780 2764 xiv.
800 2727 930 2771 lunam,
946 2736 1190 2773 quamcunque
1206 2725 1240 2761 in
1258 2725 1349 2761 diem
1363 2723 1537 2767 incideret,
1557 2723 1730 2759 dominico
1745 2723 1901 2771 paschati

351 2786 548 2834 peragendo
572 2785 825 2833 praefluivissez
851 2783 911 2819 οὐκ
934 2781 1025 2824 ἔθους
1049 2780 1142 2824 ὄντος
1166 2785 1282 2818 τοῦτον
1302 2780 1457 2817 annum»
1472 2781 1528 2815 τὀν
1544 2781 1667 2828 τρόπον
1683 2782 1752 2822 ταῖς
1769 2778 1829 2816 ἀνὰ
1843 2780 1900 2827 τὴν

353 2842 469 2887 λοιπὴν
487 2842 615 2877 ἃπασαν
632 2840 822 2889 οἰκουμένην
835 2839 1018 2885 ἰκκλησίαις
1034 2839 1066 2882 ἒξ
1081 2838 1298 2884 ὰποστολικῆς
1315 2838 1527 2887 παραδόσεως
1540 2837 1576 2872 τὸ
1591 2837 1643 2873 καὶ
1657 2836 1698 2879 εἰς
1715 2839 1810 2886 δεῦρο
1822 2850 1900 2886 κρα-

353 2901 454 2944 τῆσαν
470 2898 540 2939 ἔθος
558 2898 809 2945 φυλαττούσαιςτ
840 2899 920 2933 Cum
941 2911 977 2933 eo
992 2901 1061 2933 ritu
1078 2898 1274 2932 celebrande*
1289 2897 1486 2931 consuetudo
1504 2907 1565 2929 nou
1585 2901 1667 2930 esset
1683 2896 1820 2942 reliquis
1836 2902 1900 2932 ter-

353 2969 470 2992 mrum
487 2957 578 2990 orb-‘a
593 2957 762 2998 eeclesiis,
784 2967 869 3002 quas
890 2967 931 2990 οι·
952 2955 1140 3002 apostolica
1157 2955 1340 2989 traditione
1358 2964 1474 2987 tricarem
1493 2953 1583 2986 iteum
1602 2953 1826 2988 observabant
1845 2955 1902 2999 quo*

355 3016 405 3050 ad
419 3013 480 3049 Ιοοσ
495 3024 596 3060 usque
612 3019 736 3059 cenapus
750 3013 901 3048 obtinuit.
931 3012 1021 3047 Tum
1037 3022 1110 3058 cap.
1125 3022 1219 3047 xxvi.
1251 3009 1382 3046 Irenael
1397 3008 1440 3044 ad
1460 3009 1630 3045 Victorem
1652 3009 1833 3056 epistelam
1855 3010 1900 3045 ci·

355 3075 423 3115 tat,
438 3070 473 3107 in
490 3080 561 3118 qua
574 3069 671 3106 illum
688 3068 901 3113 hortabatur,
918 3073 956 3104 ut
971 3079 1015 3105 ne
1027 3071 1166 3116 propter
1176 3066 1384 3103 contrariam
1397 3066 1603 3102 Asianorum
1616 3066 1900 3103 consuetudinem
