<?xml version="1.0" encoding="UTF-8"?>
<!DOCTYPE html PUBLIC "-//W3C//DTD XHTML 1.0 Transitional//EN"
    "http://www.w3.org/TR/xhtml1/DTD/xhtml1-transitional.dtd">
<html xmlns="http://www.w3.org/1999/xhtml" xml:lang="en" lang="en">
 <head>
  <title>
</title>
<meta http-equiv="Content-Type" content="text/html;charset=utf-8" />
  <meta name='ocr-system' content='tesseract 3.04.00' />
  <meta name='ocr-capabilities' content='ocr_page ocr_carea ocr_par ocr_line ocrx_word'/>
</head>
<body>
  <div class='ocr_page' id='page_1' title='image "./corporishaereseo03epip/corporishaereseo03epip_0388.png"; bbox 0 0 2008 3294; ppageno 0'>
   <div class='ocr_carea' id='block_1_1' title="bbox 360 248 480 286">
    <p class='ocr_par' dir='ltr' id='par_1_1' title="bbox 360 248 480 286">
     <span class='ocr_line' id='line_1_1' title="bbox 360 248 480 286; baseline 0 0"><span class='ocrx_word' id='word_1_1' title='bbox 360 248 480 286; x_wconf 77' lang='lat' dir='ltr'><strong>coLx</strong></span> 
     </span>
    </p>
   </div>
   <div class='ocr_carea' id='block_1_2' title="bbox 355 351 1918 2513">
    <p class='ocr_par' dir='ltr' id='par_1_2' title="bbox 357 351 1915 684">
     <span class='ocr_line' id='line_1_2' title="bbox 359 351 1913 400; baseline -0.001 -11"><span class='ocrx_word' id='word_1_2' title='bbox 359 354 510 399; x_wconf 84' lang='lat' dir='ltr'><strong>accipio,</strong></span> <span class='ocrx_word' id='word_1_3' title='bbox 532 363 595 399; x_wconf 90' lang='lat' dir='ltr'><strong>pro</strong></span> <span class='ocrx_word' id='word_1_4' title='bbox 611 355 762 394; x_wconf 77' lang='lat' dir='ltr'><strong>ineunte,</strong></span> <span class='ocrx_word' id='word_1_5' title='bbox 780 357 973 398; x_wconf 76' lang='lat' dir='ltr'><strong><em>appetente,</em></strong></span> <span class='ocrx_word' id='word_1_6' title='bbox 996 355 1057 387; x_wconf 84' lang='lat' dir='ltr'><strong>aut</strong></span> <span class='ocrx_word' id='word_1_7' title='bbox 1072 355 1111 387; x_wconf 89' lang='lat' dir='ltr'><strong>ut</strong></span> <span class='ocrx_word' id='word_1_8' title='bbox 1125 351 1169 387; x_wconf 88' lang='lat' dir='ltr'><strong>ad</strong></span> <span class='ocrx_word' id='word_1_9' title='bbox 1183 352 1287 388; x_wconf 87' lang='lat' dir='ltr'><strong>lunae</strong></span> <span class='ocrx_word' id='word_1_10' title='bbox 1302 352 1434 396; x_wconf 89' lang='lat' dir='ltr'><strong>lucem,</strong></span> <span class='ocrx_word' id='word_1_11' title='bbox 1457 363 1546 400; x_wconf 83' lang='lat' dir='ltr'><strong>quae</strong></span> <span class='ocrx_word' id='word_1_12' title='bbox 1568 352 1633 389; x_wconf 92' lang='lat' dir='ltr'><strong>sub</strong></span> <span class='ocrx_word' id='word_1_13' title='bbox 1650 363 1832 400; x_wconf 83' lang='lat' dir='ltr'><strong>vesperam</strong></span> <span class='ocrx_word' id='word_1_14' title='bbox 1847 352 1913 389; x_wconf 86' lang='lat' dir='ltr'><strong>ori-</strong></span> 
     </span>
     <span class='ocr_line' id='line_1_3' title="bbox 358 407 1914 456; baseline 0.001 -11"><span class='ocrx_word' id='word_1_15' title='bbox 358 414 426 452; x_wconf 89' lang='lat' dir='ltr'>tur,</span> <span class='ocrx_word' id='word_1_16' title='bbox 442 410 629 456; x_wconf 80' lang='lat' dir='ltr'><strong>pertineat,</strong></span> <span class='ocrx_word' id='word_1_17' title='bbox 646 409 708 444; x_wconf 83' lang='lat' dir='ltr'><strong>sed</strong></span> <span class='ocrx_word' id='word_1_18' title='bbox 718 420 781 455; x_wconf 91' lang='lat' dir='ltr'><strong>pro</strong></span> <span class='ocrx_word' id='word_1_19' title='bbox 793 407 938 456; x_wconf 79' lang='grc' dir='ltr'>ὴμερινῇ.</span> <span class='ocrx_word' id='word_1_20' title='bbox 961 408 1051 445; x_wconf 82' lang='lat' dir='ltr'><strong>Nam</strong></span> <span class='ocrx_word' id='word_1_21' title='bbox 1066 420 1147 444; x_wconf 90' lang='lat' dir='ltr'><strong>cum</strong></span> <span class='ocrx_word' id='word_1_22' title='bbox 1163 410 1245 445; x_wconf 91' lang='lat' dir='ltr'><strong>dicit</strong></span> <span class='ocrx_word' id='word_1_23' title='bbox 1260 407 1324 443; x_wconf 80' lang='grc' dir='ltr'><strong>ἀπὸ</strong></span> <span class='ocrx_word' id='word_1_24' title='bbox 1341 408 1494 456; x_wconf 75' lang='grc' dir='ltr'>δεκάτης,</span> <span class='ocrx_word' id='word_1_25' title='bbox 1509 421 1574 446; x_wconf 90' lang='lat' dir='ltr'><strong>nec</strong></span> <span class='ocrx_word' id='word_1_26' title='bbox 1591 409 1840 456; x_wconf 76' lang='grc' dir='ltr'>ἐπιφωσκούσης</span> <span class='ocrx_word' id='word_1_27' title='bbox 1855 410 1914 446; x_wconf 81' lang='lat' dir='ltr'><strong>ad-</strong></span> 
     </span>
     <span class='ocr_line' id='line_1_4' title="bbox 357 465 1914 514; baseline 0.001 -13"><span class='ocrx_word' id='word_1_28' title='bbox 357 468 453 509; x_wconf 87' lang='lat' dir='ltr'><strong>iecit,</strong></span> <span class='ocrx_word' id='word_1_29' title='bbox 470 467 647 513; x_wconf 84' lang='lat' dir='ltr'><strong>significat</strong></span> <span class='ocrx_word' id='word_1_30' title='bbox 662 478 733 501; x_wconf 88' lang='lat' dir='ltr'><strong>non</strong></span> <span class='ocrx_word' id='word_1_31' title='bbox 747 466 845 501; x_wconf 88' lang='lat' dir='ltr'><strong>illam</strong></span> <span class='ocrx_word' id='word_1_32' title='bbox 861 465 1036 510; x_wconf 87' lang='lat' dir='ltr'><strong>diurnam,</strong></span> <span class='ocrx_word' id='word_1_33' title='bbox 1052 466 1114 501; x_wconf 81' lang='lat' dir='ltr'><strong>sed</strong></span> <span class='ocrx_word' id='word_1_34' title='bbox 1128 470 1336 502; x_wconf 80' lang='lat' dir='ltr'><strong>nocturnam</strong></span> <span class='ocrx_word' id='word_1_35' title='bbox 1349 467 1622 514; x_wconf 78' lang='lat' dir='ltr'><strong>intelligendam.</strong></span> <span class='ocrx_word' id='word_1_36' title='bbox 1659 467 1709 503; x_wconf 90' lang='lat' dir='ltr'><strong>Ac</strong></span> <span class='ocrx_word' id='word_1_37' title='bbox 1724 467 1849 502; x_wconf 85' lang='lat' dir='ltr'><strong>merito</strong></span> <span class='ocrx_word' id='word_1_38' title='bbox 1864 467 1914 502; x_wconf 79' lang='lat' dir='ltr'><strong>vi·</strong></span> 
     </span>
     <span class='ocr_line' id='line_1_5' title="bbox 359 522 1915 571; baseline 0.001 -13"><span class='ocrx_word' id='word_1_39' title='bbox 359 524 459 558; x_wconf 89' lang='lat' dir='ltr'><strong>detur</strong></span> <span class='ocrx_word' id='word_1_40' title='bbox 480 523 696 570; x_wconf 86' lang='lat' dir='ltr'><strong>Epiphanius</strong></span> <span class='ocrx_word' id='word_1_41' title='bbox 722 523 872 570; x_wconf 85' lang='lat' dir='ltr'><strong>primam</strong></span> <span class='ocrx_word' id='word_1_42' title='bbox 901 522 1138 570; x_wconf 76' lang='lat' dir='ltr'><strong>xerophagiae</strong></span> <span class='ocrx_word' id='word_1_43' title='bbox 1168 523 1259 558; x_wconf 90' lang='lat' dir='ltr'><strong>diem</strong></span> <span class='ocrx_word' id='word_1_44' title='bbox 1287 522 1423 567; x_wconf 82' lang='grc' dir='ltr'>δεκάτην</span> <span class='ocrx_word' id='word_1_45' title='bbox 1446 523 1627 571; x_wconf 80' lang='grc' dir='ltr'>νυκτερινὴν</span> <span class='ocrx_word' id='word_1_46' title='bbox 1639 524 1791 568; x_wconf 79' lang='lat' dir='ltr'><strong>-feciese,</strong></span> <span class='ocrx_word' id='word_1_47' title='bbox 1823 523 1915 570; x_wconf 89' lang='lat' dir='ltr'><strong>quod</strong></span> 
     </span>
     <span class='ocr_line' id='line_1_6' title="bbox 357 579 1915 628; baseline 0.001 -14"><span class='ocrx_word' id='word_1_48' title='bbox 357 580 490 615; x_wconf 80' lang='lat' dir='ltr'><strong>functio</strong></span> <span class='ocrx_word' id='word_1_49' title='bbox 506 581 583 627; x_wconf 82' lang='lat' dir='ltr'><strong>ipsa</strong></span> <span class='ocrx_word' id='word_1_50' title='bbox 598 579 853 627; x_wconf 80' lang='lat' dir='ltr'><strong>xerophagiae,</strong></span> <span class='ocrx_word' id='word_1_51' title='bbox 875 580 912 616; x_wconf 92' lang='lat' dir='ltr'><strong>id</strong></span> <span class='ocrx_word' id='word_1_52' title='bbox 933 584 987 616; x_wconf 83' lang='lat' dir='ltr'><strong>eet</strong></span> <span class='ocrx_word' id='word_1_53' title='bbox 1001 581 1176 616; x_wconf 84' lang='lat' dir='ltr'><strong>aridorum</strong></span> <span class='ocrx_word' id='word_1_54' title='bbox 1192 592 1288 623; x_wconf 87' lang='lat' dir='ltr'><strong>esus,</strong></span> <span class='ocrx_word' id='word_1_55' title='bbox 1311 585 1460 616; x_wconf 84' lang='lat' dir='ltr'><strong>exeunte</strong></span> <span class='ocrx_word' id='word_1_56' title='bbox 1479 581 1551 618; x_wconf 84' lang='lat' dir='ltr'><strong>iam</strong></span> <span class='ocrx_word' id='word_1_57' title='bbox 1572 581 1627 617; x_wconf 89' lang='lat' dir='ltr'><strong>die</strong></span> <span class='ocrx_word' id='word_1_58' title='bbox 1649 592 1690 617; x_wconf 90' lang='lat' dir='ltr'><strong>ac</strong></span> <span class='ocrx_word' id='word_1_59' title='bbox 1712 581 1778 617; x_wconf 83' lang='lat' dir='ltr'><strong>sub</strong></span> <span class='ocrx_word' id='word_1_60' title='bbox 1793 591 1915 628; x_wconf 71' lang='lat' dir='ltr'><strong>vespe-</strong></span> 
     </span>
     <span class='ocr_line' id='line_1_7' title="bbox 357 637 1316 684; baseline 0.001 -12"><span class='ocrx_word' id='word_1_61' title='bbox 357 648 433 672; x_wconf 82' lang='lat' dir='ltr'><strong>ram</strong></span> <span class='ocrx_word' id='word_1_62' title='bbox 448 642 685 684; x_wconf 83' lang='lat' dir='ltr'><strong>usurparetur,</strong></span> <span class='ocrx_word' id='word_1_63' title='bbox 702 637 924 673; x_wconf 87' lang='lat' dir='ltr'><strong>commodum</strong></span> <span class='ocrx_word' id='word_1_64' title='bbox 938 638 1160 673; x_wconf 84' lang='lat' dir='ltr'><strong>illucescente</strong></span> <span class='ocrx_word' id='word_1_65' title='bbox 1177 650 1210 673; x_wconf 88' lang='lat' dir='ltr'><strong>x.</strong></span> <span class='ocrx_word' id='word_1_66' title='bbox 1223 638 1316 674; x_wconf 83' lang='lat' dir='ltr'><strong>luna.</strong></span> 
     </span>
    </p>

    <p class='ocr_par' dir='ltr' id='par_1_3' title="bbox 356 693 1917 1428">
     <span class='ocr_line' id='line_1_8' title="bbox 449 693 1916 742; baseline 0.002 -14"><span class='ocrx_word' id='word_1_67' title='bbox 449 694 663 738; x_wconf 77' lang='grc' dir='ltr'>Μεσαζούσης</span> <span class='ocrx_word' id='word_1_68' title='bbox 679 696 746 728; x_wconf 85' lang='grc' dir='ltr'><strong>τῶν</strong></span> <span class='ocrx_word' id='word_1_69' title='bbox 763 695 822 729; x_wconf 82' lang='grc' dir='ltr'><strong>δύο</strong></span> <span class='ocrx_word' id='word_1_70' title='bbox 839 695 1000 742; x_wconf 84' lang='grc' dir='ltr'>δρόμων.]</span> <span class='ocrx_word' id='word_1_71' title='bbox 1043 695 1135 731; x_wconf 80' lang='lat' dir='ltr'><strong>Mira</strong></span> <span class='ocrx_word' id='word_1_72' title='bbox 1157 698 1212 730; x_wconf 87' lang='lat' dir='ltr'><strong>est</strong></span> <span class='ocrx_word' id='word_1_73' title='bbox 1230 693 1355 730; x_wconf 87' lang='lat' dir='ltr'><strong>horum</strong></span> <span class='ocrx_word' id='word_1_74' title='bbox 1369 695 1557 732; x_wconf 77' lang='lat' dir='ltr'><strong>vorborum</strong></span> <span class='ocrx_word' id='word_1_75' title='bbox 1578 696 1781 732; x_wconf 68' lang='lat' dir='ltr'><strong>obscuritas.</strong></span> <span class='ocrx_word' id='word_1_76' title='bbox 1825 694 1916 731; x_wconf 75' lang='lat' dir='ltr'><strong>Nem</strong></span> 
     </span>
     <span class='ocr_line' id='line_1_9' title="bbox 357 750 1915 799; baseline 0.001 -13"><span class='ocrx_word' id='word_1_77' title='bbox 357 750 423 787; x_wconf 85' lang='lat' dir='ltr'><strong>hoc</strong></span> <span class='ocrx_word' id='word_1_78' title='bbox 438 752 552 798; x_wconf 90' lang='lat' dir='ltr'><strong>prima</strong></span> <span class='ocrx_word' id='word_1_79' title='bbox 567 753 684 799; x_wconf 87' lang='lat' dir='ltr'><strong>specie</strong></span> <span class='ocrx_word' id='word_1_80' title='bbox 699 755 843 796; x_wconf 86' lang='lat' dir='ltr'><strong>sonant,</strong></span> <span class='ocrx_word' id='word_1_81' title='bbox 867 752 960 799; x_wconf 87' lang='lat' dir='ltr'><strong>quod</strong></span> <span class='ocrx_word' id='word_1_82' title='bbox 982 763 1027 788; x_wconf 91' lang='lat' dir='ltr'><strong>ne</strong></span> <span class='ocrx_word' id='word_1_83' title='bbox 1042 752 1192 798; x_wconf 84' lang='lat' dir='ltr'><strong>intelligi</strong></span> <span class='ocrx_word' id='word_1_84' title='bbox 1215 752 1356 798; x_wconf 89' lang='lat' dir='ltr'><strong>quidem</strong></span> <span class='ocrx_word' id='word_1_85' title='bbox 1375 755 1507 799; x_wconf 87' lang='lat' dir='ltr'><strong>potest,</strong></span> <span class='ocrx_word' id='word_1_86' title='bbox 1530 765 1586 788; x_wconf 84' lang='lat' dir='ltr'><strong>xv.</strong></span> <span class='ocrx_word' id='word_1_87' title='bbox 1603 754 1743 796; x_wconf 86' lang='lat' dir='ltr'><strong>lunam,</strong></span> <span class='ocrx_word' id='word_1_88' title='bbox 1763 753 1820 788; x_wconf 80' lang='lat' dir='ltr'><strong>vel</strong></span> <span class='ocrx_word' id='word_1_89' title='bbox 1835 763 1915 788; x_wconf 87' lang='lat' dir='ltr'><strong>cum</strong></span> 
     </span>
     <span class='ocr_line' id='line_1_10' title="bbox 359 808 1914 856; baseline -0.001 -12"><span class='ocrx_word' id='word_1_90' title='bbox 359 820 401 844; x_wconf 85' lang='lat' dir='ltr'><strong>ea</strong></span> <span class='ocrx_word' id='word_1_91' title='bbox 416 809 603 853; x_wconf 82' lang='lat' dir='ltr'><strong>decimam,</strong></span> <span class='ocrx_word' id='word_1_92' title='bbox 626 810 717 845; x_wconf 89' lang='lat' dir='ltr'><strong>inter</strong></span> <span class='ocrx_word' id='word_1_93' title='bbox 740 809 807 845; x_wconf 93' lang='lat' dir='ltr'><strong>duo</strong></span> <span class='ocrx_word' id='word_1_94' title='bbox 828 809 942 845; x_wconf 85' lang='lat' dir='ltr'><strong>noctis</strong></span> <span class='ocrx_word' id='word_1_95' title='bbox 963 820 1004 844; x_wconf 92' lang='lat' dir='ltr'><strong>ac</strong></span> <span class='ocrx_word' id='word_1_96' title='bbox 1028 809 1096 844; x_wconf 91' lang='lat' dir='ltr'><strong>diei</strong></span> <span class='ocrx_word' id='word_1_97' title='bbox 1119 809 1288 844; x_wconf 82' lang='lat' dir='ltr'><strong>curricula</strong></span> <span class='ocrx_word' id='word_1_98' title='bbox 1309 809 1537 856; x_wconf 75' lang='lat' dir='ltr'><strong>interceptam</strong></span> <span class='ocrx_word' id='word_1_99' title='bbox 1560 821 1654 854; x_wconf 83' lang='lat' dir='ltr'><strong>esse,</strong></span> <span class='ocrx_word' id='word_1_100' title='bbox 1678 814 1739 845; x_wconf 87' lang='lat' dir='ltr'><strong>aut</strong></span> <span class='ocrx_word' id='word_1_101' title='bbox 1762 813 1854 846; x_wconf 85' lang='lat' dir='ltr'><strong>certe</strong></span> <span class='ocrx_word' id='word_1_102' title='bbox 1874 808 1914 843; x_wconf 77' lang='lat' dir='ltr'><strong>rb</strong></span> 
     </span>
     <span class='ocr_line' id='line_1_11' title="bbox 358 866 1914 913; baseline 0.001 -14"><span class='ocrx_word' id='word_1_103' title='bbox 358 866 561 913; x_wconf 81' lang='grc' dir='ltr'>νυχθήμερον</span> <span class='ocrx_word' id='word_1_104' title='bbox 587 867 678 902; x_wconf 82' lang='lat' dir='ltr'><strong>inter</strong></span> <span class='ocrx_word' id='word_1_105' title='bbox 700 867 805 910; x_wconf 86' lang='lat' dir='ltr'><strong>duos,</strong></span> <span class='ocrx_word' id='word_1_106' title='bbox 833 867 916 902; x_wconf 84' lang='lat' dir='ltr'><strong>solis</strong></span> <span class='ocrx_word' id='word_1_107' title='bbox 940 866 1100 902; x_wconf 82' lang='lat' dir='ltr'><strong>videlicet</strong></span> <span class='ocrx_word' id='word_1_108' title='bbox 1123 878 1164 902; x_wconf 87' lang='lat' dir='ltr'><strong>ac</strong></span> <span class='ocrx_word' id='word_1_109' title='bbox 1186 867 1306 910; x_wconf 85' lang='lat' dir='ltr'><strong>lunae,</strong></span> <span class='ocrx_word' id='word_1_110' title='bbox 1331 877 1452 903; x_wconf 87' lang='lat' dir='ltr'><strong>cursus</strong></span> <span class='ocrx_word' id='word_1_111' title='bbox 1476 867 1632 906; x_wconf 66' lang='lat' dir='ltr'><strong>interiiei.</strong></span> <span class='ocrx_word' id='word_1_112' title='bbox 1678 867 1775 910; x_wconf 81' lang='lat' dir='ltr'><strong>Quae</strong></span> <span class='ocrx_word' id='word_1_113' title='bbox 1796 867 1914 902; x_wconf 84' lang='lat' dir='ltr'><strong>nullus</strong></span> 
     </span>
     <span class='ocr_line' id='line_1_12' title="bbox 359 923 1915 971; baseline 0.001 -13"><span class='ocrx_word' id='word_1_114' title='bbox 359 923 511 970; x_wconf 84' lang='lat' dir='ltr'><strong>Oedipus</strong></span> <span class='ocrx_word' id='word_1_115' title='bbox 528 924 682 959; x_wconf 81' lang='lat' dir='ltr'><strong>divinare</strong></span> <span class='ocrx_word' id='word_1_116' title='bbox 697 924 817 971; x_wconf 77' lang='lat' dir='ltr'><strong>possit.</strong></span> <span class='ocrx_word' id='word_1_117' title='bbox 851 923 924 959; x_wconf 86' lang='lat' dir='ltr'><strong>Nos</strong></span> <span class='ocrx_word' id='word_1_118' title='bbox 939 935 1002 970; x_wconf 90' lang='lat' dir='ltr'><strong>pro</strong></span> <span class='ocrx_word' id='word_1_119' title='bbox 1019 935 1060 959; x_wconf 89' lang='lat' dir='ltr'><strong>eo</strong></span> <span class='ocrx_word' id='word_1_120' title='bbox 1077 935 1118 958; x_wconf 87' lang='lat' dir='ltr'><strong>ac</strong></span> <span class='ocrx_word' id='word_1_121' title='bbox 1133 924 1311 971; x_wconf 83' lang='lat' dir='ltr'><strong>superiora</strong></span> <span class='ocrx_word' id='word_1_122' title='bbox 1324 924 1542 971; x_wconf 77' lang='lat' dir='ltr'><strong>interpretati</strong></span> <span class='ocrx_word' id='word_1_123' title='bbox 1555 934 1695 968; x_wconf 82' lang='lat' dir='ltr'><strong>sumus,</strong></span> <span class='ocrx_word' id='word_1_124' title='bbox 1712 923 1915 971; x_wconf 68' lang='grc' dir='ltr'><strong>μεσαζούςιης</strong></span> 
     </span>
     <span class='ocr_line' id='line_1_13' title="bbox 357 980 1917 1028; baseline 0.001 -12"><span class='ocrx_word' id='word_1_125' title='bbox 357 980 424 1015; x_wconf 90' lang='lat' dir='ltr'><strong>hoc</strong></span> <span class='ocrx_word' id='word_1_126' title='bbox 445 981 522 1016; x_wconf 94' lang='lat' dir='ltr'><strong>loco</strong></span> <span class='ocrx_word' id='word_1_127' title='bbox 546 993 618 1016; x_wconf 91' lang='lat' dir='ltr'><strong>non</strong></span> <span class='ocrx_word' id='word_1_128' title='bbox 639 981 859 1016; x_wconf 87' lang='lat' dir='ltr'><strong>interiectum</strong></span> <span class='ocrx_word' id='word_1_129' title='bbox 882 981 1063 1028; x_wconf 84' lang='lat' dir='ltr'><strong>quiddam,</strong></span> <span class='ocrx_word' id='word_1_130' title='bbox 1088 981 1148 1016; x_wconf 87' lang='lat' dir='ltr'><strong>sed</strong></span> <span class='ocrx_word' id='word_1_131' title='bbox 1171 981 1344 1016; x_wconf 88' lang='lat' dir='ltr'><strong>labentem</strong></span> <span class='ocrx_word' id='word_1_132' title='bbox 1367 984 1507 1016; x_wconf 86' lang='lat' dir='ltr'><strong>noctem</strong></span> <span class='ocrx_word' id='word_1_133' title='bbox 1530 980 1574 1016; x_wconf 84' lang='lat' dir='ltr'><strong>ad</strong></span> <span class='ocrx_word' id='word_1_134' title='bbox 1597 981 1688 1016; x_wconf 84' lang='lat' dir='ltr'><strong>diem</strong></span> <span class='ocrx_word' id='word_1_135' title='bbox 1711 981 1917 1028; x_wconf 61' lang='lat' dir='ltr'><strong>accipimus.</strong></span> 
     </span>
     <span class='ocr_line' id='line_1_14' title="bbox 359 1036 1914 1085; baseline 0 -12"><span class='ocrx_word' id='word_1_136' title='bbox 359 1037 595 1074; x_wconf 86' lang='lat' dir='ltr'><strong>Constitutum</strong></span> <span class='ocrx_word' id='word_1_137' title='bbox 605 1038 699 1074; x_wconf 89' lang='lat' dir='ltr'><strong>enim</strong></span> <span class='ocrx_word' id='word_1_138' title='bbox 711 1042 766 1074; x_wconf 87' lang='lat' dir='ltr'><strong>est</strong></span> <span class='ocrx_word' id='word_1_139' title='bbox 778 1050 823 1073; x_wconf 89' lang='lat' dir='ltr'><strong>ex</strong></span> <span class='ocrx_word' id='word_1_140' title='bbox 834 1037 1020 1085; x_wconf 87' lang='lat' dir='ltr'><strong>Epiphanii</strong></span> <span class='ocrx_word' id='word_1_141' title='bbox 1035 1038 1218 1081; x_wconf 83' lang='lat' dir='ltr'><strong>sententia,</strong></span> <span class='ocrx_word' id='word_1_142' title='bbox 1234 1037 1486 1074; x_wconf 86' lang='lat' dir='ltr'><strong>hebdomadem</strong></span> <span class='ocrx_word' id='word_1_143' title='bbox 1498 1036 1733 1085; x_wconf 84' lang='lat' dir='ltr'><strong>xerophagiae</strong></span> <span class='ocrx_word' id='word_1_144' title='bbox 1749 1049 1770 1074; x_wconf 86' lang='lat' dir='ltr'><strong>a</strong></span> <span class='ocrx_word' id='word_1_145' title='bbox 1785 1038 1870 1074; x_wconf 85' lang='lat' dir='ltr'><strong>luna</strong></span> <span class='ocrx_word' id='word_1_146' title='bbox 1880 1050 1914 1073; x_wconf 88' lang='lat' dir='ltr'><strong>x.</strong></span> 
     </span>
     <span class='ocr_line' id='line_1_15' title="bbox 357 1093 1915 1142; baseline 0.001 -13"><span class='ocrx_word' id='word_1_147' title='bbox 357 1098 520 1142; x_wconf 79' lang='grc' dir='ltr'>νυκτερινῇ</span> <span class='ocrx_word' id='word_1_148' title='bbox 537 1095 736 1131; x_wconf 81' lang='lat' dir='ltr'><strong>ordiendam</strong></span> <span class='ocrx_word' id='word_1_149' title='bbox 752 1107 846 1139; x_wconf 84' lang='lat' dir='ltr'><strong>esse,</strong></span> <span class='ocrx_word' id='word_1_150' title='bbox 860 1095 911 1131; x_wconf 85' lang='lat' dir='ltr'><strong>ita</strong></span> <span class='ocrx_word' id='word_1_151' title='bbox 925 1099 965 1131; x_wconf 86' lang='lat' dir='ltr'><strong>ut</strong></span> <span class='ocrx_word' id='word_1_152' title='bbox 980 1095 1118 1131; x_wconf 86' lang='lat' dir='ltr'><strong>citimus</strong></span> <span class='ocrx_word' id='word_1_153' title='bbox 1135 1095 1210 1131; x_wconf 86' lang='lat' dir='ltr'><strong>eius</strong></span> <span class='ocrx_word' id='word_1_154' title='bbox 1222 1095 1390 1130; x_wconf 84' lang='lat' dir='ltr'><strong>terminus</strong></span> <span class='ocrx_word' id='word_1_155' title='bbox 1405 1096 1452 1131; x_wconf 89' lang='lat' dir='ltr'><strong>sit</strong></span> <span class='ocrx_word' id='word_1_156' title='bbox 1467 1095 1541 1131; x_wconf 88' lang='lat' dir='ltr'><strong>dies</strong></span> <span class='ocrx_word' id='word_1_157' title='bbox 1554 1093 1632 1138; x_wconf 83' lang='lat' dir='ltr'><strong>illa,</strong></span> <span class='ocrx_word' id='word_1_158' title='bbox 1647 1096 1746 1131; x_wconf 90' lang='lat' dir='ltr'><strong>cuius</strong></span> <span class='ocrx_word' id='word_1_159' title='bbox 1760 1095 1798 1131; x_wconf 92' lang='lat' dir='ltr'><strong>in</strong></span> <span class='ocrx_word' id='word_1_160' title='bbox 1813 1099 1915 1131; x_wconf 84' lang='lat' dir='ltr'><strong>nocte</strong></span> 
     </span>
     <span class='ocr_line' id='line_1_16' title="bbox 357 1150 1916 1200; baseline 0.001 -12"><span class='ocrx_word' id='word_1_161' title='bbox 357 1165 393 1189; x_wconf 86' lang='lat' dir='ltr'><strong>x.</strong></span> <span class='ocrx_word' id='word_1_162' title='bbox 405 1153 509 1188; x_wconf 82' lang='lat' dir='ltr'><strong>lunae</strong></span> <span class='ocrx_word' id='word_1_163' title='bbox 523 1152 732 1199; x_wconf 87' lang='lat' dir='ltr'><strong>principium</strong></span> <span class='ocrx_word' id='word_1_164' title='bbox 748 1156 817 1196; x_wconf 85' lang='lat' dir='ltr'><strong>est,</strong></span> <span class='ocrx_word' id='word_1_165' title='bbox 833 1152 1088 1188; x_wconf 75' lang='lat' dir='ltr'><strong>remotissimus</strong></span> <span class='ocrx_word' id='word_1_166' title='bbox 1104 1164 1186 1188; x_wconf 87' lang='lat' dir='ltr'><strong>vero</strong></span> <span class='ocrx_word' id='word_1_167' title='bbox 1201 1153 1371 1188; x_wconf 84' lang='lat' dir='ltr'><strong>terminus</strong></span> <span class='ocrx_word' id='word_1_168' title='bbox 1387 1153 1433 1188; x_wconf 85' lang='lat' dir='ltr'><strong>sit</strong></span> <span class='ocrx_word' id='word_1_169' title='bbox 1446 1153 1532 1188; x_wconf 81' lang='lat' dir='ltr'><strong>luna</strong></span> <span class='ocrx_word' id='word_1_170' title='bbox 1546 1164 1604 1189; x_wconf 78' lang='lat' dir='ltr'><strong>xv.</strong></span> <span class='ocrx_word' id='word_1_171' title='bbox 1621 1150 1766 1199; x_wconf 71' lang='grc' dir='ltr'>ἡμερινή.</span> <span class='ocrx_word' id='word_1_172' title='bbox 1794 1153 1916 1200; x_wconf 86' lang='lat' dir='ltr'><strong>Itaque</strong></span> 
     </span>
     <span class='ocr_line' id='line_1_17' title="bbox 357 1208 1916 1257; baseline 0 -12"><span class='ocrx_word' id='word_1_173' title='bbox 357 1210 511 1256; x_wconf 83' lang='lat' dir='ltr'><strong>epatium</strong></span> <span class='ocrx_word' id='word_1_174' title='bbox 525 1209 621 1252; x_wconf 89' lang='lat' dir='ltr'><strong>illud,</strong></span> <span class='ocrx_word' id='word_1_175' title='bbox 638 1210 731 1256; x_wconf 91' lang='lat' dir='ltr'><strong>quod</strong></span> <span class='ocrx_word' id='word_1_176' title='bbox 742 1209 969 1245; x_wconf 74' lang='lat' dir='ltr'><strong>hebdomadis</strong></span> <span class='ocrx_word' id='word_1_177' title='bbox 985 1213 1092 1256; x_wconf 85' lang='lat' dir='ltr'><strong>caput</strong></span> <span class='ocrx_word' id='word_1_178' title='bbox 1105 1209 1284 1257; x_wconf 80' lang='lat' dir='ltr'><strong>percurrit,</strong></span> <span class='ocrx_word' id='word_1_179' title='bbox 1300 1220 1322 1244; x_wconf 89' lang='lat' dir='ltr'><strong>a</strong></span> <span class='ocrx_word' id='word_1_180' title='bbox 1335 1213 1439 1246; x_wconf 81' lang='lat' dir='ltr'><strong>nocte</strong></span> <span class='ocrx_word' id='word_1_181' title='bbox 1453 1210 1585 1257; x_wconf 75' lang='lat' dir='ltr'><strong>incipit,</strong></span> <span class='ocrx_word' id='word_1_182' title='bbox 1601 1208 1667 1245; x_wconf 88' lang='lat' dir='ltr'><strong>hoc</strong></span> <span class='ocrx_word' id='word_1_183' title='bbox 1682 1213 1736 1245; x_wconf 87' lang='lat' dir='ltr'><strong>est</strong></span> <span class='ocrx_word' id='word_1_184' title='bbox 1749 1220 1772 1244; x_wconf 80' lang='lat' dir='ltr'><strong>a</strong></span> <span class='ocrx_word' id='word_1_185' title='bbox 1784 1209 1870 1246; x_wconf 85' lang='lat' dir='ltr'><strong>luna</strong></span> <span class='ocrx_word' id='word_1_186' title='bbox 1880 1220 1916 1245; x_wconf 84' lang='lat' dir='ltr'><strong>x.</strong></span> 
     </span>
     <span class='ocr_line' id='line_1_18' title="bbox 356 1266 1916 1314; baseline -0.001 -12"><span class='ocrx_word' id='word_1_187' title='bbox 356 1271 542 1310; x_wconf 83' lang='lat' dir='ltr'><strong>nocturna,</strong></span> <span class='ocrx_word' id='word_1_188' title='bbox 559 1270 594 1302; x_wconf 87' lang='lat' dir='ltr'><strong>et</strong></span> <span class='ocrx_word' id='word_1_189' title='bbox 609 1267 663 1302; x_wconf 89' lang='lat' dir='ltr'><strong>die</strong></span> <span class='ocrx_word' id='word_1_190' title='bbox 679 1267 895 1310; x_wconf 82' lang='lat' dir='ltr'><strong>terminatur,</strong></span> <span class='ocrx_word' id='word_1_191' title='bbox 910 1277 1037 1314; x_wconf 89' lang='lat' dir='ltr'><strong>nempe</strong></span> <span class='ocrx_word' id='word_1_192' title='bbox 1051 1267 1137 1302; x_wconf 87' lang='lat' dir='ltr'><strong>luna</strong></span> <span class='ocrx_word' id='word_1_193' title='bbox 1152 1267 1276 1303; x_wconf 86' lang='lat' dir='ltr'><strong>diurna</strong></span> <span class='ocrx_word' id='word_1_194' title='bbox 1291 1279 1348 1303; x_wconf 87' lang='lat' dir='ltr'><strong>xv.</strong></span> <span class='ocrx_word' id='word_1_195' title='bbox 1391 1267 1540 1302; x_wconf 83' lang='lat' dir='ltr'><strong>Proinde</strong></span> <span class='ocrx_word' id='word_1_196' title='bbox 1555 1277 1628 1302; x_wconf 87' lang='lat' dir='ltr'><strong>nox</strong></span> <span class='ocrx_word' id='word_1_197' title='bbox 1644 1269 1680 1302; x_wconf 85' lang='lat' dir='ltr'><strong>et</strong></span> <span class='ocrx_word' id='word_1_198' title='bbox 1694 1266 1771 1302; x_wconf 83' lang='lat' dir='ltr'><strong>dies</strong></span> <span class='ocrx_word' id='word_1_199' title='bbox 1783 1266 1916 1313; x_wconf 80' lang='lat' dir='ltr'><strong>impen-</strong></span> 
     </span>
     <span class='ocr_line' id='line_1_19' title="bbox 357 1322 1916 1371; baseline -0.001 -12"><span class='ocrx_word' id='word_1_200' title='bbox 357 1324 496 1367; x_wconf 79' lang='lat' dir='ltr'><strong>duntur,</strong></span> <span class='ocrx_word' id='word_1_201' title='bbox 511 1327 547 1359; x_wconf 89' lang='lat' dir='ltr'><strong>et</strong></span> <span class='ocrx_word' id='word_1_202' title='bbox 562 1322 755 1370; x_wconf 73' lang='grc' dir='ltr'>μεσάζουσις</span> <span class='ocrx_word' id='word_1_203' title='bbox 773 1335 862 1370; x_wconf 89' lang='lat' dir='ltr'><strong>quae</strong></span> <span class='ocrx_word' id='word_1_204' title='bbox 878 1323 1019 1371; x_wconf 89' lang='lat' dir='ltr'><strong>quidem</strong></span> <span class='ocrx_word' id='word_1_205' title='bbox 1034 1323 1215 1371; x_wconf 85' lang='lat' dir='ltr'><strong>utriusque</strong></span> <span class='ocrx_word' id='word_1_206' title='bbox 1231 1324 1352 1359; x_wconf 84' lang='lat' dir='ltr'><strong>sideris</strong></span> <span class='ocrx_word' id='word_1_207' title='bbox 1368 1324 1508 1371; x_wconf 86' lang='lat' dir='ltr'><strong>propria</strong></span> <span class='ocrx_word' id='word_1_208' title='bbox 1523 1327 1616 1360; x_wconf 83' lang='lat' dir='ltr'><strong>sunt.</strong></span> <span class='ocrx_word' id='word_1_209' title='bbox 1659 1323 1739 1359; x_wconf 82' lang='lat' dir='ltr'><strong>Nox</strong></span> <span class='ocrx_word' id='word_1_210' title='bbox 1755 1324 1848 1359; x_wconf 83' lang='lat' dir='ltr'><strong>enim</strong></span> <span class='ocrx_word' id='word_1_211' title='bbox 1863 1334 1916 1358; x_wconf 82' lang='grc' dir='ltr'><strong>σε-</strong></span> 
     </span>
     <span class='ocr_line' id='line_1_20' title="bbox 356 1379 1080 1428; baseline 0.001 -13"><span class='ocrx_word' id='word_1_212' title='bbox 356 1380 520 1428; x_wconf 77' lang='grc' dir='ltr'>ληνιακῷ,</span> <span class='ocrx_word' id='word_1_213' title='bbox 537 1381 609 1416; x_wconf 85' lang='lat' dir='ltr'><strong>dies</strong></span> <span class='ocrx_word' id='word_1_214' title='bbox 626 1379 754 1427; x_wconf 80' lang='grc' dir='ltr'>ἣλιακῷ</span> <span class='ocrx_word' id='word_1_215' title='bbox 773 1381 890 1428; x_wconf 86' lang='grc' dir='ltr'>δρόμῳ</span> <span class='ocrx_word' id='word_1_216' title='bbox 905 1381 1080 1416; x_wconf 79' lang='lat' dir='ltr'><strong>tribuitur.</strong></span> 
     </span>
    </p>

    <p class='ocr_par' dir='ltr' id='par_1_4' title="bbox 355 1437 1917 1771">
     <span class='ocr_line' id='line_1_21' title="bbox 446 1437 1916 1485; baseline 0 -11"><span class='ocrx_word' id='word_1_217' title='bbox 446 1438 487 1474; x_wconf 87' lang='lat' dir='ltr'><strong>N.</strong></span> <span class='ocrx_word' id='word_1_218' title='bbox 504 1450 582 1474; x_wconf 84' lang='lat' dir='ltr'><strong>xm.</strong></span> <span class='ocrx_word' id='word_1_219' title='bbox 613 1437 674 1471; x_wconf 69' lang='grc' dir='ltr'><strong>Καὶ</strong></span> <span class='ocrx_word' id='word_1_220' title='bbox 690 1437 1064 1485; x_wconf 77' lang='grc' dir='ltr'>συναναλαμβανομένου</span> <span class='ocrx_word' id='word_1_221' title='bbox 1079 1440 1138 1472; x_wconf 79' lang='grc' dir='ltr'><strong>τοῦ</strong></span> <span class='ocrx_word' id='word_1_222' title='bbox 1155 1437 1291 1483; x_wconf 83' lang='grc' dir='ltr'>αὖτῶν.]</span> <span class='ocrx_word' id='word_1_223' title='bbox 1335 1437 1495 1474; x_wconf 77' lang='lat' dir='ltr'><strong>Collectis</strong></span> <span class='ocrx_word' id='word_1_224' title='bbox 1510 1438 1747 1485; x_wconf 81' lang='lat' dir='ltr'><strong>superioribus</strong></span> <span class='ocrx_word' id='word_1_225' title='bbox 1761 1437 1916 1473; x_wconf 72' lang='lat' dir='ltr'><strong>merie</strong></span> 
     </span>
     <span class='ocr_line' id='line_1_22' title="bbox 356 1494 1916 1539; baseline 0 -9"><span class='ocrx_word' id='word_1_226' title='bbox 356 1506 495 1530; x_wconf 84' lang='lat' dir='ltr'><strong>summa</strong></span> <span class='ocrx_word' id='word_1_227' title='bbox 509 1495 550 1530; x_wconf 84' lang='lat' dir='ltr'><strong>fit</strong></span> <span class='ocrx_word' id='word_1_228' title='bbox 565 1495 699 1530; x_wconf 87' lang='lat' dir='ltr'><strong>dierum</strong></span> <span class='ocrx_word' id='word_1_229' title='bbox 711 1507 784 1532; x_wconf 77' lang='lat' dir='ltr'>xxv.</span> <span class='ocrx_word' id='word_1_230' title='bbox 809 1494 879 1530; x_wconf 88' lang='lat' dir='ltr'><strong>Sed</strong></span> <span class='ocrx_word' id='word_1_231' title='bbox 891 1494 936 1530; x_wconf 87' lang='lat' dir='ltr'><strong>ad</strong></span> <span class='ocrx_word' id='word_1_232' title='bbox 949 1505 1027 1530; x_wconf 85' lang='lat' dir='ltr'><strong>eam</strong></span> <span class='ocrx_word' id='word_1_233' title='bbox 1038 1507 1096 1530; x_wconf 83' lang='lat' dir='ltr'><strong>xv.</strong></span> <span class='ocrx_word' id='word_1_234' title='bbox 1105 1495 1179 1530; x_wconf 90' lang='lat' dir='ltr'><strong>dies</strong></span> <span class='ocrx_word' id='word_1_235' title='bbox 1195 1498 1408 1539; x_wconf 78' lang='lat' dir='ltr'><strong>accensetur,</strong></span> <span class='ocrx_word' id='word_1_236' title='bbox 1424 1495 1469 1530; x_wconf 90' lang='lat' dir='ltr'><strong>ob</strong></span> <span class='ocrx_word' id='word_1_237' title='bbox 1481 1506 1685 1531; x_wconf 76' lang='lat' dir='ltr'><strong>caussarum</strong></span> <span class='ocrx_word' id='word_1_238' title='bbox 1696 1505 1916 1538; x_wconf 84' lang='lat' dir='ltr'><strong>concursum,</strong></span> 
     </span>
     <span class='ocr_line' id='line_1_23' title="bbox 358 1551 1917 1599; baseline 0 -12"><span class='ocrx_word' id='word_1_239' title='bbox 358 1563 446 1598; x_wconf 88' lang='lat' dir='ltr'><strong>quae</strong></span> <span class='ocrx_word' id='word_1_240' title='bbox 471 1556 553 1588; x_wconf 89' lang='lat' dir='ltr'><strong>sunt</strong></span> <span class='ocrx_word' id='word_1_241' title='bbox 575 1552 793 1588; x_wconf 80' lang='lat' dir='ltr'><strong>solennitatis</strong></span> <span class='ocrx_word' id='word_1_242' title='bbox 815 1552 910 1587; x_wconf 92' lang='lat' dir='ltr'><strong>illius</strong></span> <span class='ocrx_word' id='word_1_243' title='bbox 935 1551 1143 1599; x_wconf 68' lang='grc' dir='ltr'><strong>συστατικαίς</strong></span> <span class='ocrx_word' id='word_1_244' title='bbox 1170 1553 1374 1599; x_wconf 83' lang='lat' dir='ltr'><strong>praesertim</strong></span> <span class='ocrx_word' id='word_1_245' title='bbox 1402 1553 1448 1588; x_wconf 92' lang='lat' dir='ltr'><strong>ob</strong></span> <span class='ocrx_word' id='word_1_246' title='bbox 1475 1552 1684 1588; x_wconf 79' lang='lat' dir='ltr'><strong>dominicam</strong></span> <span class='ocrx_word' id='word_1_247' title='bbox 1711 1551 1819 1596; x_wconf 86' lang='lat' dir='ltr'><strong>diem,</strong></span> <span class='ocrx_word' id='word_1_248' title='bbox 1847 1562 1917 1599; x_wconf 81' lang='lat' dir='ltr'><strong>qua</strong></span> 
     </span>
     <span class='ocr_line' id='line_1_24' title="bbox 357 1607 1915 1656; baseline -0.001 -11"><span class='ocrx_word' id='word_1_249' title='bbox 357 1609 593 1645; x_wconf 85' lang='lat' dir='ltr'><strong>Christianum</strong></span> <span class='ocrx_word' id='word_1_250' title='bbox 607 1608 739 1656; x_wconf 80' lang='lat' dir='ltr'><strong>pascha</strong></span> <span class='ocrx_word' id='word_1_251' title='bbox 754 1609 959 1646; x_wconf 83' lang='lat' dir='ltr'><strong>celebratur.</strong></span> <span class='ocrx_word' id='word_1_252' title='bbox 1005 1610 1068 1645; x_wconf 84' lang='lat' dir='ltr'><strong>Hic</strong></span> <span class='ocrx_word' id='word_1_253' title='bbox 1091 1607 1258 1656; x_wconf 79' lang='grc' dir='ltr'>ἐπίφαυσις</span> <span class='ocrx_word' id='word_1_254' title='bbox 1281 1607 1566 1654; x_wconf 72' lang='grc' dir='ltr'>πεντεκαιδεκάτης</span> <span class='ocrx_word' id='word_1_255' title='bbox 1587 1613 1642 1645; x_wconf 81' lang='lat' dir='ltr'><strong>eet</strong></span> <span class='ocrx_word' id='word_1_256' title='bbox 1657 1621 1715 1645; x_wconf 78' lang='lat' dir='ltr'><strong>xv.</strong></span> <span class='ocrx_word' id='word_1_257' title='bbox 1727 1609 1818 1652; x_wconf 85' lang='lat' dir='ltr'><strong>diee,</strong></span> <span class='ocrx_word' id='word_1_258' title='bbox 1841 1609 1915 1644; x_wconf 81' lang='lat' dir='ltr'><strong>eive</strong></span> 
     </span>
     <span class='ocr_line' id='line_1_25' title="bbox 356 1660 1917 1714; baseline -0.001 -11"><span class='ocrx_word' id='word_1_259' title='bbox 356 1667 480 1703; x_wconf 87' lang='lat' dir='ltr'><strong>diurna</strong></span> <span class='ocrx_word' id='word_1_260' title='bbox 494 1667 579 1703; x_wconf 84' lang='lat' dir='ltr'><strong>luna</strong></span> <span class='ocrx_word' id='word_1_261' title='bbox 594 1678 666 1710; x_wconf 65' lang='lat' dir='ltr'><strong>xv„</strong></span> <span class='ocrx_word' id='word_1_262' title='bbox 689 1666 984 1714; x_wconf 83' lang='lat' dir='ltr'><strong>quemadmodum</strong></span> <span class='ocrx_word' id='word_1_263' title='bbox 1004 1667 1109 1714; x_wconf 86' lang='lat' dir='ltr'><strong>paulo</strong></span> <span class='ocrx_word' id='word_1_264' title='bbox 1124 1670 1205 1714; x_wconf 79' lang='lat' dir='ltr'><strong>post</strong></span> <span class='ocrx_word' id='word_1_265' title='bbox 1219 1665 1453 1714; x_wconf 74' lang='grc' dir='ltr'>ἐπιφώσκουσα</span> <span class='ocrx_word' id='word_1_266' title='bbox 1469 1660 1677 1711; x_wconf 62' lang='grc' dir='ltr'><strong>ἱκκαιδικάέη</strong></span> <span class='ocrx_word' id='word_1_267' title='bbox 1691 1667 1778 1703; x_wconf 78' lang='lat' dir='ltr'><strong>inne.</strong></span> <span class='ocrx_word' id='word_1_268' title='bbox 1792 1666 1917 1702; x_wconf 75' lang='lat' dir='ltr'><strong>diurna</strong></span> 
     </span>
     <span class='ocr_line' id='line_1_26' title="bbox 355 1724 1219 1771; baseline 0.001 -12"><span class='ocrx_word' id='word_1_269' title='bbox 355 1737 438 1768; x_wconf 87' lang='lat' dir='ltr'>xv1.‚</span> <span class='ocrx_word' id='word_1_270' title='bbox 454 1728 494 1760; x_wconf 89' lang='lat' dir='ltr'><strong>ut</strong></span> <span class='ocrx_word' id='word_1_271' title='bbox 509 1736 554 1760; x_wconf 87' lang='lat' dir='ltr'><strong>ex</strong></span> <span class='ocrx_word' id='word_1_272' title='bbox 570 1724 805 1771; x_wconf 80' lang='lat' dir='ltr'><strong>superioribus</strong></span> <span class='ocrx_word' id='word_1_273' title='bbox 821 1724 1018 1760; x_wconf 82' lang='lat' dir='ltr'><strong>necessario</strong></span> <span class='ocrx_word' id='word_1_274' title='bbox 1035 1724 1219 1771; x_wconf 81' lang='lat' dir='ltr'><strong>colligitur.</strong></span> 
     </span>
    </p>

    <p class='ocr_par' dir='ltr' id='par_1_5' title="bbox 356 1779 1918 2513">
     <span class='ocr_line' id='line_1_27' title="bbox 447 1779 1916 1828; baseline 0.001 -13"><span class='ocrx_word' id='word_1_275' title='bbox 447 1782 515 1816; x_wconf 81' lang='grc' dir='ltr'><strong>Τοῦ</strong></span> <span class='ocrx_word' id='word_1_276' title='bbox 532 1781 596 1828; x_wconf 82' lang='grc' dir='ltr'><strong>γὰρ</strong></span> <span class='ocrx_word' id='word_1_277' title='bbox 612 1779 787 1827; x_wconf 66' lang='grc' dir='ltr'>ἐνιαυτοῦ]</span> <span class='ocrx_word' id='word_1_278' title='bbox 832 1780 1011 1817; x_wconf 77' lang='lat' dir='ltr'><strong>Paschalie</strong></span> <span class='ocrx_word' id='word_1_279' title='bbox 1027 1780 1096 1817; x_wconf 86' lang='lat' dir='ltr'><strong>diei</strong></span> <span class='ocrx_word' id='word_1_280' title='bbox 1110 1781 1261 1818; x_wconf 75' lang='lat' dir='ltr'><strong>varietas</strong></span> <span class='ocrx_word' id='word_1_281' title='bbox 1277 1784 1312 1817; x_wconf 84' lang='lat' dir='ltr'><strong>et</strong></span> <span class='ocrx_word' id='word_1_282' title='bbox 1327 1780 1500 1828; x_wconf 73' lang='grc' dir='ltr'>ἀνωμαλία</span> <span class='ocrx_word' id='word_1_283' title='bbox 1515 1792 1561 1817; x_wconf 82' lang='lat' dir='ltr'><strong>ex</strong></span> <span class='ocrx_word' id='word_1_284' title='bbox 1577 1780 1664 1817; x_wconf 83' lang='lat' dir='ltr'><strong>eolis</strong></span> <span class='ocrx_word' id='word_1_285' title='bbox 1677 1784 1717 1817; x_wconf 80' lang='lat' dir='ltr'><strong>et</strong></span> <span class='ocrx_word' id='word_1_286' title='bbox 1731 1781 1854 1824; x_wconf 83' lang='lat' dir='ltr'><strong>lunae,</strong></span> <span class='ocrx_word' id='word_1_287' title='bbox 1876 1783 1916 1816; x_wconf 84' lang='lat' dir='ltr'><strong>ut</strong></span> 
     </span>
     <span class='ocr_line' id='line_1_28' title="bbox 356 1837 1916 1887; baseline -0.001 -13"><span class='ocrx_word' id='word_1_288' title='bbox 356 1842 437 1874; x_wconf 86' lang='lat' dir='ltr'><strong>ante</strong></span> <span class='ocrx_word' id='word_1_289' title='bbox 453 1839 559 1882; x_wconf 87' lang='lat' dir='ltr'><strong>dixit,</strong></span> <span class='ocrx_word' id='word_1_290' title='bbox 581 1839 759 1886; x_wconf 78' lang='lat' dir='ltr'><strong>inaequali</strong></span> <span class='ocrx_word' id='word_1_291' title='bbox 782 1849 886 1874; x_wconf 82' lang='lat' dir='ltr'><strong>cursu</strong></span> <span class='ocrx_word' id='word_1_292' title='bbox 904 1838 1145 1887; x_wconf 80' lang='lat' dir='ltr'><strong>proficiscitur.</strong></span> <span class='ocrx_word' id='word_1_293' title='bbox 1191 1838 1292 1875; x_wconf 85' lang='lat' dir='ltr'><strong>Nunc</strong></span> <span class='ocrx_word' id='word_1_294' title='bbox 1308 1839 1488 1886; x_wconf 69' lang='lat' dir='ltr'><strong>utriunque</strong></span> <span class='ocrx_word' id='word_1_295' title='bbox 1504 1838 1647 1875; x_wconf 82' lang='lat' dir='ltr'><strong>modum</strong></span> <span class='ocrx_word' id='word_1_296' title='bbox 1662 1849 1703 1874; x_wconf 79' lang='lat' dir='ltr'><strong>ae</strong></span> <span class='ocrx_word' id='word_1_297' title='bbox 1719 1837 1916 1886; x_wconf 64' lang='lat' dir='ltr'><strong>dispositio-</strong></span> 
     </span>
     <span class='ocr_line' id='line_1_29' title="bbox 356 1894 1918 1943; baseline -0.001 -12"><span class='ocrx_word' id='word_1_298' title='bbox 356 1907 436 1931; x_wconf 89' lang='lat' dir='ltr'><strong>nem</strong></span> <span class='ocrx_word' id='word_1_299' title='bbox 453 1896 605 1943; x_wconf 84' lang='lat' dir='ltr'><strong>explicat</strong></span> <span class='ocrx_word' id='word_1_300' title='bbox 625 1900 661 1931; x_wconf 87' lang='lat' dir='ltr'><strong>et</strong></span> <span class='ocrx_word' id='word_1_301' title='bbox 682 1896 726 1931; x_wconf 90' lang='lat' dir='ltr'><strong>ad</strong></span> <span class='ocrx_word' id='word_1_302' title='bbox 747 1895 862 1931; x_wconf 82' lang='lat' dir='ltr'><strong>fontes</strong></span> <span class='ocrx_word' id='word_1_303' title='bbox 885 1896 982 1943; x_wconf 84' lang='lat' dir='ltr'><strong>ipeoe</strong></span> <span class='ocrx_word' id='word_1_304' title='bbox 1006 1895 1155 1942; x_wconf 83' lang='lat' dir='ltr'><strong>digitum</strong></span> <span class='ocrx_word' id='word_1_305' title='bbox 1173 1895 1336 1939; x_wconf 85' lang='lat' dir='ltr'><strong>intendit,</strong></span> <span class='ocrx_word' id='word_1_306' title='bbox 1359 1895 1538 1943; x_wconf 73' lang='lat' dir='ltr'><strong>proposito</strong></span> <span class='ocrx_word' id='word_1_307' title='bbox 1561 1906 1735 1932; x_wconf 88' lang='lat' dir='ltr'><strong>annorum</strong></span> <span class='ocrx_word' id='word_1_308' title='bbox 1755 1895 1856 1939; x_wconf 83' lang='lat' dir='ltr'><strong>orbe,</strong></span> <span class='ocrx_word' id='word_1_309' title='bbox 1878 1894 1918 1930; x_wconf 84' lang='lat' dir='ltr'><strong>in</strong></span> 
     </span>
     <span class='ocr_line' id='line_1_30' title="bbox 356 1951 1916 2000; baseline 0 -13"><span class='ocrx_word' id='word_1_310' title='bbox 356 1964 459 1999; x_wconf 85' lang='lat' dir='ltr'><strong>quem</strong></span> <span class='ocrx_word' id='word_1_311' title='bbox 477 1952 663 1988; x_wconf 76' lang='lat' dir='ltr'><strong>dissimiles</strong></span> <span class='ocrx_word' id='word_1_312' title='bbox 678 1953 729 1988; x_wconf 90' lang='lat' dir='ltr'><strong>illi</strong></span> <span class='ocrx_word' id='word_1_313' title='bbox 743 1957 860 1988; x_wconf 79' lang='lat' dir='ltr'><strong>motus</strong></span> <span class='ocrx_word' id='word_1_314' title='bbox 875 1953 1004 1989; x_wconf 83' lang='lat' dir='ltr'><strong>inclusi</strong></span> <span class='ocrx_word' id='word_1_315' title='bbox 1019 1952 1193 2000; x_wconf 79' lang='lat' dir='ltr'><strong>aequabili</strong></span> <span class='ocrx_word' id='word_1_316' title='bbox 1208 1953 1375 1988; x_wconf 84' lang='lat' dir='ltr'><strong>varietate</strong></span> <span class='ocrx_word' id='word_1_317' title='bbox 1388 1956 1635 2000; x_wconf 77' lang='lat' dir='ltr'><strong>temperantur.</strong></span> <span class='ocrx_word' id='word_1_318' title='bbox 1680 1951 1732 1988; x_wconf 79' lang='lat' dir='ltr'><strong>Ea</strong></span> <span class='ocrx_word' id='word_1_319' title='bbox 1753 1955 1808 1988; x_wconf 73' lang='lat' dir='ltr'><strong>eet</strong></span> <span class='ocrx_word' id='word_1_320' title='bbox 1821 1954 1916 1988; x_wconf 74' lang='lat' dir='ltr'><strong>octa·</strong></span> 
     </span>
     <span class='ocr_line' id='line_1_31' title="bbox 357 2009 1915 2057; baseline 0.001 -13"><span class='ocrx_word' id='word_1_321' title='bbox 357 2010 460 2044; x_wconf 71' lang='lat' dir='ltr'><strong>eteris</strong></span> <span class='ocrx_word' id='word_1_322' title='bbox 475 2009 625 2052; x_wconf 83' lang='lat' dir='ltr'><strong>lunaris,</strong></span> <span class='ocrx_word' id='word_1_323' title='bbox 647 2010 810 2056; x_wconf 77' lang='lat' dir='ltr'><strong>syzygiae</strong></span> <span class='ocrx_word' id='word_1_324' title='bbox 832 2010 1018 2057; x_wconf 85' lang='lat' dir='ltr'><strong>complexa</strong></span> <span class='ocrx_word' id='word_1_325' title='bbox 1036 2020 1164 2046; x_wconf 81' lang='lat' dir='ltr'><strong>novem</strong></span> <span class='ocrx_word' id='word_1_326' title='bbox 1179 2019 1221 2045; x_wconf 89' lang='lat' dir='ltr'><strong>ac</strong></span> <span class='ocrx_word' id='word_1_327' title='bbox 1235 2009 1448 2056; x_wconf 72' lang='lat' dir='ltr'><strong>nonaginta,</strong></span> <span class='ocrx_word' id='word_1_328' title='bbox 1467 2010 1506 2045; x_wconf 89' lang='lat' dir='ltr'><strong>in</strong></span> <span class='ocrx_word' id='word_1_329' title='bbox 1521 2009 1646 2056; x_wconf 78' lang='lat' dir='ltr'><strong>quibua</strong></span> <span class='ocrx_word' id='word_1_330' title='bbox 1661 2012 1732 2045; x_wconf 74' lang='lat' dir='ltr'><strong>tre·</strong></span> <span class='ocrx_word' id='word_1_331' title='bbox 1746 2011 1828 2045; x_wconf 81' lang='lat' dir='ltr'><strong>eunt</strong></span> <span class='ocrx_word' id='word_1_332' title='bbox 1843 2019 1915 2045; x_wconf 74' lang='lat' dir='ltr'><strong>en-</strong></span> 
     </span>
     <span class='ocr_line' id='line_1_32' title="bbox 356 2065 1917 2113; baseline 0 -12"><span class='ocrx_word' id='word_1_333' title='bbox 356 2066 549 2101; x_wconf 81' lang='lat' dir='ltr'><strong>boiimaeae</strong></span> <span class='ocrx_word' id='word_1_334' title='bbox 571 2066 608 2101; x_wconf 86' lang='lat' dir='ltr'><strong>in</strong></span> <span class='ocrx_word' id='word_1_335' title='bbox 632 2067 733 2101; x_wconf 82' lang='lat' dir='ltr'><strong>annie</strong></span> <span class='ocrx_word' id='word_1_336' title='bbox 750 2078 838 2110; x_wconf 59' lang='lat' dir='ltr'><strong>vum,</strong></span> <span class='ocrx_word' id='word_1_337' title='bbox 861 2067 1027 2102; x_wconf 85' lang='lat' dir='ltr'><strong>nimirum</strong></span> <span class='ocrx_word' id='word_1_338' title='bbox 1049 2066 1082 2103; x_wconf 85' lang='lat'><strong>3.</strong></span> <span class='ocrx_word' id='word_1_339' title='bbox 1105 2066 1137 2103; x_wconf 88' lang='grc'><strong>6.</strong></span> <span class='ocrx_word' id='word_1_340' title='bbox 1153 2070 1190 2102; x_wconf 83' lang='lat' dir='ltr'><strong>et</strong></span> <span class='ocrx_word' id='word_1_341' title='bbox 1202 2065 1235 2102; x_wconf 84' lang='lat' dir='ltr'><strong>S.</strong></span> <span class='ocrx_word' id='word_1_342' title='bbox 1281 2065 1454 2102; x_wconf 75' lang='lat' dir='ltr'><strong>Numerus</strong></span> <span class='ocrx_word' id='word_1_343' title='bbox 1481 2066 1615 2102; x_wconf 69' lang='lat' dir='ltr'><strong>dierum</strong></span> <span class='ocrx_word' id='word_1_344' title='bbox 1638 2065 1750 2109; x_wconf 73' lang='lat'><strong>2922„</strong></span> <span class='ocrx_word' id='word_1_345' title='bbox 1777 2066 1837 2113; x_wconf 88' lang='lat' dir='ltr'><strong>qui</strong></span> <span class='ocrx_word' id='word_1_346' title='bbox 1863 2069 1917 2102; x_wconf 79' lang='lat' dir='ltr'><strong>eet</strong></span> 
     </span>
     <span class='ocr_line' id='line_1_33' title="bbox 357 2115 1915 2166; baseline 0.001 -8"><span class='ocrx_word' id='word_1_347' title='bbox 357 2122 576 2159; x_wconf 72' lang='lat' dir='ltr'><strong>octaeteridie</strong></span> <span class='ocrx_word' id='word_1_348' title='bbox 593 2122 763 2166; x_wconf 76' lang='lat' dir='ltr'><strong>Iulianae,</strong></span> <span class='ocrx_word' id='word_1_349' title='bbox 787 2124 860 2159; x_wconf 79' lang='lat' dir='ltr'><strong>eive</strong></span> <span class='ocrx_word' id='word_1_350' title='bbox 883 2123 1031 2159; x_wconf 87' lang='lat' dir='ltr'><strong>duorum</strong></span> <span class='ocrx_word' id='word_1_351' title='bbox 1047 2121 1258 2159; x_wconf 87' lang='lat' dir='ltr'><strong>Iulianorum</strong></span> <span class='ocrx_word' id='word_1_352' title='bbox 1275 2123 1463 2159; x_wconf 79' lang='lat' dir='ltr'><strong>lustrorum</strong></span> <span class='ocrx_word' id='word_1_353' title='bbox 1479 2122 1614 2159; x_wconf 75' lang='lat' dir='ltr'><strong>modae.</strong></span> <span class='ocrx_word' id='word_1_354' title='bbox 1645 2115 1767 2159; x_wconf 61' lang='lat' dir='ltr'><strong>Anam</strong></span> <span class='ocrx_word' id='word_1_355' title='bbox 1782 2123 1915 2160; x_wconf 76' lang='lat' dir='ltr'><strong>lunaris</strong></span> 
     </span>
     <span class='ocr_line' id='line_1_34' title="bbox 357 2179 1914 2228; baseline 0.001 -13"><span class='ocrx_word' id='word_1_356' title='bbox 357 2180 550 2216; x_wconf 81' lang='lat' dir='ltr'><strong>communie</strong></span> <span class='ocrx_word' id='word_1_357' title='bbox 566 2179 643 2216; x_wconf 83' lang='lat'><strong>354.</strong></span> <span class='ocrx_word' id='word_1_358' title='bbox 660 2179 783 2216; x_wconf 87' lang='lat' dir='ltr'><strong>diebue</strong></span> <span class='ocrx_word' id='word_1_359' title='bbox 798 2181 953 2228; x_wconf 76' lang='lat' dir='ltr'><strong>praecise</strong></span> <span class='ocrx_word' id='word_1_360' title='bbox 969 2179 1141 2216; x_wconf 78' lang='lat' dir='ltr'><strong>definitur.</strong></span> <span class='ocrx_word' id='word_1_361' title='bbox 1165 2179 1285 2227; x_wconf 79' lang='lat' dir='ltr'><strong>Itaque</strong></span> <span class='ocrx_word' id='word_1_362' title='bbox 1301 2179 1346 2215; x_wconf 87' lang='lat' dir='ltr'><strong>ab</strong></span> <span class='ocrx_word' id='word_1_363' title='bbox 1358 2180 1463 2216; x_wconf 78' lang='lat' dir='ltr'><strong>solari</strong></span> <span class='ocrx_word' id='word_1_364' title='bbox 1474 2179 1596 2215; x_wconf 70' lang='lat' dir='ltr'><strong>diebus</strong></span> <span class='ocrx_word' id='word_1_365' title='bbox 1608 2191 1656 2216; x_wconf 73' lang='grc' dir='ltr'><strong>ιι.</strong></span> <span class='ocrx_word' id='word_1_366' title='bbox 1673 2183 1708 2215; x_wconf 76' lang='lat' dir='ltr'><strong>et</strong></span> <span class='ocrx_word' id='word_1_367' title='bbox 1723 2180 1914 2227; x_wconf 81' lang='lat' dir='ltr'><strong>quadrante</strong></span> 
     </span>
     <span class='ocr_line' id='line_1_35' title="bbox 358 2235 1916 2285; baseline 0.001 -12"><span class='ocrx_word' id='word_1_368' title='bbox 358 2243 549 2284; x_wconf 75' lang='lat' dir='ltr'><strong>superatur.</strong></span> <span class='ocrx_word' id='word_1_369' title='bbox 580 2237 834 2284; x_wconf 70' lang='lat' dir='ltr'><strong>Antiquissima</strong></span> <span class='ocrx_word' id='word_1_370' title='bbox 848 2241 903 2273; x_wconf 85' lang='lat' dir='ltr'><strong>eet</strong></span> <span class='ocrx_word' id='word_1_371' title='bbox 918 2236 1101 2273; x_wconf 67' lang='lat' dir='ltr'><strong>octaeterie</strong></span> <span class='ocrx_word' id='word_1_372' title='bbox 1122 2237 1208 2280; x_wconf 82' lang='lat' dir='ltr'><strong>ieta,</strong></span> <span class='ocrx_word' id='word_1_373' title='bbox 1233 2241 1268 2272; x_wconf 89' lang='lat' dir='ltr'><strong>et</strong></span> <span class='ocrx_word' id='word_1_374' title='bbox 1288 2247 1309 2271; x_wconf 90' lang='lat' dir='ltr'><strong>a</strong></span> <span class='ocrx_word' id='word_1_375' title='bbox 1326 2235 1468 2273; x_wconf 81' lang='lat' dir='ltr'><strong>Graecis</strong></span> <span class='ocrx_word' id='word_1_376' title='bbox 1483 2237 1575 2272; x_wconf 79' lang='lat' dir='ltr'><strong>&#39;olim</strong></span> <span class='ocrx_word' id='word_1_377' title='bbox 1598 2242 1783 2285; x_wconf 69' lang='lat' dir='ltr'><strong>usurpata,</strong></span> <span class='ocrx_word' id='word_1_378' title='bbox 1809 2247 1916 2285; x_wconf 69' lang='lat' dir='ltr'><strong>quarnv</strong></span> 
     </span>
     <span class='ocr_line' id='line_1_36' title="bbox 357 2293 1915 2342; baseline 0.001 -12"><span class='ocrx_word' id='word_1_379' title='bbox 357 2294 479 2330; x_wconf 79' lang='lat' dir='ltr'><strong>eadem</strong></span> <span class='ocrx_word' id='word_1_380' title='bbox 494 2295 597 2342; x_wconf 86' lang='lat' dir='ltr'><strong>plane</strong></span> <span class='ocrx_word' id='word_1_381' title='bbox 613 2295 764 2338; x_wconf 82' lang='lat' dir='ltr'><strong>ratione,</strong></span> <span class='ocrx_word' id='word_1_382' title='bbox 788 2304 858 2341; x_wconf 87' lang='lat' dir='ltr'><strong>qua</strong></span> <span class='ocrx_word' id='word_1_383' title='bbox 878 2293 934 2331; x_wconf 84' lang='lat' dir='ltr'><strong>hic</strong></span> <span class='ocrx_word' id='word_1_384' title='bbox 956 2293 1186 2341; x_wconf 59' lang='lat' dir='ltr'><strong>Epiphania,</strong></span> <span class='ocrx_word' id='word_1_385' title='bbox 1210 2294 1355 2341; x_wconf 87' lang='lat' dir='ltr'><strong>exponit</strong></span> <span class='ocrx_word' id='word_1_386' title='bbox 1371 2293 1556 2337; x_wconf 72' lang='lat' dir='ltr'><strong>Geminus,</strong></span> <span class='ocrx_word' id='word_1_387' title='bbox 1580 2299 1680 2330; x_wconf 73' lang='lat' dir='ltr'><strong>vetus</strong></span> <span class='ocrx_word' id='word_1_388' title='bbox 1702 2298 1737 2330; x_wconf 85' lang='lat' dir='ltr'><strong>et</strong></span> <span class='ocrx_word' id='word_1_389' title='bbox 1759 2293 1915 2331; x_wconf 71' lang='lat' dir='ltr'><strong>eruditu·</strong></span> 
     </span>
     <span class='ocr_line' id='line_1_37' title="bbox 358 2349 1912 2399; baseline 0.001 -12"><span class='ocrx_word' id='word_1_390' title='bbox 358 2353 514 2399; x_wconf 79' lang='lat' dir='ltr'><strong>scriptor,</strong></span> <span class='ocrx_word' id='word_1_391' title='bbox 537 2362 619 2399; x_wconf 81' lang='lat' dir='ltr'><strong>pag.</strong></span> <span class='ocrx_word' id='word_1_392' title='bbox 638 2351 711 2388; x_wconf 77' lang='lat'><strong>129.</strong></span> <span class='ocrx_word' id='word_1_393' title='bbox 755 2350 863 2387; x_wconf 85' lang='lat' dir='ltr'><strong>Ouiue</strong></span> <span class='ocrx_word' id='word_1_394' title='bbox 885 2351 1100 2387; x_wconf 78' lang='lat' dir='ltr'><strong>inventorem</strong></span> <span class='ocrx_word' id='word_1_395' title='bbox 1122 2350 1355 2387; x_wconf 82' lang='lat' dir='ltr'><strong>Oieoetratum</strong></span> <span class='ocrx_word' id='word_1_396' title='bbox 1370 2349 1561 2387; x_wconf 80' lang='lat' dir='ltr'><strong>Tenedium</strong></span> <span class='ocrx_word' id='word_1_397' title='bbox 1584 2349 1795 2389; x_wconf 69' lang='lat' dir='ltr'><strong>Censorinus</strong></span> <span class='ocrx_word' id='word_1_398' title='bbox 1818 2351 1912 2389; x_wconf 71' lang='lat' dir='ltr'><strong>facit.</strong></span> 
     </span>
     <span class='ocr_line' id='line_1_38' title="bbox 358 2407 1913 2457; baseline 0.002 -14"><span class='ocrx_word' id='word_1_399' title='bbox 358 2407 425 2444; x_wconf 82' lang='lat' dir='ltr'><strong>Sed</strong></span> <span class='ocrx_word' id='word_1_400' title='bbox 449 2408 587 2452; x_wconf 85' lang='lat' dir='ltr'><strong>eadem,</strong></span> <span class='ocrx_word' id='word_1_401' title='bbox 610 2412 730 2457; x_wconf 80' lang='lat' dir='ltr'><strong>utpote</strong></span> <span class='ocrx_word' id='word_1_402' title='bbox 746 2408 888 2452; x_wconf 76' lang='lat' dir='ltr'><strong>vitiosa,</strong></span> <span class='ocrx_word' id='word_1_403' title='bbox 912 2408 1085 2455; x_wconf 82' lang='lat' dir='ltr'><strong>caetigata</strong></span> <span class='ocrx_word' id='word_1_404' title='bbox 1106 2408 1245 2455; x_wconf 72' lang='lat' dir='ltr'><strong>saepiae</strong></span> <span class='ocrx_word' id='word_1_405' title='bbox 1269 2412 1304 2444; x_wconf 87' lang='lat' dir='ltr'><strong>et</strong></span> <span class='ocrx_word' id='word_1_406' title='bbox 1325 2407 1533 2455; x_wconf 81' lang='lat' dir='ltr'><strong>interpolata</strong></span> <span class='ocrx_word' id='word_1_407' title='bbox 1554 2407 1630 2443; x_wconf 76' lang='lat' dir='ltr'><strong>ruit.</strong></span> <span class='ocrx_word' id='word_1_408' title='bbox 1673 2408 1810 2446; x_wconf 74' lang='lat' dir='ltr'><strong>Etenim</strong></span> <span class='ocrx_word' id='word_1_409' title='bbox 1834 2413 1913 2446; x_wconf 66' lang='lat' dir='ltr'><strong>oete</strong></span> 
     </span>
     <span class='ocr_line' id='line_1_39' title="bbox 358 2464 1914 2513; baseline 0.001 -12"><span class='ocrx_word' id='word_1_410' title='bbox 358 2465 440 2501; x_wconf 84' lang='lat' dir='ltr'><strong>anni</strong></span> <span class='ocrx_word' id='word_1_411' title='bbox 456 2466 594 2501; x_wconf 85' lang='lat' dir='ltr'><strong>lunaree</strong></span> <span class='ocrx_word' id='word_1_412' title='bbox 607 2465 680 2502; x_wconf 85' lang='lat' dir='ltr'><strong>diee</strong></span> <span class='ocrx_word' id='word_1_413' title='bbox 697 2465 868 2513; x_wconf 84' lang='lat' dir='ltr'><strong>colligunt</strong></span> <span class='ocrx_word' id='word_1_414' title='bbox 881 2465 953 2502; x_wconf 71' lang='lat' dir='ltr'><strong>fere</strong></span> <span class='ocrx_word' id='word_1_415' title='bbox 965 2464 1110 2512; x_wconf 59' lang='lat'><strong>29287„</strong></span> <span class='ocrx_word' id='word_1_416' title='bbox 1135 2464 1250 2509; x_wconf 86' lang='lat' dir='ltr'><strong>Quare</strong></span> <span class='ocrx_word' id='word_1_417' title='bbox 1262 2465 1444 2501; x_wconf 73' lang='lat' dir='ltr'><strong>oeteeterie</strong></span> <span class='ocrx_word' id='word_1_418' title='bbox 1456 2464 1516 2500; x_wconf 84' lang='lat' dir='ltr'><strong>illa</strong></span> <span class='ocrx_word' id='word_1_419' title='bbox 1527 2465 1627 2501; x_wconf 74' lang='lat' dir='ltr'><strong>ebe-t</strong></span> <span class='ocrx_word' id='word_1_420' title='bbox 1643 2475 1664 2500; x_wconf 86' lang='lat' dir='ltr'><strong>a</strong></span> <span class='ocrx_word' id='word_1_421' title='bbox 1677 2465 1793 2503; x_wconf 80' lang='lat' dir='ltr'><strong>lunari</strong></span> <span class='ocrx_word' id='word_1_422' title='bbox 1807 2466 1914 2505; x_wconf 83' lang='lat' dir='ltr'><strong>modo</strong></span> 
     </span>
    </p>
   </div>
   <div class='ocr_carea' id='block_1_3' title="bbox 312 2519 1911 2570">
    <p class='ocr_par' dir='ltr' id='par_1_6' title="bbox 312 2519 1911 2570">
     <span class='ocr_line' id='line_1_40' title="bbox 312 2519 1911 2570; baseline 0.001 -13"><span class='ocrx_word' id='word_1_423' title='bbox 312 2548 319 2557; x_wconf 89' lang='lat'><strong>.</strong></span> <span class='ocrx_word' id='word_1_424' title='bbox 357 2522 466 2559; x_wconf 86' lang='lat' dir='ltr'><strong>solido</strong></span> <span class='ocrx_word' id='word_1_425' title='bbox 484 2523 539 2558; x_wconf 89' lang='lat' dir='ltr'><strong>die</strong></span> <span class='ocrx_word' id='word_1_426' title='bbox 554 2529 589 2559; x_wconf 82' lang='lat' dir='ltr'><strong>et</strong></span> <span class='ocrx_word' id='word_1_427' title='bbox 603 2523 696 2559; x_wconf 78' lang='lat' dir='ltr'><strong>heria</strong></span> <span class='ocrx_word' id='word_1_428' title='bbox 712 2523 784 2559; x_wconf 76' lang='lat' dir='ltr'><strong>sere</strong></span> <span class='ocrx_word' id='word_1_429' title='bbox 803 2522 855 2559; x_wconf 77' lang='lat'><strong>12.</strong></span> <span class='ocrx_word' id='word_1_430' title='bbox 886 2522 975 2559; x_wconf 86' lang='lat' dir='ltr'><strong>Nam</strong></span> <span class='ocrx_word' id='word_1_431' title='bbox 991 2523 1138 2570; x_wconf 72' lang='lat' dir='ltr'><strong>syzygia</strong></span> <span class='ocrx_word' id='word_1_432' title='bbox 1152 2522 1284 2559; x_wconf 83' lang='lat' dir='ltr'><strong>lunaris</strong></span> <span class='ocrx_word' id='word_1_433' title='bbox 1301 2521 1373 2558; x_wconf 85' lang='lat' dir='ltr'><strong>diee</strong></span> <span class='ocrx_word' id='word_1_434' title='bbox 1388 2521 1493 2558; x_wconf 73' lang='lat' dir='ltr'><strong>habet</strong></span> <span class='ocrx_word' id='word_1_435' title='bbox 1507 2519 1574 2564; x_wconf 71' lang='lat'><strong>29„</strong></span> <span class='ocrx_word' id='word_1_436' title='bbox 1589 2521 1662 2559; x_wconf 80' lang='lat' dir='ltr'><strong>hor.</strong></span> <span class='ocrx_word' id='word_1_437' title='bbox 1681 2521 1732 2559; x_wconf 75' lang='lat'><strong>12.</strong></span> <span class='ocrx_word' id='word_1_438' title='bbox 1747 2522 1814 2560; x_wconf 78' lang='lat'><strong>44¹.</strong></span> <span class='ocrx_word' id='word_1_439' title='bbox 1843 2523 1911 2560; x_wconf 77' lang='lat' dir='ltr'><strong>Aa·</strong></span> 
     </span>
    </p>
   </div>
   <div class='ocr_carea' id='block_1_4' title="bbox 356 2576 1915 3140">
    <p class='ocr_par' dir='ltr' id='par_1_7' title="bbox 356 2576 1915 3026">
     <span class='ocr_line' id='line_1_41' title="bbox 357 2576 1915 2627; baseline 0.001 -12"><span class='ocrx_word' id='word_1_440' title='bbox 357 2590 424 2615; x_wconf 79' lang='lat' dir='ltr'><strong>nne</strong></span> <span class='ocrx_word' id='word_1_441' title='bbox 439 2579 568 2616; x_wconf 72' lang='lat' dir='ltr'><strong>lunari·</strong></span> <span class='ocrx_word' id='word_1_442' title='bbox 585 2580 659 2616; x_wconf 82' lang='lat' dir='ltr'><strong>diee</strong></span> <span class='ocrx_word' id='word_1_443' title='bbox 673 2579 764 2623; x_wconf 74' lang='lat'><strong>354„</strong></span> <span class='ocrx_word' id='word_1_444' title='bbox 779 2579 854 2618; x_wconf 83' lang='lat' dir='ltr'><strong>hor.</strong></span> <span class='ocrx_word' id='word_1_445' title='bbox 868 2579 900 2616; x_wconf 88' lang='lat'><strong>8.</strong></span> <span class='ocrx_word' id='word_1_446' title='bbox 917 2577 985 2615; x_wconf 78' lang='lat'><strong>48&#39;.</strong></span> <span class='ocrx_word' id='word_1_447' title='bbox 1001 2576 1081 2616; x_wconf 82' lang='grc'><strong>38”.</strong></span> <span class='ocrx_word' id='word_1_448' title='bbox 1100 2584 1163 2616; x_wconf 83' lang='lat' dir='ltr'><strong>etc.</strong></span> <span class='ocrx_word' id='word_1_449' title='bbox 1210 2578 1332 2627; x_wconf 86' lang='lat' dir='ltr'><strong>Itaque</strong></span> <span class='ocrx_word' id='word_1_450' title='bbox 1356 2578 1537 2615; x_wconf 70' lang='lat' dir='ltr'><strong>octaeterie</strong></span> <span class='ocrx_word' id='word_1_451' title='bbox 1558 2578 1690 2614; x_wconf 76' lang='lat' dir='ltr'><strong>lunaria</strong></span> <span class='ocrx_word' id='word_1_452' title='bbox 1710 2579 1843 2616; x_wconf 82' lang='lat' dir='ltr'><strong>dierum</strong></span> <span class='ocrx_word' id='word_1_453' title='bbox 1860 2583 1915 2616; x_wconf 80' lang='lat' dir='ltr'><strong>eet</strong></span> 
     </span>
     <span class='ocr_line' id='line_1_42' title="bbox 357 2634 1912 2684; baseline 0.001 -12"><span class='ocrx_word' id='word_1_454' title='bbox 357 2636 468 2679; x_wconf 73' lang='lat'><strong>2923„</strong></span> <span class='ocrx_word' id='word_1_455' title='bbox 486 2635 558 2673; x_wconf 85' lang='lat' dir='ltr'><strong>hor.</strong></span> <span class='ocrx_word' id='word_1_456' title='bbox 572 2634 701 2674; x_wconf 79' lang='lat'><strong>11.51&#39;.</strong></span> <span class='ocrx_word' id='word_1_457' title='bbox 717 2641 779 2672; x_wconf 86' lang='lat' dir='ltr'><strong>etc.</strong></span> <span class='ocrx_word' id='word_1_458' title='bbox 805 2637 917 2680; x_wconf 84' lang='lat' dir='ltr'><strong>Quem</strong></span> <span class='ocrx_word' id='word_1_459' title='bbox 931 2636 975 2673; x_wconf 89' lang='lat' dir='ltr'><strong>ob</strong></span> <span class='ocrx_word' id='word_1_460' title='bbox 988 2646 1131 2673; x_wconf 82' lang='lat' dir='ltr'><strong>caueam</strong></span> <span class='ocrx_word' id='word_1_461' title='bbox 1143 2641 1223 2684; x_wconf 87' lang='lat' dir='ltr'><strong>poet</strong></span> <span class='ocrx_word' id='word_1_462' title='bbox 1235 2635 1620 2679; x_wconf 64' lang='lat' dir='ltr'><strong>hecenedeoeeteridem,</strong></span> <span class='ocrx_word' id='word_1_463' title='bbox 1634 2637 1708 2672; x_wconf 84' lang='lat' dir='ltr'><strong>eive</strong></span> <span class='ocrx_word' id='word_1_464' title='bbox 1720 2636 1806 2672; x_wconf 83' lang='lat' dir='ltr'><strong>duae</strong></span> <span class='ocrx_word' id='word_1_465' title='bbox 1820 2641 1912 2673; x_wconf 79' lang='lat' dir='ltr'><strong>octa-</strong></span> 
     </span>
     <span class='ocr_line' id='line_1_43' title="bbox 358 2693 1911 2742; baseline 0.001 -13"><span class='ocrx_word' id='word_1_466' title='bbox 358 2693 518 2738; x_wconf 65' lang='lat' dir='ltr'><strong>eteridee,</strong></span> <span class='ocrx_word' id='word_1_467' title='bbox 543 2694 751 2742; x_wconf 75' lang='lat' dir='ltr'><strong>appendice·</strong></span> <span class='ocrx_word' id='word_1_468' title='bbox 775 2693 849 2730; x_wconf 82' lang='lat' dir='ltr'><strong>diee</strong></span> <span class='ocrx_word' id='word_1_469' title='bbox 873 2698 943 2730; x_wconf 85' lang='lat' dir='ltr'><strong>tree</strong></span> <span class='ocrx_word' id='word_1_470' title='bbox 969 2693 1168 2730; x_wconf 77' lang='lat' dir='ltr'><strong>intercalari</strong></span> <span class='ocrx_word' id='word_1_471' title='bbox 1194 2693 1369 2737; x_wconf 81' lang='lat' dir='ltr'><strong>eolebant,</strong></span> <span class='ocrx_word' id='word_1_472' title='bbox 1396 2703 1465 2741; x_wconf 80' lang='lat' dir='ltr'><strong>quo</strong></span> <span class='ocrx_word' id='word_1_473' title='bbox 1492 2693 1670 2740; x_wconf 72' lang='lat' dir='ltr'><strong>nequ-uti·</strong></span> <span class='ocrx_word' id='word_1_474' title='bbox 1693 2693 1911 2730; x_wconf 69' lang='lat' dir='ltr'><strong>octaeteridie</strong></span> 
     </span>
     <span class='ocr_line' id='line_1_44' title="bbox 359 2749 1911 2798; baseline 0.001 -13"><span class='ocrx_word' id='word_1_475' title='bbox 359 2751 575 2787; x_wconf 81' lang='lat' dir='ltr'><strong>neomeniam</strong></span> <span class='ocrx_word' id='word_1_476' title='bbox 600 2751 821 2798; x_wconf 77' lang='lat' dir='ltr'><strong>attingerent.</strong></span> <span class='ocrx_word' id='word_1_477' title='bbox 868 2749 937 2787; x_wconf 79' lang='lat' dir='ltr'><strong>Sed</strong></span> <span class='ocrx_word' id='word_1_478' title='bbox 960 2761 1039 2787; x_wconf 86' lang='lat' dir='ltr'><strong>cum</strong></span> <span class='ocrx_word' id='word_1_479' title='bbox 1062 2750 1206 2787; x_wconf 83' lang='lat' dir='ltr'><strong>totidem</strong></span> <span class='ocrx_word' id='word_1_480' title='bbox 1222 2750 1344 2787; x_wconf 72' lang='lat' dir='ltr'><strong>diebu·</strong></span> <span class='ocrx_word' id='word_1_481' title='bbox 1359 2759 1381 2786; x_wconf 88' lang='lat' dir='ltr'><strong>a</strong></span> <span class='ocrx_word' id='word_1_482' title='bbox 1395 2749 1479 2786; x_wconf 85' lang='lat' dir='ltr'><strong>eolie</strong></span> <span class='ocrx_word' id='word_1_483' title='bbox 1495 2749 1686 2786; x_wconf 84' lang='lat' dir='ltr'><strong>rationibue</strong></span> <span class='ocrx_word' id='word_1_484' title='bbox 1702 2750 1911 2795; x_wconf 78' lang='lat' dir='ltr'><strong>aberrarent,</strong></span> 
     </span>
     <span class='ocr_line' id='line_1_45' title="bbox 357 2806 1913 2854; baseline 0.001 -12"><span class='ocrx_word' id='word_1_485' title='bbox 357 2807 391 2843; x_wconf 85' lang='lat' dir='ltr'><strong>in</strong></span> <span class='ocrx_word' id='word_1_486' title='bbox 410 2807 579 2852; x_wconf 76' lang='lat' dir='ltr'><strong>vigesima</strong></span> <span class='ocrx_word' id='word_1_487' title='bbox 597 2806 807 2844; x_wconf 73' lang='lat' dir='ltr'><strong>octaeteride</strong></span> <span class='ocrx_word' id='word_1_488' title='bbox 821 2818 978 2845; x_wconf 71' lang='lat' dir='ltr'><strong>mentem</strong></span> <span class='ocrx_word' id='word_1_489' title='bbox 995 2807 1342 2844; x_wconf 81' lang='lat' dir='ltr'><strong>unum-tricenarium</strong></span> <span class='ocrx_word' id='word_1_490' title='bbox 1357 2806 1621 2854; x_wconf 76' lang='lat' dir='ltr'><strong>expungebant,</strong></span> <span class='ocrx_word' id='word_1_491' title='bbox 1644 2807 1693 2843; x_wconf 83' lang='lat' dir='ltr'><strong>ita</strong></span> <span class='ocrx_word' id='word_1_492' title='bbox 1708 2811 1747 2844; x_wconf 83' lang='lat' dir='ltr'><strong>ut</strong></span> <span class='ocrx_word' id='word_1_493' title='bbox 1763 2807 1913 2844; x_wconf 67' lang='lat' dir='ltr'><strong>oeeeeee-</strong></span> 
     </span>
     <span class='ocr_line' id='line_1_46' title="bbox 357 2862 1911 2912; baseline 0.002 -13"><span class='ocrx_word' id='word_1_494' title='bbox 357 2864 405 2899; x_wconf 79' lang='lat' dir='ltr'><strong>rie</strong></span> <span class='ocrx_word' id='word_1_495' title='bbox 420 2864 479 2900; x_wconf 79' lang='lat' dir='ltr'><strong>ilia</strong></span> <span class='ocrx_word' id='word_1_496' title='bbox 495 2866 634 2901; x_wconf 71' lang='lat' dir='ltr'><strong>nonnisi</strong></span> <span class='ocrx_word' id='word_1_497' title='bbox 650 2864 737 2901; x_wconf 87' lang='lat' dir='ltr'><strong>duoe</strong></span> <span class='ocrx_word' id='word_1_498' title='bbox 761 2864 1009 2902; x_wconf 70' lang='lat' dir='ltr'><strong>embolimaeo·</strong></span> <span class='ocrx_word' id='word_1_499' title='bbox 1033 2875 1172 2901; x_wconf 84' lang='lat' dir='ltr'><strong>meneee</strong></span> <span class='ocrx_word' id='word_1_500' title='bbox 1193 2863 1344 2901; x_wconf 80' lang='lat' dir='ltr'><strong>heberet.</strong></span> <span class='ocrx_word' id='word_1_501' title='bbox 1391 2863 1482 2900; x_wconf 76' lang='lat' dir='ltr'><strong>neec</strong></span> <span class='ocrx_word' id='word_1_502' title='bbox 1506 2862 1691 2908; x_wconf 85' lang='lat' dir='ltr'><strong>Geminue,</strong></span> <span class='ocrx_word' id='word_1_503' title='bbox 1715 2874 1805 2912; x_wconf 90' lang='lat' dir='ltr'><strong>quae</strong></span> <span class='ocrx_word' id='word_1_504' title='bbox 1827 2864 1911 2902; x_wconf 81' lang='lat' dir='ltr'><strong>aiibi</strong></span> 
     </span>
     <span class='ocr_line' id='line_1_47' title="bbox 356 2919 1914 2970; baseline 0.002 -14"><span class='ocrx_word' id='word_1_505' title='bbox 356 2920 469 2957; x_wconf 74' lang='lat' dir='ltr'><strong>suein·</strong></span> <span class='ocrx_word' id='word_1_506' title='bbox 493 2926 527 2957; x_wconf 83' lang='lat' dir='ltr'><strong>et</strong></span> <span class='ocrx_word' id='word_1_507' title='bbox 551 2922 778 2968; x_wconf 72' lang='lat' dir='ltr'><strong>opportunius</strong></span> <span class='ocrx_word' id='word_1_508' title='bbox 799 2921 1044 2965; x_wconf 73' lang='lat' dir='ltr'><strong>treetebimm,</strong></span> <span class='ocrx_word' id='word_1_509' title='bbox 1074 2922 1132 2958; x_wconf 85' lang='lat' dir='ltr'><strong>ubi</strong></span> <span class='ocrx_word' id='word_1_510' title='bbox 1154 2922 1311 2958; x_wconf 77' lang='lat' dir='ltr'><strong>lunarem</strong></span> <span class='ocrx_word' id='word_1_511' title='bbox 1331 2919 1423 2969; x_wconf 81' lang='lat' dir='ltr'><strong>apud</strong></span> <span class='ocrx_word' id='word_1_512' title='bbox 1450 2919 1601 2958; x_wconf 73' lang='lat' dir='ltr'><strong>Graeco·</strong></span> <span class='ocrx_word' id='word_1_513' title='bbox 1626 2922 1708 2958; x_wconf 85' lang='lat' dir='ltr'><strong>anni</strong></span> <span class='ocrx_word' id='word_1_514' title='bbox 1733 2922 1914 2970; x_wconf 75' lang='lat' dir='ltr'><strong>populari»</strong></span> 
     </span>
     <span class='ocr_line' id='line_1_48' title="bbox 357 2975 1483 3026; baseline 0 -11"><span class='ocrx_word' id='word_1_515' title='bbox 357 2977 506 3015; x_wconf 72' lang='lat' dir='ltr'><strong>sormam</strong></span> <span class='ocrx_word' id='word_1_516' title='bbox 523 2985 642 3014; x_wconf 79' lang='lat' dir='ltr'><strong>contra</strong></span> <span class='ocrx_word' id='word_1_517' title='bbox 658 2979 826 3026; x_wconf 80' lang='lat' dir='ltr'><strong>Scaligeri</strong></span> <span class='ocrx_word' id='word_1_518' title='bbox 842 2979 1059 3016; x_wconf 85' lang='lat' dir='ltr'><strong>coniecturae</strong></span> <span class='ocrx_word' id='word_1_519' title='bbox 1075 2979 1339 3016; x_wconf 68' lang='lat' dir='ltr'><strong>affirmabimus.</strong></span> <span class='ocrx_word' id='word_1_520' title='bbox 1480 2975 1483 2978; x_wconf 76' lang='grc'><strong>’</strong></span> 
     </span>
    </p>

    <p class='ocr_par' dir='ltr' id='par_1_8' title="bbox 358 3033 1913 3140">
     <span class='ocr_line' id='line_1_49' title="bbox 448 3033 1913 3083; baseline 0 -12"><span class='ocrx_word' id='word_1_521' title='bbox 448 3035 631 3082; x_wconf 79' lang='lat' dir='ltr'><strong>Comperta</strong></span> <span class='ocrx_word' id='word_1_522' title='bbox 648 3035 717 3071; x_wconf 79' lang='lat' dir='ltr'><strong>iam</strong></span> <span class='ocrx_word' id='word_1_523' title='bbox 733 3035 981 3072; x_wconf 69' lang='lat' dir='ltr'><strong>ootaiteridum</strong></span> <span class='ocrx_word' id='word_1_524' title='bbox 997 3036 1093 3079; x_wconf 85' lang='lat' dir='ltr'><strong>labe,</strong></span> <span class='ocrx_word' id='word_1_525' title='bbox 1118 3035 1241 3072; x_wconf 82' lang='lat' dir='ltr'><strong>Graeci</strong></span> <span class='ocrx_word' id='word_1_526' title='bbox 1262 3034 1306 3071; x_wconf 86' lang='lat' dir='ltr'><strong>ad</strong></span> <span class='ocrx_word' id='word_1_527' title='bbox 1327 3033 1672 3072; x_wconf 71' lang='lat' dir='ltr'><strong>enneadecaeteride·</strong></span> <span class='ocrx_word' id='word_1_528' title='bbox 1694 3039 1728 3072; x_wconf 88' lang='lat' dir='ltr'><strong>et</strong></span> <span class='ocrx_word' id='word_1_529' title='bbox 1742 3034 1913 3083; x_wconf 72' lang='lat' dir='ltr'><strong>longiori·</strong></span> 
     </span>
     <span class='ocr_line' id='line_1_50' title="bbox 358 3090 1910 3140; baseline 0 -12"><span class='ocrx_word' id='word_1_530' title='bbox 358 3092 441 3129; x_wconf 89' lang='lat' dir='ltr'><strong>anni</strong></span> <span class='ocrx_word' id='word_1_531' title='bbox 456 3092 570 3140; x_wconf 82' lang='lat' dir='ltr'><strong>epatia</strong></span> <span class='ocrx_word' id='word_1_532' title='bbox 585 3091 826 3140; x_wconf 71' lang='lat' dir='ltr'><strong>confugerunt.</strong></span> <span class='ocrx_word' id='word_1_533' title='bbox 854 3091 911 3128; x_wconf 78' lang='lat' dir='ltr'><strong>Sic</strong></span> <span class='ocrx_word' id='word_1_534' title='bbox 927 3091 1019 3140; x_wconf 81' lang='lat' dir='ltr'><strong>apud</strong></span> <span class='ocrx_word' id='word_1_535' title='bbox 1035 3090 1249 3130; x_wconf 81' lang='lat' dir='ltr'><strong>Ghrietianoe</strong></span> <span class='ocrx_word' id='word_1_536' title='bbox 1265 3092 1301 3129; x_wconf 82' lang='lat' dir='ltr'><strong>in</strong></span> <span class='ocrx_word' id='word_1_537' title='bbox 1316 3091 1458 3138; x_wconf 75' lang='lat' dir='ltr'><strong>negotio</strong></span> <span class='ocrx_word' id='word_1_538' title='bbox 1474 3091 1629 3138; x_wconf 74' lang='lat' dir='ltr'><strong>peeeheu</strong></span> <span class='ocrx_word' id='word_1_539' title='bbox 1642 3092 1793 3139; x_wconf 83' lang='lat' dir='ltr'><strong>primum</strong></span> <span class='ocrx_word' id='word_1_540' title='bbox 1808 3102 1910 3129; x_wconf 68' lang='lat' dir='ltr'><strong>usur·</strong></span> 
     </span>
    </p>
   </div>
  </div>
 </body>
</html>
