2008 3294
1571 192 1700 230 XLVII

150 313 233 339 men
246 312 358 339 unum
371 291 545 349 supererit
555 303 678 337 contra
691 300 874 337 veritatem
887 298 1051 336 historiae
1067 299 1209 345 dictum,
1232 299 1270 335 in
1290 297 1488 335 Alexandro
1504 296 1699 334 sacerdota-

150 360 220 397 lem
234 360 330 396 illam
340 359 542 406 regiamque
558 357 703 394 desiisse
715 359 867 405 stirpem.
911 356 1003 393 Nam
1015 367 1059 392 ex
1070 355 1215 403 Iosepho
1228 359 1365 392 constat
1374 359 1455 403 post
1464 354 1701 391 Alexndrum

150 417 350 463 Hyrcanum
365 419 400 452 et
413 416 653 452 Aristobulum
669 427 714 451 ex
730 415 851 452 eadem
865 414 1030 462 progenie
1046 414 1246 460 aliquandiu
1260 413 1503 461 pontificatum
1516 415 1621 459 atque
1635 412 1700 447 im·

150 474 286 520 perium
303 473 505 510 obtinuisse.
539 472 719 509 Postremo
734 473 901 520 Iosephus
912 472 950 508 in
967 471 1061 507 calce
1072 471 1130 506 lib.
1143 483 1213 508 xrv.
1232 471 1352 507 scribit
1362 471 1538 518 Antigono
1549 470 1700 505 Alexan-

151 531 204 567 dri
217 531 323 567 fraue
333 530 524 567 Aristobuli
538 529 611 566 filio
628 531 741 566 securi
756 531 801 566 ab
812 529 962 566 Antonio
977 539 1141 576 percusso
1157 529 1473 564 Assamonaeorum
1488 527 1631 574 stirpem
1643 526 1701 562 de-

150 588 269 632 siisse,
286 587 379 636 quod
393 587 540 634 contigit
549 587 706 636 Agrippa
720 591 756 623 et
771 586 916 623 Canidio
933 586 1030 623 Coss.
1039 585 1080 622 A.
1089 585 1215 622 U.717.
1226 612 1235 630 ‚
1250 586 1358 633 longo
1374 589 1455 632 post
1465 584 1702 634 Alexandrum

150 645 249 682 illum
263 646 414 693 priorem
429 648 464 681 et
478 645 712 681 Alexandram
728 649 894 693 tempore.

241 700 298 738 Ἔν
318 701 467 749 Βηθλεὶμ.
487 704 544 747 τῆς
567 701 753 749 Ἰουδαίας.)
807 701 861 737 Ita
880 701 918 738 in
941 700 1148 749 quibusdem
1170 698 1338 736 Matthaei
1359 700 1617 747 exemplaribus
1638 710 1701 747 pro

150 757 278 804 Ἰούδα,
308 763 348 796 ut
375 759 620 796 animadvertit
639 760 889 806 Hieronymus3
913 758 1006 807 quod
1021 758 1085 794 etsi
1110 758 1273 793 vitiosum
1289 758 1326 793 in
1348 757 1481 793 Comm.
1504 757 1549 793 ad
1571 768 1648 804 cap.
1664 769 1701 794 ιι.

149 816 317 854 Matthaei
330 820 430 864 putet
444 828 538 860 esse,
553 820 671 853 tamen
687 828 759 853 non
770 817 869 853 aliter
879 816 1027 864 ipsemet
1037 815 1074 851 in
1084 815 1225 851 Eusebii
1240 813 1408 850 Chronico
1421 814 1573 861 scripsit3
1588 825 1702 862 neque

150 884 231 911 vero
245 874 475 922 improbanda
490 878 544 910 est
554 874 624 910 ista
638 874 741 910 lectio
751 900 761 918 ‚
776 877 816 910 ut
830 873 874 910 ad
888 873 1079 909 Eusebium
1092 872 1268 908 Pontacus
1283 872 1456 908 observat.

239 930 347 967 Αὐτοῦ
363 943 397 966 τε
413 931 466 966 καὶ
481 931 667 978 Σααλίνας.)
712 930 880 978 Iosephus
900 930 961 967 lib.
982 942 1061 967 xm.
1081 929 1269 967 Alexandri
1291 940 1459 972 uxorem,
1486 929 1640 976 Hyrcani
1667 932 1703 965 et

149 987 340 1025 Aristobuli
350 992 512 1033 matrem,
531 988 764 1026 Alexandrum
779 988 946 1036 appellat,
963 998 1069 1035 quam
1085 991 1120 1023 et
1133 991 1269 1023 mortuo
1281 987 1431 1033 coniuge
1443 998 1480 1023 rx
1493 987 1594 1022 annis
1607 998 1704 1033 prae-

150 1045 259 1082 fuisse
283 1046 413 1083 scribit.
458 1046 534 1090 Quo
561 1045 684 1082 eodem
709 1045 926 1083 Alexandrea
952 1045 1094 1090 nomine
1119 1045 1308 1080 Aristobuli
1329 1044 1482 1091 Hyrcani
1503 1044 1648 1079 maioris
1664 1044 1703 1080 F.

150 1114 298 1139 uxorem
311 1107 426 1141 vocat.
462 1103 727 1149 Τελευτήσαντος
739 1103 776 1139 a}
790 1101 1061 1152 ’Δριστοβούλου,
1075 1102 1198 1149 inquit,
1213 1101 1361 1148 Σαλώμη
1377 1100 1398 1146 ἡ
1415 1101 1495 1149 γυνὴ
1512 1101 1628 1147 αὐτῆς,
1651 1100 1706 1135 λε-

150 1160 273 1207 γομένη
298 1159 334 1196 ek
355 1159 418 1196 ὑπὸ
441 1160 611 1206 Ἐλλήνων
627 1159 840 1208 Ἀλεξάνδρα,
854 1159 985 1195 λύσασα
1000 1159 1076 1201 τοὺς
1097 1158 1255 1206 ἀδελφοὺς
1271 1158 1390 1205 αὐτοῦ,
1411 1162 1476 1196 eto.
1523 1158 1706 1206 Nusquam

151 1216 314 1255 Saalinae
334 1229 463 1254 nomen
485 1219 577 1266 apud
600 1218 786 1266 Iosephum
807 1218 924 1264 legere
948 1217 1105 1254 memini.
1159 1216 1366 1264 Quanquam
1388 1228 1460 1253 non
1481 1217 1581 1252 aliter
1608 1217 1706 1252 illam

151 1273 337 1311 Christiani
353 1276 538 1323 scriptores
555 1286 662 1322 quam
676 1275 834 1312 Salinam
848 1274 1042 1312 nominant.
1085 1274 1255 1311 Eusebius
1266 1275 1305 1310 in
1317 1273 1489 1317 chronio„
1503 1274 1705 1320 Hieronym.

150 1332 188 1368 in
211 1343 286 1379 cap.
307 1344 347 1369 rx
375 1332 481 1376 Dan.,
515 1333 660 1380 aliique,
691 1332 733 1368 de
761 1332 888 1380 quibus
918 1331 1077 1379 Scaliger
1103 1331 1340 1368 Animadvers.
1371 1331 1415 1368 ad
1442 1331 1572 1368 Euseb.
1601 1331 1705 1367 Num.

151 1399 374 1426 uuoccoxnr.
427 1389 526 1426 Unus
547 1390 726 1427 Marianus
747 1389 872 1426 Scotus
894 1400 986 1426 anno
1006 1389 1129 1427 mundi
1148 1389 1248 1427 4120.
1270 1389 1505 1426 alexandram
1528 1389 1706 1425 Salomam

150 1449 244 1482 recte
258 1450 447 1495 nuncupat.
491 1446 624 1483 Eadem
645 1458 766 1495 porro,
789 1447 859 1483 nisi
873 1447 993 1491 fallor,
1014 1446 1227 1491 Alexandra,
1250 1447 1323 1483 sive
1339 1447 1498 1491 Salome,
1525 1447 1707 1493 utriusque

150 1503 268 1540 fratris
283 1515 392 1548 uxor,
407 1504 599 1541 Aristobuli
614 1507 650 1541 et
665 1503 872 1548 Alexandri,
886 1504 970 1547 fuit3
986 1504 1046 1551 qui
1061 1509 1140 1551 post
1154 1505 1343 1541 Aristobuli
1352 1508 1501 1541 mortem
1515 1504 1707 1540 launacum

150 1560 387 1599 Alexandrum
407 1561 553 1599 vinculis
572 1561 651 1599 ideo
667 1562 822 1599 solutum
842 1562 887 1598 ad
901 1572 1050 1609 regnum
1065 1563 1198 1606 evexit,
1217 1562 1311 1610 quod
1327 1573 1409 1599 cum
1423 1574 1466 1599 eo
1488 1561 1628 1608 nuptias
1649 1572 1706 1598 co-

150 1618 317 1666 pulasset.

241 1675 283 1712 N.
295 1687 344 1712 εν.
359 1671 426 1712 Ἦν
438 1673 501 1724 γὰρ
514 1674 533 1711 ὁ
549 1674 706 1723 Ἰάκωβος
719 1670 839 1723 οὗτος.)
884 1675 1027 1713 Frustra
1042 1677 1110 1713 sibi
1124 1676 1297 1725 persuasit
1310 1675 1525 1724 Epiphanius
1539 1675 1708 1713 Iacobum

150 1733 323 1770 minorem
336 1732 476 1780 Iosephi
489 1732 532 1770 B.
549 1733 678 1770 Mariae
693 1733 852 1781 coniugis
866 1734 980 1771 filium
993 1734 1119 1779 fuisse,
1134 1735 1280 1782 ideoque
1296 1734 1428 1771 domini
1442 1734 1583 1771 stau-em
1595 1734 1707 1770 nomi-

151 1791 239 1828 nari.
283 1790 336 1827 De
351 1801 422 1837 qua
435 1801 474 1827 re
489 1789 617 1827 dictum
633 1794 688 1827 est
701 1791 771 1827 alio
786 1791 824 1827 in
838 1791 928 1829 loco.

241 1844 318 1883 Ἔτι
332 1845 370 1883 δὲ
383 1846 439 1883 καὶ
451 1846 680 1895 ἱερατεύσαντα
696 1846 820 1894 αὐτόν.)
864 1847 955 1885 Illud
968 1860 1051 1885 vero
1065 1860 1138 1886 non
1151 1848 1256 1886 modo
1270 1848 1417 1893 tabum,
1445 1848 1507 1885 sed
1529 1851 1565 1885 et
1586 1851 1708 1885 contra

149 1903 357 1955 hypothesin
372 1908 436 1942 est.
482 1903 523 1941 Si
542 1904 681 1952 Iosephi
699 1905 794 1941 filius
814 1907 869 1941 est
882 1905 1050 1950 Iacobus,
1076 1906 1245 1954 Iosephus
1266 1910 1383 1942 sutem
1406 1906 1448 1942 de
1464 1906 1571 1953 stirpe
1593 1906 1707 1942 David
1761 1937 1767 1944 .

149 1972 223 1999 non
233 1961 387 1999 Levitica
401 1972 442 1998 ac
456 1961 663 1998 sacerdotali
677 1961 760 2005 fuit3
776 1962 837 2009 qui
851 1962 992 1999 tandem
1009 1964 1169 2000 sacerdos
1182 1975 1258 1999 esse
1273 1963 1420 2000 Iacobus
1435 1964 1575 2011 potuit?
1605 1963 1707 1999 Dices

150 2021 347 2056 maternum
360 2019 413 2055 illi
426 2029 539 2066 genus
553 2019 599 2056 ab
615 2019 820 2056 sacerdotali
834 2020 928 2057 tribu
941 2025 1186 2068 propagatum.
1222 2021 1292 2056 Sed
1313 2025 1354 2056 ut
1367 2021 1453 2057 illud
1467 2021 1606 2064 demus,
1629 2021 1708 2068 quis

150 2076 263 2113 nescit
277 2075 370 2124 quod
383 2076 589 2124 iampridem
600 2077 647 2113 ab
659 2076 803 2113 eruditis
815 2076 1015 2114 homiuibus
1026 2078 1201 2126 proditum
1211 2082 1265 2114 est
1274 2082 1472 2115 maternum
1485 2089 1597 2126 genus
1609 2078 1708 2114 nullo

150 2144 294 2170 numero
308 2133 428 2177 fuisse,
439 2133 568 2170 nedum
582 2136 624 2170 ut
636 2137 778 2181 propter
787 2134 873 2171 illud
883 2134 939 2171 ius
953 2135 1064 2172 ullum
1076 2136 1120 2171 ad
1134 2135 1366 2172 sacerdotium
1377 2135 1505 2172 habere
1521 2136 1708 2183 quisquam

150 2189 327 2238 potuerit?
343 2189 414 2227 Sed
428 2190 470 2228 de
484 2194 561 2231 tota
573 2189 639 2228 hac
653 2191 770 2228 Iacobi
784 2190 931 2228 historia
945 2192 1078 2230 dicetur
1090 2193 1135 2230 ad
1148 2192 1241 2229 haer.
1258 2205 1422 2237 axxvm„
1445 2194 1506 2229 ubi
1522 2193 1564 2229 de
1580 2193 1708 2230 Iacobo

151 2247 347 2284 uberiorem
360 2247 595 2285 narrationem
607 2248 769 2285 instituit.

243 2302 293 2339 Δι’
307 2305 348 2349 ἢν
364 2302 468 2339 αἰτίαν
481 2303 634 2341 Ἰεσσαῖος
647 2303 855 2351 δηλοῦντα]
889 2305 1104 2344 Christianos
1121 2307 1204 2344 olim
1219 2308 1377 2344 Iessaeos
1393 2308 1586 2355 appellatos
1597 2307 1708 2343 fuisse

152 2364 271 2399 censet
288 2360 503 2409 Epiphanius
519 2373 541 2398 a
554 2362 650 2399 Iesse
662 2362 804 2399 Davidis
818 2364 1040 2411 progenitore
1049 2390 1059 2407 ,
1074 2368 1136 2401 aut
1149 2365 1195 2400 ab
1209 2364 1307 2408 Iesu,
1322 2365 1415 2412 quod
1429 2365 1599 2401 Hebraice
1615 2365 1708 2411 θερα-

152 2418 270 2464 πευτὴν
287 2421 404 2462 sonat,
420 2422 482 2455 aut
497 2422 640 2465 σωτῆρα.
669 2418 712 2456 In
727 2430 796 2466 quo
812 2430 834 2457 a
847 2421 1030 2457 nonnullis
1041 2421 1278 2459 vehementius
1293 2422 1420 2468 agitari
1430 2422 1538 2465 solet,
1555 2421 1617 2458 sed
1627 2421 1709 2458 hae·

152 2476 268 2513 reticis
288 2475 415 2523 ferme,
432 2486 596 2523 quorum,
618 2475 692 2512 sive
712 2487 785 2513 non
803 2477 978 2514 immerito
993 2478 1261 2525 reprehendant,
1286 2479 1513 2515 intolerabilis
1535 2479 1708 2525 superbis,

153 2533 226 2571 sive
235 2544 418 2581 perperam
429 2537 602 2577 accusent,
617 2533 807 2570 vanissima
817 2544 858 2570 ac
869 2534 1014 2571 ridicula
1025 2536 1242 2582 impudentia
1253 2539 1317 2572 est.
1340 2535 1395 2572 Ex
1406 2535 1473 2572 hoo
1482 2535 1710 2583 igiturgrege

154 2590 312 2638 quidam,
332 2591 511 2637 Profecto,
534 2590 662 2638 inquit,
691 2602 764 2626 cum
779 2591 874 2626 illum
888 2591 1084 2639 Epiphanii
1098 2594 1205 2628 locum
1220 2594 1312 2638 leqo,
1336 2596 1426 2628 eatis
1439 2595 1566 2628 mirari
1586 2605 1708 2640 nequeo

154 2648 297 2684 hominis
310 2650 539 2690 inscientiam,
564 2653 597 2683 et
609 2651 646 2682 in
666 2649 804 2693 linquae
823 2649 1102 2695 interpretatione
1117 2657 1149 2685 et
1163 2653 1201 2684 in
1222 2651 1367 2685 veritate
1388 2650 1564 2686 historiae.
1609 2651 1708 2686 Adeo

153 2706 267 2741 multia
282 2707 446 2741 adversm
459 2711 632 2751 utrumque
647 2706 755 2740 modis
764 2712 893 2751 peccat
905 2708 942 2740 in
956 2707 1016 2741 illo
1030 2719 1096 2741 uno
1119 2708 1160 2742 ds
1181 2706 1382 2743 Nazaraeis
1402 2710 1528 2754 capite.
1573 2707 1643 2744 Sed
1665 2708 1708 2743 de

154 2761 299 2797 historia
313 2773 398 2798 mox
413 2761 542 2798 videro.
587 2762 638 2797 De
655 2762 805 2798 nominis
821 2764 880 2796 τοῦ
896 2760 1005 2806 Ἰησοῦ
1020 2763 1303 2810 interpretatione
1317 2763 1383 2800 hoc
1399 2765 1507 2811 vulgo
1534 2765 1710 2801 criminari

155 2819 287 2862 solent,
301 2819 394 2866 quod
404 2817 514 2864 Ἰησοῦ
525 2830 654 2855 nomen
667 2818 820 2855 Graecae
836 2819 980 2866 originis
995 2830 1073 2856 esse
1088 2820 1285 2864 crediderit,
1301 2819 1366 2856 ἀπὸ
1378 2824 1437 2856 τοῦ
1450 2820 1618 2868 ἰάσασθαι,
1635 2823 1708 2857 sive

156 2873 308 2919 ἰήσασθαι
317 2876 434 2912 Ionice
449 2880 616 2924 concepto
625 2903 635 2920 ‚
651 2876 744 2922 quod
756 2879 811 2912 est
826 2875 1025 2922 θεραπεύειν,
1041 2887 1123 2913 cum
1137 2878 1183 2913 ab
1197 2877 1368 2914 Hebraica
1382 2889 1467 2916 voce
1481 2879 1631 2926 petenda
1645 2891 1708 2915 no-

155 2932 260 2967 minis
275 2932 368 2968 illius
383 2933 479 2970 notio
504 2934 565 2977 sit,
593 2944 683 2980 quae
703 2933 921 2969 Salvatorem
941 2933 1128 2980 significat.
1171 2935 1302 2972 Verum
1321 2935 1407 2973 haec
1430 2937 1646 2983 συνωνύμως,
1673 2940 1710 2972 et

157 2988 299 3035 quidem
311 2987 414 3036 haud}
425 2990 590 3035 absurde,
612 2990 793 3038 usurpavit
811 2989 1038 3037 Epiphanius,
1082 2991 1221 3029 Etenim
1242 2995 1330 3035 W
1339 3019 1349 3036 ‚
1384 3004 1407 3029 a
1429 3004 1498 3040 quo
1520 2998 1707 3036 mun-w,

157 3046 212 3082 vel
227 3048 334 3088 37Ὶωὶ
342 3071 352 3091 ,
366 3046 460 3084 idem
474 3051 528 3084 est
543 3059 584 3084 ac
599 3047 726 3091 σώζειν,
741 3048 834 3095 quod
848 3047 886 3083 in
901 3048 1052 3095 corporis
1065 3049 1240 3097 animique
1251 3050 1382 3087 morbis
1393 3051 1488 3087 idem
1497 3054 1550 3087 est
1561 3061 1602 3087 ac
1615 3051 1708 3097 θερα-
