2008 3294
285 196 437 234 XXVIII

287 301 437 343 Quinam
458 301 566 347 igitur
588 300 649 336 alii
672 311 749 336 esse
770 304 920 347 possunt
933 311 1039 348 quam
1054 302 1158 349 Legis
1174 302 1377 350 interpretes
1392 306 1429 339 et
1444 302 1624 339 doctores?
1655 302 1754 340 Certe
1769 315 1840 340 non

287 360 337 394 illi
354 358 579 406 pragmatici,
601 361 662 392 aut
683 358 893 402 formularii,
916 359 988 395 sive
1009 360 1154 395 actuarii
1175 359 1331 395 fuerunt:
1355 372 1444 407 quos
1459 371 1562 396 nemo
1579 361 1620 395 de
1635 371 1673 396 re
1688 364 1785 399 tanta
1800 373 1842 397 ac

287 421 359 451 tam
379 416 556 451 recondita
571 416 783 459 consuleret,
805 415 976 463 adquam
996 418 1126 452 scilicet
1145 417 1407 463 intelligendam
1428 418 1755 464 disceptandamque
1769 430 1841 454 non

286 474 471 510 mediocris
493 483 671 507 sacrarum
691 473 968 522 literarumusus
985 485 1026 509 ac
1042 474 1186 510 scientia
1199 475 1405 520 requiratur.
1445 474 1544 517 Quod
1560 475 1604 510 ad
1618 474 1732 510 Lucae
1746 476 1842 510 testi-

286 532 444 566 monium
459 530 546 565 illud
563 530 687 565 attinet
701 541 776 578 cap.
791 542 855 574 xr.,
877 532 1054 578 singulare
1071 535 1124 566 est
1146 532 1183 566 in
1199 530 1239 566 eo
1257 531 1421 577 quiddam
1437 532 1479 567 de
1495 543 1564 578 quo
1580 532 1696 566 nullus
1706 558 1715 575 ,
1732 543 1841 578 quan-

291 593 367 623 tum
389 588 480 627 scira
498 599 655 634 possum,
677 588 845 635 interpres
868 589 1058 624 admonuit.
1105 588 1245 624 Etenim
1262 588 1393 624 Graece
1408 589 1460 623 ita
1480 589 1625 635 legiturt
1655 588 1740 623 Οὐαὶ
1755 587 1842 636 ὑμῖν,

290 646 507 692 Γραμματέῖς,
525 645 579 679 καὶ
596 645 774 692 Φαρισαῖοι
790 645 970 693 ὑποκριταὶ,
988 657 1112 682 comm.
1125 646 1194 689 44„
1211 646 1304 692 quod
1320 649 1354 680 et
1367 646 1493 681 Latina
1507 646 1701 681 Bibliorum
1715 646 1843 692 Regio·
1863 678 1867 682 ,

290 715 366 738 rum
389 703 626 749 interpretatio
648 702 807 752 retinet-s
818 703 864 738 At
884 704 922 739 in
943 704 1074 739 Latinis
1096 703 1173 739 aliis
1195 703 1372 738 codicibus
1395 707 1430 738 et
1452 703 1543 750 apud
1564 703 1788 738 Ambrosium
1808 707 1844 739 et

291 761 743 807 Hieronymumitalegitur:
769 760 841 795 Vae
853 762 954 803 vobis,
969 764 1025 806 qui
1036 764 1114 796 estis
1126 767 1162 795 ut
1173 766 1392 803 monumenta,
1408 772 1494 807 quae
1506 773 1571 795 non
1584 766 1763 806 apparent,
1780 767 1842 796 etc.

288 818 408 864 Neque
423 818 594 854 vocabula
608 818 677 853 ista
690 819 925 865 reperiuntur,
940 818 1083 853 scribae
1100 824 1132 853 et
1144 818 1334 852 Pharisaei
1348 817 1556 863 hypocritae.
1590 817 1635 852 Et
1649 821 1792 864 apparet
1806 819 1843 854 in

289 875 497 922 quibusdam
513 876 596 911 olim
609 874 820 911 Graecorum
833 876 1007 911 codicibus
1023 876 1084 910 illa
1099 874 1260 910 defuisse.
1285 874 1380 916 Quae
1397 875 1427 909 si
1443 878 1704 921 expungantur,
1719 875 1845 922 peribit

289 936 534 980 argumentum
548 933 650 976 illud,
667 945 736 980 quo
751 933 862 968 fretus
875 933 1021 968 Drusius
1037 932 1189 979 νομικοὺς
1206 943 1228 966 a
1243 931 1373 967 Scribis
1386 932 1602 968 distinxerat.
1629 931 1673 966 Et
1685 933 1843 978 quamvis

288 991 338 1025 ita
354 994 392 1026 ut
408 991 446 1026 in
460 989 602 1025 Graecis
617 994 726 1034 extat,
741 990 885 1025 Scribae
902 997 932 1025 et
946 980 1143 1031 Pharisaei,
1159 989 1331 1036 legamus,
1346 1000 1417 1024 non
1432 988 1512 1024 inde
1527 991 1646 1024 tamen
1661 989 1845 1025 discrimen

289 1048 375 1083 illud
391 1048 568 1083 evincitur.
613 1047 667 1082 Ita
682 1048 774 1083 enim
788 1048 1006 1095 interpretari
1020 1047 1117 1082 licet:
1135 1057 1214 1082 cum
1229 1045 1398 1081 hactenus
1412 1047 1449 1081 in
1465 1046 1558 1082 solos
1573 1040 1777 1082 Pharisaeos
1791 1046 1844 1082 in-

289 1113 409 1141 vectus
426 1108 535 1148 esset,
558 1108 734 1151 postremo
751 1116 876 1140 comm.
893 1105 954 1148 44,
976 1104 1020 1139 ad
1035 1103 1237 1139 Pharisaeos
1254 1104 1358 1139 etiam
1374 1104 1515 1139 Scribas
1530 1101 1707 1141 adiecisse.
1747 1103 1846 1146 Quod

287 1173 367 1198 cum
381 1163 524 1209 indigne
539 1163 677 1197 tulisset
700 1163 842 1209 quidam
866 1163 927 1208 qui
943 1162 1066 1197 Scriba
1086 1161 1345 1206 tantummodo,
1367 1173 1438 1196 non
1453 1161 1660 1196 Pharisaeus
1677 1165 1786 1204 esset,
1802 1161 1845 1197 de

290 1231 333 1255 ea
349 1231 386 1255 re
403 1223 647 1266 conquestum,
672 1220 763 1266 quod
785 1231 855 1254 non
876 1219 980 1255 modo
1002 1218 1224 1262 Pharisaeos,
1245 1229 1367 1254 verum
1389 1222 1425 1254 et
1445 1219 1600 1254 ordinem
1616 1229 1721 1254 suum
1734 1219 1846 1254 inces-

289 1281 392 1314 seret.
439 1277 533 1312 Haec
558 1288 634 1312 esse
657 1280 773 1324 potest
793 1277 1052 1323 simplicissima
1072 1275 1174 1311 huius
1190 1277 1259 1311 loci
1273 1275 1522 1323 aptissimaque
1538 1276 1719 1311 sententia.
1755 1275 1846 1311 Nam

288 1336 428 1371 omnino
446 1334 601 1381 νομικοὺς
618 1346 679 1381 pro
697 1334 828 1370 Scribis
839 1361 848 1376 ,
864 1337 897 1368 et
912 1334 1086 1376 vicissim,
1110 1333 1344 1380 evangelistae
1361 1344 1482 1369 omnes
1497 1337 1676 1381 usurpant.
1709 1333 1845 1368 Scriba-

249 1421 255 1430 .
291 1404 367 1428 rum
383 1403 484 1440 porro
499 1403 628 1431 munus
645 1395 680 1426 et
691 1391 846 1426 officium
857 1391 1030 1438 praeclare
1047 1390 1228 1438 descripsit
1238 1390 1360 1438 Epiph.
1377 1401 1457 1426 cum
1469 1391 1532 1426 ait:
1549 1389 1746 1438 δευτερωτάς
1758 1402 1844 1431 τινας

292 1453 350 1484 τοῦ
367 1451 469 1497 νόμου
485 1450 594 1484 fuisse
605 1476 613 1492 ,
630 1448 674 1490 ὡς
691 1449 922 1496 γραμματικήν
938 1460 1009 1482 τινα
1031 1446 1210 1494 ἐπιστήμην
1234 1447 1487 1495 ὑφηγουμένους.
1527 1447 1622 1491 Quos
1645 1447 1784 1495 quidem
1799 1454 1845 1483 ex

291 1508 442 1543 Levitica
457 1507 550 1542 tribu
566 1507 724 1541 extitisse
740 1516 920 1554 perperam
937 1505 1079 1540 adnotat
1093 1504 1202 1548 Beza,
1218 1516 1301 1541 nam
1317 1515 1336 1541 e
1353 1505 1507 1552 qualibet
1523 1516 1600 1541 esse
1614 1508 1790 1553 poterant,
1805 1508 1845 1542 ut

290 1570 325 1602 et
339 1564 526 1601 Pharisaei.
1080 1590 1082 1592 ,

386 1622 504 1669 Πυγμῇ
519 1619 576 1668 μὲν
584 1619 640 1662 τὰς
649 1623 760 1668 χεῖρας
773 1621 985 1668 νυττόμενοι]
993 1619 1113 1667 Πυγμῇ
1122 1631 1193 1655 non
1202 1619 1300 1655 aliter
1306 1620 1442 1668 accepit
1448 1619 1660 1668 Epiphanius
1673 1630 1714 1656 ac
1724 1621 1847 1668 vulga-

291 1683 350 1716 tus
365 1679 538 1726 Interpres
559 1689 621 1726 pro
651 1689 691 1714 eo
709 1678 800 1724 quod
817 1682 870 1714 est
885 1678 1021 1720 crebro,
1036 1680 1252 1724 frequenter.-
1273 1689 1335 1725 pro
1353 1689 1421 1725 quo
1436 1677 1530 1713 Beza
1542 1678 1708 1714 novitatis
1722 1678 1846 1714 intem-

290 1738 425 1785 pestivo
442 1737 556 1772 studio
567 1749 683 1783 puqno
706 1735 861 1779 redditit,
890 1746 974 1770 sane
996 1735 1166 1782 imperite.
1203 1735 1273 1771 Sed
1296 1734 1338 1770 de
1352 1735 1499 1774 Iudaico.
1509 1735 1662 1783 quodam
1683 1736 1848 1772 abluendi

291 1806 436 1841 genere,
452 1806 521 1841 quo
538 1794 581 1829 ad
598 1804 753 1829 summos
770 1804 881 1842 usque
897 1794 1026 1840 digitos
1042 1802 1167 1829 manus
1183 1792 1364 1837 lavabant,
1379 1793 1457 1830 vide
1480 1792 1675 1830 Serrarium
1689 1798 1847 1831 nostruin

287 1853 346 1888 lib.
365 1864 399 1888 ιι.
418 1863 458 1887 ca
484 1879 492 1887 .
510 1863 562 1887 ιιι.
1817 1859 1824 1865 ·

379 1909 439 1944 Kal
456 1863 659 1956 ξυλακι-ιίρια
674 1907 752 1955 παρ’
770 1907 908 1953 αὐτοῖς]
928 1907 1114 1944 Deuteron.
1132 1909 1183 1945 vr:
1196 1919 1284 1944 com.
1303 1907 1334 1943 8.
1353 1918 1433 1943 cum
1447 1908 1691 1945 mandatorum
1703 1917 1847 1949 suorum

289 1968 408 2014 iugem
432 1971 467 2002 et
482 1966 658 2002 assiduam
674 1966 934 2002 meditationem
954 1966 1168 2012 praeciperet
1184 1965 1284 2001 deus:
1312 1965 1362 2000 Et
1375 1966 1515 2011 le‘yabn‘s,
1538 1966 1667 2013 inquit,
1691 1979 1732 2002 ea
1748 1970 1848 2013 qnasi

288 2028 421 2071 siquam
442 2027 479 2059 in
501 2036 602 2059 manu
627 2030 703 2066 tua,
733 2030 890 2070 eruntque
917 2030 950 2058 et
968 2023 1181 2058 movebuntur
1202 2025 1291 2058 inter
1305 2024 1418 2058 oculos
1441 2030 1528 2059 mos:
1557 2023 1724 2060 Hebraico
1747 2028 1845 2066 *rin-i

291 2086 408 2139 *9³:³27
432 2084 499 2141 Τπ
523 2059 751 2129 πῶυ-ηοξ.
793 2079 985 2116 Chaldaeus
1012 2060 1191 2139 Γξῦᾕξ.
1218 2079 1269 2116 De
1290 2079 1486 2128 'totaphoth
1511 2083 1585 2116 tam
1610 2081 1655 2116 ab
1680 2081 1846 2119 Hebraeis

291 2150 396 2186 quam
421 2150 442 2174 a
457 2139 584 2175 nostris
601 2138 695 2173 varie
712 2137 915 2185 disputatur.
948 2149 1018 2173 Lxx
1034 2148 1096 2184 pro
1113 2147 1155 2173 ea
1169 2147 1254 2173 voce
1271 2134 1433 2172 ἀσάλευτα
1448 2137 1611 2173 reddunt:
1622 2138 1682 2173 καὶ
1698 2136 1844 2174 ἔστωσαν

291 2195 454 2232 ἁσάλευτα
470 2196 533 2243 πρὸ
552 2193 734 2243 ὀφθαλμῶν
751 2198 827 2230 coe:
856 2195 900 2230 Et
916 2196 985 2230 sint
1007 2194 1202 2230 immobilia.
1248 2195 1295 2230 At
1309 2194 1465 2242 Scaliger
1479 2195 1594 2242 inepte
1610 2196 1752 2232 credidit
1767 2195 1846 2232 ἀσά·

291 2254 391 2290 aeota
407 2254 499 2290 idem
515 2264 592 2289 esse
607 2258 710 2300 atque
728 2254 886 2290 amuleta.
923 2252 1031 2293 Quam
1048 2264 1178 2295 vocem,
1194 2252 1321 2299 inquit,
1337 2255 1558 2298 qrammatici
1572 2255 1715 2289 nondum
1731 2257 1765 2289 in
1780 2267 1844 2291 sua

291 2314 404 2347 letica
419 2312 615 2347 retuterunt.
650 2311 771 2357 Itaque
786 2312 873 2345 idem
892 2317 942 2345 est
955 2307 1151 2357 ἀσάλευτον,
1169 2309 1222 2345 καὶ
1239 2309 1467 2357 φυλακτήριον.
1499 2309 1568 2346 Sed
1583 2311 1674 2347 unde
1686 2311 1752 2348 hoc
1767 2315 1844 2349 tanss

291 2371 370 2406 dem
385 2369 511 2405 habet?
535 2368 625 2404 Nam
641 2366 804 2403 ἀσάλευτα
819 2379 889 2403 ιιοιι
906 2367 1133 2411 substantive,
1149 2378 1262 2415 neque
1279 2367 1322 2403 ad
1338 2378 1411 2403 rem
1426 2371 1555 2403 certam
1570 2368 1844 2415 significandam,

290 2428 351 2462 sed
367 2427 554 2474 adjective,
577 2430 612 2461 et
628 2424 787 2473 ἀορίστως
809 2429 1032 2472 usurparunt.
1064 2425 1191 2469 Erunt,
1214 2425 1343 2472 inquit,
1369 2427 1504 2461 immota
1528 2431 1606 2461 ante
1627 2428 1739 2462 oculos
1761 2434 1842 2466 tuos.

291 2486 404 2527 Quare
420 2485 524 2530 friget
540 2483 624 2519 haee
641 2493 753 2519 novae
774 2483 869 2518 vocis
893 2482 1099 2519 observatio.
1142 2482 1257 2519 Locus
1273 2486 1326 2518 est
1339 2481 1464 2519 Matth.
1478 2493 1584 2527 xxm,
1612 2482 1644 2519 5.
1661 2484 1697 2519 in
1713 2495 1782 2532 quo
1799 2486 1843 2522 ad

290 2540 485 2589 'totaphoth
514 2545 548 2577 et
573 2541 738 2576 frontalia
759 2538 915 2576 Christus
937 2543 1133 2587 respectum
1160 2538 1322 2576 habuisse
1348 2539 1491 2576 videtur.
1530 2539 1618 2575 Nam
1639 2540 1842 2591 Pharisaeos

291 2600 544 2647 perstringens,
564 2599 741 2640 Dilatum,
764 2598 892 2645 inquit,
914 2598 1132 2645 phylacteria
1157 2609 1234 2640 sua,
1261 2603 1293 2633 et
1306 2598 1700 2644 maqmjficantfimbrias.
1732 2599 1843 2643 Quem

291 2657 333 2692 ad
358 2658 472 2692 locum
487 2656 685 2702 llierouym.
702 2654 963 2691 Pharisaeorum
988 2654 1269 2702 superstitionem
1283 2657 1399 2699 notat,
1421 2654 1480 2702 qui
1497 2655 1589 2701 quod
1605 2656 1806 2704 simpliciter
1821 2668 1842 2694 a

291 2715 355 2749 deo
372 2713 574 2749 mandatum
596 2717 688 2756 erat,
717 2717 756 2748 ut
777 2713 812 2748 in
836 2713 914 2759 lege
935 2711 1134 2748 meditanda
1155 2711 1437 2759 observantiaque
1458 2712 1596 2748 assidue
1610 2718 1841 2760 versarentur,

292 2772 411 2819 utique
427 2771 486 2806 illa
503 2774 582 2806 ante
600 2771 717 2805 oculos
734 2773 900 2818 perpetuo
917 2770 1017 2817 quasi
1039 2769 1293 2806 monimentum
1310 2767 1481 2817 quoddam
1497 2773 1648 2815 extaret,
1668 2771 1716 2807 ita
1737 2772 1841 2809 inter·

293 2828 415 2877 pretsti
432 2831 529 2870 sunt,
547 2827 646 2874 qussi
662 2827 869 2875 descriptam
885 2828 921 2863 in
938 2827 1149 2863 membranis
1165 2827 1280 2874 legem
1296 2829 1331 2863 et
1338 2826 1508 2863 fronubus
1517 2827 1696 2874 alligatam
1710 2830 1841 2877 gestari

293 2885 513 2933 praeciperet.
556 2884 726 2927 Quocirca
751 2884 838 2920 haec
858 2884 974 2933 opinio
995 2884 1197 2932 lileronymi
1218 2883 1284 2921 fult
1310 2883 1446 2920 nullum
1466 2883 1611 2920 Iudaeos
1638 2886 1841 2925 mandatum

292 2942 454 2979 habuisse
477 2941 519 2977 de
541 2941 759 2989 phylacteriis
776 2953 816 2977 ao
839 2942 1046 2979 frontalibus
1062 2941 1288 2986 membranis,
1316 2940 1377 2978 sed
1398 2951 1512 2978 crasse
1528 2941 1605 2978 illos
1627 2947 1662 2979 et
1682 2944 1840 2992 imperite

293 3000 447 3036 divinum
467 2999 639 3035 monitum
661 3000 845 3046 accepisse.
876 2999 988 3043 Quum
1011 2999 1056 3035 ob
1073 3010 1231 3035 caussam
1247 2998 1412 3036 acerrime
1428 3008 1450 3034 a
1465 2998 1642 3047 scaligero
1658 3000 1839 3049 reprehen-

293 3067 354 3094 sus
369 3061 439 3101 est,
454 3056 515 3104 qui
530 3065 575 3094 ex
590 3055 676 3104 ipsis
692 3056 780 3103 legis
796 3057 910 3093 verbis
926 3060 1061 3103 pugnat
1079 3057 1116 3094 in
1130 3055 1282 3095 Eleucho
1298 3066 1373 3104 cap.
1392 3067 1466 3093 viu.
1482 3066 1524 3093 ea
1538 3057 1614 3105 ipsa
1628 3057 1840 3107 phylacteria
