2008 3294
198 3038 222 3066 p.
238 3031 293 3061 iob.

320 181 457 219 CXLVI

319 287 449 321 dictum
465 289 518 320 est
533 284 723 327 conficitur,
745 283 891 319 Iudaeos
907 282 1086 330 utriusque
1102 283 1186 318 anni
1201 278 1464 316 ἀποκατάστασιν
1480 281 1602 318 diebus
1619 281 1730 317 40679
1746 280 1867 329 perfici

321 343 521 385 credidisse,
536 340 768 388 Epiphanium
783 351 864 376 vero
880 340 1024 376 biduum
1041 341 1152 376 solum
1170 339 1351 375 amborum
1367 339 1518 375 siderum
1532 338 1709 386 pariendis
1722 339 1866 375 rationi-

319 401 384 435 bns
401 400 520 434 deesse
535 399 635 434 velle.

406 456 500 492 Haec
515 459 570 490 est
583 455 676 502 prior
691 453 795 490 huius
811 454 899 500 cycli
909 454 1040 490 Iudaici
1052 454 1252 500 descriptio,
1269 464 1356 500 quae
1372 453 1557 500 Epiphanii
1567 453 1682 488 verbis
1697 452 1866 495 innititur,

319 513 401 548 dum
417 513 467 547 ait
480 512 611 548 Iudaici
626 512 709 547 anni
723 512 955 558 quantitatem
969 512 1102 547 dierum
1118 522 1194 546 esse
1210 510 1295 554 354,
1310 509 1384 546 hor.
1401 510 1433 546 8.
1449 511 1615 558 praecise.
1655 510 1708 545 Ita
1723 510 1816 544 enim
1829 509 1867 545 in

320 571 419 605 annis
436 582 495 605 xxv
510 569 616 605 horae
632 569 789 604 confiunt
806 568 888 612 112,
909 569 984 604 sine
1005 569 1078 603 dies
1095 568 1134 611 4,
1156 567 1229 602 hor.
1245 567 1297 604 16.
1336 567 1391 603 Ex
1407 579 1476 614 quo
1491 578 1632 603 summe.
1647 567 1780 602 dierum
1793 569 1867 603 toto

320 628 416 673 cyclo
433 627 611 673 consurgit
625 625 732 669 5108,
751 625 826 661 hor.
842 626 875 662 4.
913 625 1017 661 Addit
1031 625 1153 660 deinde
1168 637 1190 659 v
1207 636 1282 660 esse
1298 635 1435 660 menses
1450 625 1666 660 embolimos.
1702 624 1792 659 'rum
1806 622 1868 659 ho-

318 695 375 718 ras
393 683 526 719 detrahi
540 683 626 718 duas
643 682 684 717 de
701 683 784 718 solis
801 690 917 720 eursu.
965 682 1061 725 Quae
1077 682 1292 717 subobscura
1306 685 1404 726 sunt,
1424 682 1486 717 sed
1500 686 1676 728 utcunque
1691 681 1742 716 sic
1756 681 1867 728 expli·

319 741 391 775 cari
405 744 562 788 possunt.
609 740 779 776 Caussam
801 739 918 784 affert,
941 751 1003 775 cur
1025 751 1070 774 ex
1092 739 1192 774 annis
1208 752 1269 775 xrv
1284 740 1422 786 cyclum
1440 738 1683 775 confleverint:
1707 737 1801 785 quod
1815 738 1868 773 ni-

318 798 446 833 mirum
459 798 581 833 lunam
595 796 661 832 hoc
682 797 720 833 in
741 797 875 832 minore
897 797 993 844 cyclo
1016 797 1274 845 nondumcum
1297 797 1372 832 sole
1395 796 1578 832 conciliare
1594 796 1783 839 voluerint,
1806 794 1868 831 sed

320 855 392 890 dies
409 853 602 901 superfluos
618 854 771 901 quinque
786 865 865 890 cum
879 854 974 890 horis
991 854 1012 890 8
1027 854 1243 890 reservarint.
1290 852 1342 889 Ita
1357 853 1450 889 enim
1464 853 1519 896 fit,
1542 857 1581 888 ut
1596 853 1627 889 si
1642 865 1687 889 ex
1704 863 1796 888 enno
1811 853 1868 888 Iu-

318 913 412 947 liano
436 912 691 958 decimoquarto
715 911 788 947 dies
811 911 948 947 auferas
964 924 997 954 v,
1020 910 1093 946 hor.
1109 911 1150 954 8,
1173 911 1347 958 supersint
1360 910 1444 954 360,
1466 909 1699 955 minushoris
1721 910 1868 946 duabus.

319 969 409 1004 Nam
425 969 455 1004 si
471 980 516 1004 ex
531 969 652 1004 diebus
666 968 766 1012 5108,
780 967 854 1004 hor.
866 969 899 1004 4.
914 968 1067 1004 Iulianos
1082 980 1151 1005 xm
1166 969 1316 1012 eximas,
1334 968 1407 1004 sive
1423 967 1496 1003 dies
1511 967 1613 1011 4748,
1628 967 1702 1003 hor.
1713 967 1746 1011 6,
1761 971 1868 1004 restu-

319 1027 408 1061 bunt
422 1026 495 1062 dies
509 1025 587 1069 359,
601 1025 707 1061 horse
723 1025 778 1062 22.
808 1025 907 1061 Unde
922 1025 1127 1072 corrigenda.
1141 1024 1324 1072 Epiphanii
1338 1025 1445 1061 verbe.
1460 1025 1558 1060 etita
1573 1024 1756 1072 dirigenda
1769 1027 1866 1061 sunt:

321 1082 374 1118 διὰ
389 1082 427 1117 τ“ο
444 1081 647 1130 ἀφαιρέῖσθαι
662 1081 727 1116 ἀπὸ
749 1084 808 1116 τοῦ
830 1081 968 1127 ἡλιακοῦ
993 1082 1118 1129 δρόμου
1142 1084 1207 1117 τῶν
1228 1080 1292 1123 τξε’
1308 1081 1438 1129 ἡμερῶν
1462 1081 1556 1116 πέντε
1574 1080 1697 1131 ἡμέρας
1717 1081 1772 1116 καὶ
1795 1081 1870 1129 μίαν

321 1139 420 1186 ὥραν·
437 1139 690 1186 προςτιθεμένων
706 1137 769 1186 γὰρ
793 1140 859 1173 τῶν
878 1137 975 1186 ὡρῶν
1001 1139 1117 1174 λοιπὸν
1133 1139 1275 1186 γίνονται
1290 1137 1337 1180 ‘ti'
1354 1138 1471 1186 ἡμέραι
1486 1136 1576 1186 παρὰ
1591 1138 1680 1186 ὥραν
1698 1138 1784 1186 μίαν.
1822 1139 1870 1174 At

318 1197 356 1232 in
371 1197 440 1232 fine
455 1197 590 1232 numeri
603 1197 652 1231 ite.
665 1197 734 1242 leg.
752 1196 783 1230 οἵ
797 1205 877 1237 τινες
893 1195 1023 1242 ὤφελον
1038 1191 1117 1231 εἶναι
1137 1193 1221 1231 κατὰ
1242 1195 1300 1240 τὴν
1321 1195 1481 1243 ἀκρίβειαν
1504 1193 1685 1243 τριοίιιονϊοιΙ
1698 1198 1795 1243 μῆνες
1817 1195 1871 1230 καὶ

321 1253 420 1288 εἴκοσι
436 1251 525 1288 ὀκτὼ
541 1253 667 1300 ἡμέραι.
699 1253 783 1288 Vult
797 1253 891 1288 enim
906 1253 1050 1288 Iudaeos
1065 1254 1103 1288 in
1118 1264 1227 1289 annos
1244 1252 1289 1288 84
1307 1264 1446 1289 menses
1467 1253 1690 1289 intercalasse
1705 1252 1767 1296 31,
1789 1258 1870 1291 cum

319 1310 365 1346 30
379 1311 550 1346 duntaxat
564 1321 643 1346 cum
660 1309 703 1345 28
719 1309 841 1346 diebus
857 1310 1050 1357 computari
1065 1309 1228 1354 debeant,
1244 1309 1310 1346 hoc
1324 1314 1379 1346 est
1393 1310 1558 1358 syzygiae
1575 1309 1661 1346 1039
1677 1314 1711 1346 et
1725 1309 1801 1346 dies
1813 1308 1869 1346 28.

319 1368 372 1403 Ita
387 1367 531 1403 biduum
546 1368 645 1402 abest
659 1367 819 1402 Iudaicus
836 1367 953 1414 cyclus
969 1377 990 1402 a
1006 1367 1177 1403 solaribus
1193 1367 1293 1403 annis
1309 1367 1369 1411 84,
1393 1378 1498 1414 quem
1512 1371 1548 1403 et
1562 1368 1697 1414 cyclum
1712 1368 1870 1404 lunarem

320 1424 434 1471 ἀκριβῇ
453 1428 552 1471 putat
565 1423 791 1471 Epiphanius.

410 1481 573 1527 Sequitur
586 1481 835 1528 interpretandi
849 1481 937 1528 cycli
951 1481 1040 1516 ratio
1056 1482 1179 1524 altera,
1201 1485 1240 1517 ut
1263 1484 1300 1518 et
1316 1481 1638 1518 tessaradecseteris
1652 1482 1726 1518 dies
1741 1481 1871 1518 habeat

320 1538 419 1582 5108,
434 1537 509 1573 hor.
528 1538 580 1581 12,
595 1542 631 1574 et
646 1538 1095 1585 ogdoacontaoessmeteris
1111 1538 1185 1574 dies
1200 1539 1354 1586 praecise
1369 1539 1498 1582 40681,
1513 1540 1641 1587 quibus
1655 1539 1869 1576 vertentibus

319 1597 404 1631 luna
418 1595 558 1631 Iudaica
573 1606 652 1631 cum
667 1596 740 1631 sole
756 1595 896 1631 redeat·
887 1607 924 1631 m
940 1595 1175 1640 concordiem,
1197 1595 1260 1632 sed
1281 1607 1303 1631 a
1325 1596 1447 1632 mediis
1468 1597 1572 1633 lunae
1593 1597 1744 1633 motibus
1761 1596 1869 1633 biduo

322 1653 466 1688 civiliter
481 1653 629 1688 aberret.
673 1652 774 1695 Quod
794 1657 867 1689 tam
887 1653 923 1689 in
947 1653 1081 1689 minore
1097 1664 1203 1700 quam
1218 1654 1349 1689 maiore
1365 1654 1462 1700 cyclo
1479 1655 1634 1702 τεχνικῶς
1649 1657 1712 1690 aut
1725 1653 1871 1691 civilitsr

321 1709 396 1744 fieri
411 1709 475 1745 hoc
491 1709 594 1745 modo
609 1712 733 1756 potest.
757 1710 1095 1747 Tesseradecaeteris
1106 1709 1228 1754 habet,
1242 1715 1281 1746 ut
1296 1711 1425 1747 dictum
1442 1715 1509 1755 est,
1525 1710 1600 1747 dies
1611 1710 1712 1755 5108,
1726 1710 1802 1748 hor.
1816 1710 1869 1747 12.

322 1766 413 1801 Anni
428 1767 566 1802 lunares
587 1767 761 1814 simplices
785 1768 858 1803 dies
874 1767 958 1811 354,
981 1767 1055 1804 hor.
1067 1767 1100 1804 8.
1124 1767 1168 1804 34
1177 1765 1243 1814 Ἴτ’,
1265 1769 1411 1815 syzygia
1428 1777 1510 1804 vero
1533 1768 1588 1806 29.
1614 1768 1667 1805 12.
1689 1765 1871 1814 41¹⁰²l1„'.

322 1822 396 1858 Iam
411 1823 447 1858 in
463 1823 807 1860 tessaredeceeteride
828 1825 993 1872 syzygiae
1014 1828 1098 1862 sunt
1117 1825 1282 1868 totidem,
1305 1829 1390 1875 quot
1411 1825 1449 1861 in
1472 1826 1578 1873 priori
1599 1824 1780 1869 method05
1802 1824 1872 1861 nisi

323 1891 394 1915 una
414 1880 559 1915 forsitan
581 1881 692 1927 plenis
715 1892 910 1918 accrescere
933 1882 1074 1925 debeat,
1097 1882 1293 1929 anticipatis
1316 1893 1363 1918 ex
1384 1886 1552 1930 sequente
1575 1883 1672 1929 cyclo
1693 1894 1750 1919 κη
1763 1881 1871 1926 horis,

324 1947 413 1983 quae
429 1936 473 1971 ad
489 1949 540 1972 ιιι
559 1936 752 1984 superfluas
772 1939 895 1986 prioris
917 1939 1054 1975 additae
1075 1938 1166 1975 diem
1186 1938 1331 1983 faciant,
1354 1943 1394 1975 ut
1415 1940 1462 1975 sit
1482 1940 1576 1987 prior
1597 1940 1715 1986 cyclus
1739 1939 1872 1976 dietum

323 1994 423 2030 5109.
454 1994 552 2030 'l'unc
566 1994 661 2030 enim
676 1995 798 2040 plenae
813 1995 978 2042 syzygiae
993 1995 1048 2039 92,
1064 2006 1169 2031 cavae
1184 1995 1227 2031 81
1244 1996 1478 2032 numerandae
1494 2000 1585 2033 suut..
1615 1996 1798 2033 Secundus
1813 2006 1871 2043 cy-

324 2052 398 2086 clus
414 2050 487 2086 dies
499 2050 640 2086 habebit
651 2050 751 2088 5108.
775 2052 910 2088 Tertius
926 2052 1106 2088 duodecim
1121 2052 1215 2088 horis
1232 2053 1430 2099 anticipatis
1447 2053 1489 2089 de
1505 2057 1628 2100 quarto
1645 2053 1754 2100 cyclo,
1770 2053 1870 2091 5108.

324 2107 474 2151 Quartus
489 2107 590 2144 5108.
621 2107 770 2150 Quintus
786 2108 887 2146 5109.
919 2108 1048 2144 Sextus
1063 2108 1168 2152 5108,
1193 2109 1377 2156 additoque
1397 2110 1579 2146 tricenado
1595 2121 1714 2146 mense
1729 2121 1775 2146 ex
1791 2121 1870 2158 eps-

325 2165 387 2200 ctis
410 2165 581 2200 solaribus
605 2165 822 2212 singularum
845 2165 1230 2202 tessaradecaeteridum
1254 2167 1463 2214 colliguntur
1485 2166 1559 2203 dies
1579 2161 1717 2211 40681,
1731 2178 1870 2204 menses

324 2222 419 2269 pleni
432 2221 510 2266 550,
526 2222 603 2257 cavi
618 2220 684 2257 489
701 2222 786 2257 etin
802 2226 912 2258 totum
927 2221 1022 2259 1039.
1053 2222 1157 2259 Porro
1174 2225 1329 2270 τιχνικῶς
1345 2223 1418 2259 dies
1434 2222 1534 2267 5108,
1550 2222 1624 2261 hor.
1641 2224 1692 2261 12.
1708 2235 1753 2260 ex
1769 2224 1870 2270 5113,

324 2278 397 2315 hor.
418 2278 474 2322 12,
503 2279 562 2325 qui
585 2282 639 2314 est
660 2279 872 2315 Iulisnomm
895 2280 1154 2326 quatuordecim
1176 2280 1316 2324 modus,
1346 2280 1489 2317 detracti
1511 2286 1649 2328 epactas
1672 2283 1872 2330 relinquunt

324 2337 478 2383 praecise
493 2335 566 2371 dies
583 2348 616 2379 v,
633 2336 743 2383 quiin
758 2336 919 2372 ultimum
934 2337 1070 2383 cyclum
1085 2336 1298 2374 differuntur.

414 2394 552 2429 Praeter
567 2393 703 2429 civilem
719 2392 808 2429 hano
823 2393 1040 2440 singularum
1054 2394 1440 2431 tesseradecaiiteridum
1455 2394 1734 2443 dispositionem,
1749 2396 1785 2432 iu
1800 2402 1871 2444 qua

326 2451 418 2497 pleni
434 2461 571 2486 menses
588 2461 692 2486 cavos
708 2454 876 2497 superent
890 2450 950 2494 61,
972 2451 1057 2494 alie,
1077 2454 1117 2487 ut
1137 2452 1174 2488 in
1196 2452 1308 2499 priore
1323 2451 1484 2488 methodo
1501 2452 1733 2489 administrari
1747 2454 1871 2501 potuit,

327 2508 479 2555 eleganti
494 2518 655 2543 cuorum
671 2507 922 2555 plenorumque
936 2507 1108 2544 mensium
1124 2512 1228 2556 atque
1243 2508 1414 2556 aequabili
1428 2509 1655 2546 successione.
1691 2509 1781 2547 Nam
1797 2510 1870 2549 dies

326 2565 436 2600 30681
454 2565 618 2611 syzygias
634 2565 810 2611 complent
823 2565 966 2601 alteruis
981 2565 1118 2613 plenas,
1134 2569 1168 2602 et
1183 2576 1285 2602 cavus
1301 2565 1387 2603 1040
1401 2570 1436 2602 et
1450 2575 1559 2603 uuum
1574 2570 1752 2614 praetereo
1765 2567 1868 2605 diem.

327 2621 378 2656 lta
393 2622 515 2668 plenae
532 2626 612 2657 sunt
623 2621 700 2664 521,
717 2632 822 2657 cevse
833 2620 910 2658 519.
934 2621 987 2658 Ita
1001 2626 1075 2658 tota
1086 2633 1167 2659 vero
1183 2622 1323 2670 periodo
1338 2623 1515 2660 embolimi
1531 2635 1666 2660 menses
1681 2624 1775 2672 pleni
1790 2629 1872 2661 sumt

326 2678 381 2714 31.
429 2678 496 2714 Sed
513 2688 590 2714 cum
612 2678 698 2714 1040
713 2679 877 2726 syzygiae
892 2679 1029 2715 lunares
1045 2680 1222 2728 postulent
1235 2679 1307 2716 diss
1321 2679 1448 2724 80682,
1470 2679 1573 2716 horas
1590 2681 1620 2716 6.
1637 2679 1704 2726 51’,
1727 2681 1871 2718 deerunt

328 2735 370 2769 sd
387 2734 543 2771 ultimam
559 2734 801 2783 complendam
817 2734 889 2771 dies
908 2735 938 2779 1,
953 2735 1027 2773 hor.
1042 2736 1074 2772 7.
1097 2737 1177 2773 Ideo
1193 2748 1371 2785 perpetum
1385 2737 1435 2773 illi
1450 2737 1576 2774 iustam
1592 2739 1774 2787 syzygiam
1789 2750 1870 2775 con-

329 2790 476 2834 nabunt,
493 2803 570 2827 cum
584 2803 653 2828 non
666 2792 813 2839 amplius
828 2803 929 2839 quem
947 2791 991 2828 28
1003 2792 1092 2837 dies,
1108 2792 1214 2830 horse
1225 2793 1247 2830 6
1263 2797 1491 2842 superessent.
1517 2794 1555 2830 Si
1571 2796 1663 2831 enim
1679 2807 1724 2832 ex
1741 2795 1795 2833 29.
1813 2795 1868 2832 52.

327 2845 395 2890 44’,
412 2859 500 2894 quae
516 2854 568 2883 ent
585 2848 698 2885 media
713 2850 867 2896 syzygia,
884 2849 1033 2886 deducas
1050 2852 1077 2887 1.
1091 2850 1122 2886 6.
1134 2850 1189 2894 51,
1205 2855 1408 2899 supererunt
1423 2850 1476 2895 28,
1492 2850 1525 2888 5.
1537 2851 1605 2896 53’,
1622 2852 1687 2890 hoc
1703 2858 1756 2889 est
1770 2852 1869 2888 εἴκοσι

329 2901 418 2939 ὀκτὼ
433 2903 566 2951 ἡμέραι,
583 2905 636 2941 καὶ
652 2901 732 2952 ὧραι
749 2908 850 2953 epac,
872 2910 910 2942 ιιι
925 2907 1015 2954 apud
1032 2906 1263 2955 Epiphaniam
1279 2907 1528 2945 emendandum
1544 2908 1658 2947 fuerit.
1689 2909 1748 2946 Sic
1763 2910 1868 2947 biduo

327 2961 399 2997 (ere
414 2961 532 2996 civiles
548 2963 749 2998 neomeniae
766 2961 820 3002 τὰς
836 2959 976 3010 ἀκριβεῖς
990 2964 1237 3012 anticipabant.
1259 2964 1302 3001 Et
1311 2965 1475 3013 quoniam
1487 2964 1653 3013 Keplerus
1665 2967 1804 3004 coniicit
1814 2967 1869 3003 lu-

327 3018 451 3061 daeos,
469 3022 506 3054 ut
520 3029 648 3054 annum
664 3020 833 3065 tropicum
850 3030 926 3056 cum
941 3019 1072 3058 Iuliano
1087 3022 1324 3066 conciliarent,
1341 3033 1446 3058 ιιιιιιιιι
1464 3022 1552 3058 diem
1571 3028 1649 3071 post
1664 3024 1779 3071 cyclos
1797 3035 1867 3060 ms-
