1968 3294
279 202 360 243 104
714 206 956 240 sYMBoLAE
978 207 1028 241 IN
1052 206 1258 241 EPIPHAN.
1282 207 1384 242 PAN.

277 289 334 322 Sic
355 287 467 322 statim
491 294 584 332 post:
621 286 678 322 τὸν
703 286 762 331 μὲν
785 287 866 323 ἴδιον
892 287 991 332 (νοῦν)
1018 285 1109 333 εἶχε,
1134 287 1193 322 τοῦ
1216 299 1254 322 τε
1279 286 1356 332 (leg.
1379 287 1431 331 δέ)
1458 288 1607 332 Χριστοῦ
1635 288 1725 334 (nim.
1753 289 1824 333 νοῦ)

277 345 478 389 ἐνεφορεῖτο.
524 351 559 377 et
582 357 614 389 p.
633 347 699 377 394
721 344 844 389 (1029)
869 343 1083 389 ἐνεφοροῦντο
1105 344 1166 378 τοῦ
1190 344 1340 389 Χριστοῦ
1363 346 1431 380 νοῦ.
1477 345 1604 378 Pariter
1626 352 1704 389 post
1725 346 1825 390 paulo

276 408 458 446 peccatur:
496 401 645 445 Χριστοῦ
681 400 868 446 ἐνεφορεῖτο
899 402 994 451 νοῦν)
1029 401 1086 434 ubi
1119 413 1229 435 rursus
1260 403 1317 437 νοῦ
1348 401 1570 435 scribendum.
1613 402 1827 436 Translatum

277 458 513 503 ἐμφορεῖσθαι,
537 461 650 500 repleri
672 461 782 501 aliqua
804 469 849 500 re,
875 458 1070 503 genitivum,
1095 470 1161 491 non
1184 459 1405 492 accusativum
1429 458 1594 493 adsciscit.
1641 458 1717 493 Vid.
1743 459 1827 492 Ani—

277 515 442 548 madvers.
466 515 501 547 in
527 517 680 549 s..Basil.
707 517 730 548 Ι.
757 528 790 560 p.
811 519 867 549 81.
887 527 937 561 sq.

367 572 402 607 P.
425 574 491 604 396
513 572 650 616 (1029).
697 571 773 608 διὰ
805 574 889 608 τῶν
923 572 1179 608 τοκετικῶν
1211 570 1377 618 πόρων]
1414 572 1489 606 Vid.
1511 579 1625 606 annot.
1651 572 1685 605 in
1710 573 1750 606 T.
1771 574 1827 606 ΠΙ.

279 642 312 675 p.
333 632 399 662 382
422 631 547 672 (1022)
584 636 619 663 et
643 630 735 664 conf.
758 631 800 665 T.
822 632 876 664 111.
902 643 936 675 p.
961 632 1027 662 516
1049 630 1173 673 (1097)
1197 645 1241 659 --.
1265 630 1431 674 Anaceph.
1453 642 1486 675 p.
1509 632 1575 662 584
1597 630 1708 674 (153).
1745 642 1826 664 κυο-

277 685 443 732 φορηὲτεὶς
465 683 523 722 διὰ
545 687 750 731 γεννητικῶν
773 686 886 732 πόρων
909 683 1191 733 οἷνεπαισχῦντως.

367 744 406 779 P.
432 745 501 776 400
530 744 667 788 (1031).
713 744 790 780 τσῦ
825 744 988 789 μικροῦ
1022 743 1098 779 καὶ
1132 743 1344 790 βραχέως
1377 741 1532 789 λόγου]
1570 743 1743 790 Βραχέους
1775 744 1828 779 ed.

276 800 397 840 Basil„
423 801 579 847 βραχέως
600 802 655 835 ed.
682 804 818 843 Petam,
844 809 1018 846 utrumque
1041 801 1193 846 pessime.
1242 801 1399 834 Rescribe
1424 800 1576 847 βραχέος.

369 859 406 892 Ρ.
428 859 495 891 402
510 858 646 904 (1033).
692 859 771 895 ἐπὶ
794 857 845 895 τοὶ
870 858 950 903 ἐξῆ
965 870 982 898 ς
1003 858 1020 893 ἴ
1028 870 1055 893 ω
1069 859 1163 902 μεν]
1189 856 1264 898 Τὰς
1287 857 1368 903 ἑξῆς
1390 857 1601 892 scribendum
1621 860 1697 891 esse'
1715 857 1826 902 suspi-

278 915 382 957 ceris,
418 914 496 949 coll.
516 922 632 950 annot.
656 917 689 950 in
714 918 753 951 T.
773 919 830 951 ΙΙΙ.
853 928 886 961 p.
900 919 942 948 68
966 918 1080 957 (844).
1126 915 1244 959 Neque
1265 921 1375 948 tamen
1398 914 1443 950 τὰ
1463 914 1546 959 ἑξῆς
1566 921 1656 949 stare
1679 927 1744 949 non
1763 926 1830 960 po·-

277 978 356 1006 test.
403 972 480 1007 Vid.
505 980 620 1006 annot.
645 973 679 1007 iu
700 975 741 1008 T.
762 976 803 1007 ΙΙ.
828 986 859 1018 p.
880 976 945 1007 246
970 973 1082 1018 (533).

367 1031 491 1064 Ρ.404
505 1031 641 1076 (1034).
677 1029 1018 1076 ποθηνοτοίτοις
1041 1042 1062 1064 τ
1075 1029 1244 1075 έκνοις]
1270 1029 1441 1074 Scriptura
1463 1029 1705 1074 ποῇηνοτοὶτοις
1724 1029 1829 1064 libra-

277 1085 328 1121 rio
353 1087 629 1122 Graecobarbaro
653 1088 804 1122 debetur.
851 1089 990 1133 Repoue
1011 1084 1267 1127 ποθεινοτάτοις.

367 1144 404 1178 Ρ.
428 1147 495 1178 406
521 1145 660 1191 (1036).
705 1143 779 1181 διὰ
814 1143 862 1181 τὸ
897 1142 1038 1180 νωδοῦ
1054 1156 1071 1184 ς
1104 1140 1458 1190 οἷποτελείσῇαι]
1493 1142 1641 1184 Νωδούς
1675 1146 1833 1179 edentulos

278 1201 366 1235 male
388 1201 629 1247 interpretatur
648 1205 817 1244 Petavius5
840 1202 1035 1236 vertendum
1059 1209 1150 1236 erat:
1175 1204 1329 1236 attonitos.
1375 1203 1468 1235 Voce
1490 1199 1613 1245 νωδὸς,
1637 1201 1703 1236 hoc
1726 1201 1831 1246 signi·

277 1258 377 1294 ficatn
397 1259 519 1303 posita,
547 1259 762 1293 Grammatici
784 1271 900 1293 vocem
925 1257 1031 1300 ἐνεός,
1056 1259 1099 1292 de
1122 1271 1185 1304 qua
1203 1258 1269 1292 vid.
1295 1265 1410 1292 annot.
1429 1259 1463 1292 in
1487 1260 1578 1294 T.·1.
1603 1261 1715 1303 p.192
1739 1262 1832 1302 (96),

275 1299 417 1350 reddere
439 1317 563 1351 soient.
607 1317 685 1350 vid.
710 1319 870 1351 Ruhnken.
893 1316 937 1349 ad
962 1316 1039 1350 Tim'.
1063 1318 1146 1349 Lex.
1169 1317 1252 1349 Voc.
1278 1316 1363 1349 Plat.
1391 1328 1425 1360 p.
1445 1318 1521 1348 102.

370 1374 405 1407 Ρ.
427 1376 494 1406 408
515 1373 652 1418 (1036).
695 1375 721 1408 Α
735 1370 875 1408 ὗτίκα
896 1375 956 1417 -]
983 1370 1116 1408 Αὐτίκα
1139 1373 1172 1406 in
1192 1372 1289 1406 initio
1310 1372 1547 1406 enuntiationis
1569 1372 1724 1418 positum,
1749 1385 1834 1418 pro—

278 1430 396 1464 bandis
421 1430 597 1464 sententiis
616 1430 768 1471 inservit,
794 1437 830 1463 ut
851 1432 927 1463 Lat.
946 1433 1063 1464 statim.
1101 1430 1175 1463 Vid.
1190 1432 1350 1464 Ruhnken.
1370 1430 1413 1463 ad
1429 1433 1507 1464 Tim.
1528 1431 1567 1463 L.
1589 1431 1629 1464 V.
1653 1429 1701 1464 Pl.
1729 1443 1761 1476 p.
1774 1432 1830 1464 56.

278 1487 434 1522 Petavius
459 1487 644 1521 insolenter
666 1487 926 1532 interpretatur:
951 1497 1017 1521 ecce
1041 1490 1107 1521 tibi.

368 1546 403 1578 P.
424 1547 492 1577 408
513 1545 650 1590 (1036).
695 1543 825 1580 Μετὰ
859 1542 1055 1584 τούτους
1089 1543 1140 1580 δὲ
1173 1541 1392 1584 deorum<
1421 1544 1460 1580 οἱ
1488 1543 1583 1580 νέοι
1612 1541 1835 1584 Ἰουδαῖοι

275 1598 643 1646 οἷλλεπαλλῆλως
676 1602 730 1647 τῇ
769 1598 887 1649 αὐτῇ
927 1600 1217 1647 κεχρημένοι
1256 1598 1416 1647 ἀγωγῇ
1453 1601 1605 1646 οἱμὲν
1641 1604 1835 1648 φυσικοὶ

276 1655 503 1695 Ἰουδαῖοι
537 1657 658 1694 κατὰ
695 1658 846 1702 σάρκα
881 1656 959 1703 μὲν
993 1655 1281 1703 ἠρνήσαντο,
1319 1659 1356 1694 οἱ
1380 1657 1429 1695 δὲ
1452 1659 1527 1694 νῦν
1559 1656 1836 1705 οἷρνουμενοι

275 1714 358 1760 τὴν
391 1718 467 1751 τοῦ
499 1717 599 1751 υἱοῦ
625 1740 634 1749 .
650 1714 989 1761 γνησιότητα,
1022 1715 1198 1760 κτίσμα
1221 1713 1356 1751 αυτὸν
1382 1741 1391 1749 .
1405 1716 1834 1763 .διισχυρίζονται.]

279 1774 361 1806 Post
381 1770 506 1819 ἀγωγῇ
530 1773 618 1807 adde
639 1786 678 1820 ῃ.
715 1773 834 1807 Verbis
858 1773 889 1808 οἱ
911 1771 951 1809 δὲ
974 1773 1030 1808 νῦν
1045 1779 1109 1806 cet.
1133 1773 1246 1819 priora
1270 1773 1301 1808 οἱ
1323 1772 1389 1808 νέοι
1411 1770 1571 1809 Ἰουδαῖοι
1588 1781 1651 1807 cet.
1676 1785 1736 1819 per
1750 1787 1836 1808 ana-

282 1830 462 1863 coluthiam
486 1830 533 1863 ita
556 1837 772 1875 repetuntur,
798 1837 834 1863 ut
858 1830 1049 1864 referantur
1070 1830 1114 1864 ad
1136 1830 1355 1875 interposita·
1389 1843 1413 1877 ῃ
1439 1830 1470 1866 οἱ
1493 1829 1553 1875 μὲν
1576 1830 1716 1876 φυσικοὶ
1745 1829 1836 1867 Ἰου-

280 1888 370 1923 δαῖοι
392 1910 401 1919 .
419 1911 428 1921 .
450 1883 651 1933 ηρνήσαντο.
702 1887 979 1922 coniunctionem
1017 1886 1077 1932 μὲν
1100 1888 1200 1921 etiam
1232 1887 1380 1932 optimae
1402 1895 1504 1921 notae
1524 1888 1705 1934 scriptores
1727 1888 1835 1923 inter-

280 1944 360 1977 durn
379 1950 539 1989 repetunt
560 1945 593 1977 in
620 1945 740 1978 eodem
764 1944 949 1978 enuntiato.
998 1944 1096 1979 Conf.
1117 1957 1146 1978 v.
1169 1957 1196 1979 c.
1225 1948 1288 1979 Ast.
1315 1946 1394 1978 Lex.
1421 1944 1505 1978 Plat.
1529 1946 1570 1980 T.
1589 1947 1629 1979 11.
1657 1958 1689 1991 p.
1703 1948 1780 1979 303.

372 2002 408 2035 P.
431 2004 499 2035 408
519 2002 657 2047 (1037).
704 1999 858 2042 καθὼς
883 2001 1042 2047 εἰπεῖν]
1068 2002 1106 2035 ld
1130 2008 1199 2036 est:
1226 2006 1260 2035 ut
1284 2004 1331 2036 ίία
1354 2003 1472 2044 dicam,
1496 2002 1588 2047 quod
1614 2003 1741 2037 Graece
1762 2015 1836 2037 me-

279 2058 343 2091 lius
361 2058 484 2092 dicitur
506 2056 555 2099 ὥς
578 2058 691 2094 εἰπεῖν.
740 2059 796 2092 Sic
817 2060 943 2093 Noster
966 2071 998 2104 p.
1011 2062 1076 2092 422
1099 2059 1233 2104 (1044).
1271 2061 1338 2092 454
1362 2059 1498 2103 (1062).
1532 2062 1598 2093 462
1623 2062 1742 2102 (1067,
1757 2061 1836 2106 bis).

280 2118 345 2150 476
370 2116 489 2160 (1074,
515 2116 581 2161 bis)
607 2123 643 2149 et
665 2116 756 2152 alibi.

371 2174 409 2207 P.
428 2176 505 2207 408.
529 2186 579 2219 sq.
600 2174 738 2220 (1037).
786 2173 842 2209 Τί
865 2171 949 2219 γὰρ
973 2170 1063 2210 ἀλλ’
1086 2170 1112 2218 ἦ
1135 2193 1180 2200 -—
1205 2193 1249 2200 —
1271 2170 1388 2219 ἤπερ
1412 2172 1731 2219 κελεῦεσξῖαις]
1758 2174 1837 2208 Noli

281 2230 461 2276 quidquam
482 2238 622 2265 mutare.
667 2228 757 2267 Ἀλλ’
781 2227 805 2275 ἦ·
831 2238 882 2265 est
904 2236 1146 2274 praeterquam,
1181 2234 1243 2266 uisi
1267 2231 1349 2276 (vid.
1369 2238 1484 2265 annot.
1512 2231 1545 2265 in
1569 2233 1610 2266 T.
1634 2233 1674 2266 11.
1702 2245 1734 2278 p.
1758 2234 1836 2274 616,

283 2289 395 2333 743.),
434 2295 470 2322 et
498 2288 599 2323 verba
623 2288 656 2325 τί
679 2287 744 2334 γὰρ
768 2284 842 2324 ἀλλ’
867 2284 893 2333 ἦ
921 2308 959 2314 -
987 2286 1160 2335 βούλονται
1190 2307 1221 2313 -
1250 2286 1398 2324 κελεύειν
1422 2289 1544 2337 μᾶλλον
1569 2289 1640 2335 5εῷ
1665 2285 1754 2334 ἤπερ
1777 2301 1838 2326 κι-

281 2343 459 2385 λιῦισθαις
483 2345 550 2379 hoc
570 2345 633 2379 sibi
657 2345 790 2379 voluutt
817 2348 902 2388 Quid
923 2349 1005 2381 enim
1028 2347 1119 2380 aliud
1141 2347 1273 2389 faciunt,
1296 2348 1357 2380 niu·
1377 2365 1418 2372 —
1431 2347 1490 2380 deo
1511 2349 1722 2389 praescribere
1741 2357 1838 2391 quam

280 2407 347 2438 eius
367 2406 542 2447 praeceptis
564 2406 774 2447 obtemperare
796 2405 945 2438 malunt?
978 2403 1064 2438 sicut
1084 2402 1234 2437 Petavius
1258 2409 1350 2437 recte
1372 2403 1481 2437 vertit.
1531 2404 1737 2449 Quamquam
1750 2430 1760 2445 ,
1784 2404 1836 2438 el·

280 2461 355 2506 lipsi
376 2468 528 2503 servata,
555 2468 686 2495 vertere
713 2467 866 2507 poterut:
903 2462 988 2503 Quid
1011 2463 1093 2495 enim
1117 2462 1207 2495 aliud
1230 2462 1291 2495 nisi
1317 2480 1358 2487 —
1381 2462 1532 2495 malunt?
1581 2461 1656 2495 Vid.
1678 2464 1743 2497 Ast.
1767 2465 1838 2495 An-

281 2525 353 2553 not.
379 2518 412 2553 fn
437 2521 519 2553 Plan.
545 2518 668 2553 Phaed.
696 2532 727 2564 p.
746 2521 823 2552 52⁷.

372 2577 406 2610 Ρ.
430 2579 496 2610 422
521 2577 656 2622 (1044).
705 2575 766 2613 Ta
805 2577 917 2619 ζῶον
954 2574 1033 2621 μέν
1070 2573 1172 2611 ἐστι
1203 2573 1504 2620 τραγότατον]
1531 2574 1770 2622 Τραχῦτατον,
1803 2575 1838 2610 id

281 2639 332 2667 est
366 2636 540 2676 asperrimo
573 2636 702 2677 animo,
737 2633 913 2680 legendum
947 2632 1104 2667 coniicio.
1152 2632 1262 2667 Minus
1294 2631 1404 2678 placet
1433 2629 1642 2677 γοργότατον.
1692 2636 1840 2668 petavius

282 2690 381 2724 venit
407 2693 666 2734 voracissimum,
691 2691 784 2737 quusi
808 2690 968 2735 scriptum
995 2698 1082 2724 essct
1107 2687 1307 2737 βορώτατον-

372 2747 406 2782 Ρ.
428 2750 495 2782 426
514 2748 652 2793 (1046).
700 2746 766 2783 Tei
801 2746 848 2785 δὲ
881 2746 1054 2793 γόνατα
1085 2744 1225 2783 αὐτοῦ
1258 2745 1575 2791 ἐσκληκίασαν
1600 2746 1737 2791 δίκην
1762 2759 1838 2783 κα-

282 2804 449 2852 μήλων]
475 2805 607 2851 Respuo
629 2805 721 2840 nihili
746 2805 880 2839 verbum
905 2803 1135 2850 ίσκληκίασαν
1160 2812 1193 2838 et
1218 2815 1345 2850 repono
1366 2802 1604 2848 ἐσκληρίασαν.
1654 2805 1742 2838 Nota
1763 2810 1840 2838 sunt

282 2862 444 2897 voc-bul·
466 2861 642 2908 σκληριάω
667 2870 701 2897 ct
723 2862 934 2908 οκληρίασις,
959 2873 1099 2909 quorum
1121 2861 1210 2908 prins
1235 2872 1277 2896 eo
1300 2867 1350 2895 est
1371 2871 1410 2894 ex
1434 2860 1609 2895 verborum
1630 2872 1772 2906 genere,
1797 2860 1839 2895 do

282 2932 349 2967 quo
373 2918 441 2953 vid.
465 2921 593 2954 Lotuon.
620 2919 662 2954 ud
688 2923 804 2962 Phryn-
831 2931 861 2966 p.
878 2922 932 2954 79.
947 2931 997 2966 sq.
1021 2931 1118 2966 quem
1141 2918 1176 2953 id
1202 2918 1337 2953 verbum
1362 2917 1548 2963 neglexisse
1573 2918 1682 2952 miror.

372 2977 406 3012 P.
429 2980 497 3011 ns
520 2980 657 3022 (1048).
704 2975 1048 3020 τικνοκυΐσκιι]
1087 2978 1123 3011 ln
1150 2974 1270 3010 tmxio·
1304 2975 1394 3009 refer
1420 2975 1554 3009 verbum
1578 2974 1837 3020 τικνοκυΐσκειν,

284 3046 346 3080 pro
367 3038 570 3081 τικνογονιΐν
596 3033 646 3069 voi
671 3037 872 3071 τικνοποιιίν
893 3041 1097 3080 usurpatum.
