2008 3294
315 237 427 273 XCVI

274 335 278 338 ’
314 344 453 390 nostrae
476 353 567 382 xm,
598 351 740 375 necesse
769 343 823 375 est
844 343 884 375 ut
906 351 1019 376 annus
1041 341 1196 377 Iulianus
1221 327 1416 382 ubuum.
1441 342 1487 377 sit
1509 353 1610 378 aerae
1633 342 1867 389 Dionysianae

315 398 527 440 offlxxvnn,
552 409 620 444 quo
645 397 750 432 etiam
771 397 985 444 Olympiadis
1009 409 1125 434 ccmv.
1144 409 1236 434 anno
1257 399 1370 444 primo
1391 399 1569 435 desinente
1591 399 1780 443 secundus,
1801 399 1868 435 hoc

314 458 368 489 est
381 453 486 501 Iphiti
501 466 600 490 uxrv.
633 454 671 489 Si
687 454 845 500 quidem,
866 458 906 489 ut
928 458 964 490 et
977 456 1130 490 Annales
1153 456 1391 499 consentiunt,
1410 456 1544 492 Iuliano
1561 469 1661 492 xxm.
1679 457 1792 503 coepit
1808 467 1868 492 an-

313 523 380 546 nus
395 524 433 548 11.
453 511 591 558 Olymp.
611 522 746 554 cxciv„
763 512 836 546 sive
850 511 956 558 Iphiti
971 512 1047 547 774.
1078 513 1184 558 Atqui
1199 511 1254 547 hic
1269 513 1345 558 ipse
1360 513 1515 549 Iulianus
1530 525 1643 548 annus
1656 513 1750 556 283„
1766 513 1868 560 Iphiti

316 569 430 611 1014„
446 569 683 604 memorabilis
699 572 754 603 est
767 569 825 603 ille
842 568 1024 604 Censorini
1039 580 1151 604 annus
1162 596 1170 612 ,
1191 580 1295 615 quem
1308 569 1409 616 Ulpio
1423 574 1458 605 et
1468 570 1638 606 Pontiano
1654 581 1743 606 coss.
1759 574 1868 614 notat,

312 625 415 660 Urbis
432 625 599 662 Conditae
616 625 710 669 991.,
727 626 789 672 qui
802 637 881 662 cum
896 637 996 661 aerae
1012 626 1248 672 Dionysianae
1264 627 1309 661 sit
1324 626 1418 670 238„
1442 628 1615 663 bisextilis
1631 638 1703 662 non
1720 630 1790 670 est,
1806 627 1868 662 sed

312 693 334 716 a
348 682 486 718 bisexto
503 682 687 718 secundus.
717 682 830 729 Igitur
845 687 880 718 et
895 683 1152 719 ducentesimus
1170 684 1404 728 octogesimus
1420 686 1543 719 tertius
1563 689 1643 719 ante
1665 685 1782 727 illum,
1801 683 1868 719 hoc

312 744 366 774 est
379 741 514 786 primus
527 740 702 783 Iulianus,
725 740 896 776 bisextilis
915 741 998 783 fuit,
1020 745 1055 774 et
1070 740 1146 776 241.
1157 768 1165 782 ‚
1190 741 1263 775 sive
1279 741 1433 776 Iulianus
1449 741 1522 784 43„
1544 741 1648 787 Iphiti
1664 741 1758 784 774„
1778 741 1869 776 Len-

310 797 384 844 tulo
401 801 437 832 et
451 797 653 832 Marcellino
671 807 780 840 coss„
800 809 871 833 non
888 798 1074 840 bisextilis,
1097 797 1158 832 sed
1181 798 1225 832 ab
1247 809 1287 832 eo
1304 799 1476 834 secundus
1494 803 1557 833 est.
1590 798 1684 840 Quae
1701 798 1818 834 omnia
1833 798 1869 833 id

311 854 404 900 quod
416 854 519 890 modo
531 855 750 901 propositum
761 858 815 889 est
829 855 1021 890 certissime
1039 855 1287 898 demonstrant,
1303 866 1434 890 annum
1450 855 1624 891 Iulianum
1639 856 1790 901 primum
1806 867 1868 902 per

309 922 510 958 regressum
525 912 563 946 in
579 912 753 947 anteriora
767 923 903 958 usuque
919 917 1038 946 nostro
1055 912 1252 947 bisextilem
1269 923 1361 955 esse,
1378 917 1417 948 ut
1433 917 1468 947 et
1481 912 1610 947 Paulus
1622 912 1867 959 Forosempro-

308 969 442 1004 niensis
458 969 586 1005 docuit.
616 968 681 1004 Est
701 972 819 1004 autem
839 969 877 1004 in
900 968 1150 1004 constituendis
1174 969 1394 1004 bisextilibus
1417 969 1598 1008 habendae
1619 981 1691 1005 non
1707 969 1866 1005 editionis

308 1025 482 1070 Iulianae,
497 1026 559 1062 sed
570 1026 794 1072 Augustaeae
811 1036 851 1060 ac
867 1030 1008 1061 nostrae
1023 1026 1129 1068 ratio3
1146 1026 1181 1060 id
1194 1026 1287 1072 quod
1300 1027 1485 1062 annalibus
1497 1027 1708 1073 imposuisse
1721 1027 1866 1062 videtur.

308 1083 349 1119 In
364 1084 491 1130 quibus
507 1094 589 1120 cum
603 1094 647 1118 ex
659 1083 738 1118 Iulii
751 1083 908 1118 Caesaris
923 1083 1140 1118 institutione
1156 1083 1354 1118 bisextilem
1371 1095 1451 1118 eum
1467 1095 1544 1119 esse
1560 1087 1791 1119 monstrasset
1806 1094 1866 1119 an,-

308 1152 413 1184 num,
437 1152 506 1188 quo
529 1141 696 1176 Lentulus
720 1145 755 1174 et
776 1140 999 1175 Marcellinus
1024 1151 1114 1175 coss,
1137 1140 1293 1183 fuerunt,
1317 1140 1510 1176 confectam
1534 1141 1601 1176 sibi
1623 1152 1696 1176 rem
1719 1141 1866 1187 putavit,

309 1199 411 1245 quasi
422 1198 568 1234 eandem
580 1208 687 1244 quam
698 1208 720 1232 a
730 1197 818 1232 Iulio
832 1196 980 1232 Caesare
991 1197 1205 1244 propositam
1218 1197 1372 1232 affirmat
1383 1198 1598 1233 bisextilium
1611 1198 1735 1234 seriem
1747 1193 1865 1244 Augu-

308 1261 383 1292 stus
399 1256 610 1291 retinuisset.
642 1254 697 1290 Ex
714 1265 783 1301 quo
805 1258 839 1289 et
859 1254 946 1289 illud
966 1254 1139 1297 manavit,
1159 1258 1199 1288 ut
1214 1257 1253 1301 τῇ
1270 1253 1418 1288 ὑποθέσει
1435 1254 1600 1290 δουλεύων
1616 1266 1747 1290 annum
1762 1255 1866 1291 lulis-

307 1325 394 1349 num
409 1325 456 1350 ιι.
474 1313 670 1359 legitimum
686 1323 732 1346 ex
747 1312 899 1357 Augusti
913 1311 1125 1346 correctione
1141 1311 1319 1346 bisextum
1335 1310 1498 1347 habuisse
1515 1312 1653 1347 diceret.
1667 1311 1775 1347 -Nam
1790 1313 1864 1349 sivo

307 1371 351 1406 ab
367 1382 408 1406 eo
425 1370 469 1406 ad
484 1381 584 1406 xnm.
599 1380 774 1412 recurras,
791 1369 863 1403 sive
881 1378 902 1402 a
917 1368 1029 1414 primo
1045 1367 1180 1403 Iuliano
1198 1373 1240 1403 ad
1257 1368 1406 1403 eundem
1422 1381 1521 1405 xmu.
1540 1369 1745 1413 descendas,
1761 1369 1797 1404 in
1813 1369 1864 1404 bi·

306 1429 469 1463 sextilem
483 1427 626 1463 incides.
657 1426 728 1461 Sed
750 1425 879 1460 falsum
903 1429 956 1460 est
979 1435 1109 1460 annum
1124 1423 1297 1461 Iulianum
1319 1436 1363 1460 ex
1380 1426 1531 1472 Augusti
1553 1426 1797 1462 reformatione
1812 1426 1864 1462 bi-

306 1486 469 1521 sextilem
496 1485 623 1520 fuisse:
654 1483 858 1530 praesertim
888 1482 918 1517 si
941 1482 1105 1517 vitiosum
1136 1482 1313 1517 bisextum
1345 1482 1587 1518 duodecimum
1612 1493 1704 1519 anno
1727 1482 1863 1519 Iuliano

306 1555 443 1585 xxxva,
461 1541 555 1588 quod
570 1541 722 1576 Annales
738 1540 887 1581 iaciunt,
902 1539 1142 1581 tribuerimus,
1167 1539 1251 1574 adeo
1267 1543 1308 1574 nt
1323 1539 1504 1586 Augustus
1519 1551 1612 1575 anno
1628 1551 1776 1576 xxxvm.
1793 1544 1862 1575 sta-

305 1600 412 1635 tuerit
425 1598 608 1634 duodecim
622 1597 700 1633 illos
723 1597 798 1632 sine
814 1597 952 1631 bisexto
974 1595 1218 1642 transigendos
1240 1607 1327 1631 esse.
1367 1596 1412 1631 Ut
1433 1597 1526 1632 enim
1547 1597 1591 1632 ab
1614 1606 1707 1632 anno
1728 1596 1862 1632 Iuliano

304 1669 441 1693 xxxvrr.
457 1657 591 1703 primus
613 1666 659 1690 ex
682 1654 849 1690 duodenis
873 1654 942 1688 illis
966 1650 1158 1699 ἆνεμβόλοις
1182 1653 1349 1699 coeperit,
1373 1653 1596 1689 duodecimus
1620 1654 1686 1688 erit
1706 1653 1861 1689 Iulianus

303 1727 444 1757 xnvm„
469 1725 537 1760 quo
561 1716 685 1749 exacto
709 1711 964 1758 peremptisque
985 1710 1131 1745 bisextis
1148 1709 1332 1757 superfluis
1348 1711 1458 1745 tribus
1474 1721 1588 1746 annus
1602 1710 1640 1746 in
1654 1710 1750 1746 viam
1765 1710 1862 1746 redu-

305 1776 381 1807 ctus
398 1775 461 1807 est.
493 1771 590 1806 Hanc
605 1781 687 1806 vero
697 1796 705 1812 ‚
723 1773 761 1804 ut
777 1768 894 1804 ordine
912 1778 952 1802 ac
968 1768 1103 1802 ratione
1119 1767 1280 1814 deinceps
1296 1768 1488 1810 insisteret,
1505 1771 1627 1813 quarto
1643 1771 1724 1814 post
1739 1779 1862 1809 xnvru.

305 1841 397 1865 anno
413 1828 587 1864 bisextilis
601 1838 715 1863 annus
731 1825 950 1862 collocandus
964 1824 1031 1860 suit
1041 1851 1050 1868 ,
1070 1825 1205 1860 Iuliano
1221 1824 1357 1860 scilicet
1372 1836 1452 1863 nn„
1476 1828 1515 1859 ut
1534 1835 1578 1860 ex
1594 1824 1702 1860 Paulo
1717 1824 1862 1860 Middel-

304 1887 406 1934 burg.
423 1886 581 1932 superius
605 1884 831 1920 ostendimus.
863 1883 909 1918 At
924 1893 1005 1918 vero
1029 1882 1059 1917 si
1075 1894 1122 1917 m.
1140 1879 1270 1916 aun'um
1296 1882 1495 1917 bisextilem
1510 1882 1692 1928 Augustus
1709 1892 1786 1917 esse
1802 1892 1862 1919 vo-

303 1944 385 1987 luit,
412 1944 449 1979 in
470 1942 564 1978 idem
583 1942 708 1977 vitium
729 1940 875 1976 incurrit
895 1939 987 1986 quod
1008 1939 1162 1974 Iulianae
1184 1938 1344 1974 editionis
1365 1939 1464 1986 initio
1489 1939 1716 1975 commissum
1737 1938 1860 1982 fuerat,

303 2011 430 2047 nempe
451 2004 492 2035 ut
511 1999 613 2035 tertio
634 2002 715 2046 post
729 1997 927 2034 bisextilem
943 2007 1035 2032 anno
1051 1996 1225 2031 bisextilis
1241 1995 1340 2031 aliter
1355 1999 1552 2043 poneretur.
1582 1995 1740 2042 Denique
1755 2006 1859 2032 nemo

303 2057 471 2093 hactenns
493 2057 655 2092 inventus
677 2059 730 2091 est
753 2055 812 2102 qui
833 2053 1069 2090 Iulianum'm.
1093 2058 1173 2100 post
1187 2053 1339 2100 Augusti
1361 2053 1640 2090 emendationem
1662 2051 1860 2112 bisextilem

301 2115 441 2152 faceret.

395 2172 532 2208 Atenim
549 2170 811 2206 trecentesimus
827 2169 1071 2215 sexagesimus
1085 2170 1227 2214 quartus
1242 2171 1324 2214 post
1337 2167 1436 2203 illum
1448 2166 1620 2203 bisextilis
1637 2170 1708 2210 est,
1724 2170 1784 2202 aut
1800 2166 1876 2202 do-·

303 2230 451 2265 cendum
466 2229 501 2265 in
518 2227 736 2264 recensendis
752 2237 841 2263 coss.
857 2226 981 2262 vitium
995 2225 1187 2273 irrepsisse.
1218 2224 1311 2260 Haec
1333 2225 1426 2259 enim
1444 2223 1628 2259 Annalium
1643 2223 1749 2261 verba
1764 2228 1856 2261 sunt.

303 2287 373 2323 Sed
389 2292 425 2322 et
439 2286 524 2323 illud
541 2297 609 2322 non
627 2285 743 2321 minus
766 2284 912 2327 falsum,
933 2294 1064 2319 annum
1085 2292 1186 2318 aerae
1204 2280 1418 2318 Christianae
1434 2279 1511 2318 364.
1527 2284 1607 2328 post
1621 2280 1810 2317 Lentulum
1825 2285 1860 2317 et

301 2344 543 2380 Marcellinum
566 2354 653 2379 coss.
670 2353 747 2378 esse
761 2341 1042 2376 trecentesimum
1063 2339 1324 2387 sexagesimum
1348 2341 1528 2385 quartum,
1550 2348 1630 2373 cum
1645 2349 1724 2374 vere
1746 2338 1792 2374 sit
1813 2339 1858 2375 ab

303 2402 441 2438 illorum
465 2401 649 2438 consulatu
672 2398 751 2435 366.
799 2398 988 2435 Sciendum
1011 2397 1103 2434 enim
1127 2401 1181 2432 est
1202 2395 1270 2432 duo
1292 2395 1329 2431 in
1346 2394 1538 2431 Annalibus
1554 2395 1652 2442 paria
1673 2395 1857 2432 consulum

303 2463 484 2506 exempta,
501 2458 628 2505 quibus
645 2468 689 2493 ex
703 2455 821 2496 ordine
834 2455 996 2499 sublatis,
1014 2453 1212 2491 Christiane
1223 2464 1320 2496 aera,
1337 2462 1425 2500 quae
1438 2451 1577 2487 biennio
1589 2451 1757 2488 hactenus
1770 2452 1858 2492 auti,-

302 2518 418 2564 cipats
430 2516 560 2559 fuerat,
575 2526 654 2551 cum
667 2513 804 2560 vulgari
815 2512 954 2549 demum
970 2512 1007 2548 in
1022 2511 1242 2549 concordiam
1259 2509 1376 2553 rediit;
1393 2508 1485 2556 quod
1500 2508 1591 2545 idem
1607 2510 1644 2544 in
1657 2508 1856 2546 onustissi-

303 2574 433 2617 Fsstis,
449 2573 525 2620 pari
539 2583 628 2608 coss.
646 2582 715 2607 uno
731 2581 936 2617 suppresso,
952 2569 1115 2617 contigit,
1132 2568 1173 2604 de
1190 2578 1260 2615 qua
1272 2578 1308 2603 re
1325 2566 1550 2615 opportunius
1568 2566 1651 2602 aiibi
1667 2566 1809 2604 dicetur.

394 2631 466 2666 lam
482 2640 582 2673 vero,
606 2629 699 2676 quod
718 2638 799 2664 aera
813 2628 874 2663 illa
889 2626 1103 2670 communis,
1121 2635 1226 2673 quam
1242 2635 1264 2660 ι
1279 2623 1405 2660 Christi
1420 2623 1528 2660 natali
1544 2624 1730 2671 repetimus
1740 2650 1749 2668 ,
1772 2634 1855 2660 eun·

285 2695 287 2697 ·
303 2688 380 2723 dem
396 2687 547 2723 natalem
563 2687 599 2723 in
614 2686 721 2723 iinem
736 2684 860 2721 Iuliani
873 2696 951 2720 xsv.
968 2683 1147 2727 coniiciat,
1164 2694 1206 2719 ex
1223 2681 1406 2730 disputatis
1421 2679 1588 2716 hactonus
1604 2681 1654 2716 ita
1670 2681 1854 2728 colligitur,

301 2746 482 2790 Augustus
498 2745 685 2791 imperator
701 2742 853 2779 excessit
867 2752 958 2778 enno
974 2741 1106 2778 Iuliano
1124 2752 1195 2776 ux.
1226 2738 1290 2775 Est
1309 2742 1425 2775 sutem
1447 2738 1475 2774 is
1498 2748 1599 2774 aerae
1619 2738 1855 2784 Diouysianss

304 2813 390 2844 xiv..
411 2806 451 2837 ut
471 2805 551 2837 ante
567 2801 844 2837 demonstratum
858 2803 921 2835 est.
952 2798 1063 2845 Igitur
1078 2808 1177 2835 serae
1193 2795 1295 2833 huius
1310 2795 1448 2832 initium
1463 2805 1507 2830 ex
1525 2805 1556 2830 a.
1573 2794 1604 2830 d.
1622 2794 1696 2831 Kal.
1713 2795 1785 2832 Ian.
1803 2795 1854 2831 in·

302 2858 385 2905 cipit
399 2858 483 2894 anni
499 2857 620 2894 Iuliani
636 2869 748 2901 xus..
769 2856 925 2903 adeoque
947 2854 1073 2892 natalis
1098 2853 1225 2891 Christi
1245 2852 1479 2900 Dionysisnus
1501 2861 1580 2887 cum
1605 2863 1696 2888 enno
1718 2851 1852 2888 Iuliano

302 2926 381 2951 xu.
404 2919 554 2950 exeunte
578 2914 749 2961 congruit.
796 2912 993 2957 Quinetiam
1017 2912 1190 2959 cyclorum
1215 2910 1419 2959 pervulgata
1439 2912 1646 2955 receptaque
1670 2907 1852 2946 methodus

301 2972 356 3009 vei
372 2972 487 3019 pneris
504 2972 643 3019 cognite
659 2970 762 3009 huius
779 2971 829 3007 rei
843 2969 947 3007 iidem
972 2969 1016 3006 sb
1038 2969 1155 3005 invitIs
1177 2970 1370 3015 extorquet.
1401 2964 1489 3002 Nam
1514 2966 1545 3000 si
1566 2965 1629 3002 hoc
1651 2977 1760 3010 nmio,
1784 2977 1852 3014 quo

302 3028 387 3066 haee
408 3028 612 3071 scribimus,
636 3029 695 3076 qni
718 3032 772 3065 est
794 3038 895 3064 serae
919 3026 1153 3073 Dionysisnse
1177 3035 1343 3068 aneuz..
1370 3022 1488 3071 cyclus
1512 3023 1616 3070 vulgo
1642 3027 1851 3068 numeratur,

302 3086 385 3123 solie
402 3097 465 3130 vn„
487 3086 590 3123 lanu
606 3097 684 3131 vu„
707 3085 824 3123 indict.
845 3097 889 3121 ιν.
901 3111 909 3127 ,
930 3094 1072 3120 necesse
1087 3086 1141 3120 est
1162 3086 1201 3119 ut
1222 3091 1333 3118 sunus
1349 3090 1450 3117 serae
1466 3080 1597 3127 primus
1614 3081 1728 3127 cyclos
1744 3079 1852 3118 hebn-
