2008 3294
291 140 459 179 GGXLIV

290 256 426 288 mense,
441 245 660 281 neomeniam
676 243 875 291 paschalem
889 244 927 280 in
941 244 1096 292 Aprilem
1111 244 1380 287 summoverint,
1395 245 1493 280 nulla
1507 245 1576 280 alia
1590 255 1715 280 caussa
1729 245 1847 281 extitit

291 313 396 349 quam
421 302 512 349 quod
536 302 834 348 decimaequartae
856 302 996 337 lunares
1005 327 1014 344 ,
1045 312 1132 348 quae
1155 304 1230 336 tum
1252 301 1290 336 in
1311 301 1477 340 Martium
1498 302 1698 345 incurrunt,
1727 302 1845 348 aequi·

289 361 443 396 noctium
458 362 692 402 antevortunt,
715 359 863 405 ideoque
885 359 930 393 ad
951 358 1212 401 duodecimum,
1234 369 1306 394 non
1328 358 1375 394 ad
1396 359 1548 406 primum
1569 370 1745 401 mensem,
1768 370 1845 406 per·

289 418 416 459 tinent,
431 419 471 451 ut
485 416 574 451 inter
589 420 744 452 caeteros
760 416 935 454 Pretorius
946 416 1202 452 Alexandrinus
1217 416 1255 451 in
1270 426 1313 451 ea
1327 415 1475 462 epistola
1489 416 1590 452 docet
1606 426 1712 462 quam
1726 416 1770 452 de
1784 427 1846 463 pa·

290 473 408 508 schate
421 473 540 509 scribit
551 473 594 508 ad
607 473 642 508 S.
650 473 803 509 Leonem
814 483 953 519 papam.
976 472 1110 519 Quippe
1126 472 1224 518 cyclo
1237 484 1310 509 x1x.
1322 473 1408 508 luna
1422 473 1682 520 decimaquarta
1692 472 1848 511 Nicaena

291 531 438 577 contigit
451 531 570 566 Martii
583 543 696 573 xvrn„
718 531 814 575 cyclo
832 541 914 566 vero
929 543 1005 566 vm.
1027 530 1146 566 Martii
1161 542 1234 566 xxx.
1282 529 1396 572 Quare
1419 541 1499 566 cum
1521 534 1602 566 ante
1624 531 1847 567 neomeniam

290 588 392 634 primi
415 588 562 630 mensis,
587 588 659 622 sive
674 587 836 633 Κριῶνος,
859 587 1055 631 incurrant,
1078 587 1261 634 posteriori
1274 587 1379 630 Adar,
1401 598 1474 623 non
1493 587 1620 631 Nisan,
1643 587 1847 624 tribuendae

291 648 384 681 sunt.
431 645 578 680 Proinde
599 643 781 691 paschales
802 645 1006 680 neomeniae
1029 645 1205 690 cyclorum
1224 644 1372 680 istorum
1385 645 1423 680 in
1437 645 1591 691 Aprilem
1606 645 1847 682 coniiciuntur.

290 702 337 737 At
351 713 397 737 ex
409 701 646 748 Scaligeriano
663 702 838 748 dogmate,
853 701 977 739 iisdem
991 702 1059 737 illis
1076 702 1212 736 duobus
1228 701 1347 748 cyclis,
1361 701 1568 738 Iudaeorum
1579 702 1847 749 decimaquarta,

292 770 381 804 quae
395 759 433 794 in
448 759 614 795 Martium
628 759 766 803 incidit,
780 770 901 795 revera
916 764 969 795 est
982 759 1096 795 ultimi
1111 758 1259 802 mensis,
1281 759 1354 794 sive
1369 758 1472 801 Adar,
1495 770 1568 795 nen
1589 760 1704 806 primi.
1751 759 1850 796 Licet

292 817 385 854 enim
400 817 659 862 aequinoctium
673 817 861 853 terminum
876 828 948 853 non
963 815 1158 858 antecedat,
1174 815 1236 851 sed
1251 827 1332 852 eum
1343 815 1460 862 potius
1471 821 1636 859 moretur,
1651 820 1772 852 tamen
1786 828 1848 864 po-

291 873 383 909 litice
398 874 492 909 Adar
507 874 675 910 attributa
687 873 768 918 fuit,
789 874 875 910 adeo
891 877 930 909 ut
945 873 1119 920 paschalis
1134 884 1207 908 non
1223 876 1326 909 esset.
1373 873 1448 908 Hoc
1464 873 1558 908 enim
1572 873 1610 908 in
1625 873 1774 910 diat-riba
1787 874 1850 909 illa

292 930 334 966 de
349 931 514 977 passione
529 931 677 973 domini,
701 942 780 966 cum
804 931 846 966 de
868 931 1008 966 Iudaico
1028 941 1119 966 anno
1136 933 1252 965 vetere
1273 930 1521 973 desseruimus,
1546 941 1591 966 ex
1611 929 1849 973 Philone,‡Io-

292 987 415 1035 sepho,
431 988 629 1024 Aristobulo
644 988 792 1035 aliisque
812 988 1018 1024 Iudaeorum
1033 987 1283 1034 antiquissimis
1306 987 1538 1030 ostendimus,
1560 987 1731 1023 decimam
1747 998 1849 1034 quar·

293 1049 365 1081 tam
379 1044 506 1089 Nisan,
528 1045 601 1081 sive
616 1045 816 1092 paschalem
830 1045 1024 1088 Iudaicam,
1046 1045 1186 1080 illorum
1202 1047 1314 1081 aetate
1329 1044 1457 1091 inipso
1474 1044 1687 1091 aequinoctii
1701 1044 1773 1087 die,
1789 1047 1852 1080 aut

292 1102 337 1138 ab
353 1113 394 1139 eo
410 1102 571 1150 proximo
587 1103 793 1138 collocatam
807 1102 934 1146 fuisse,
949 1113 1062 1149 neque
1077 1113 1235 1148 unquam
1250 1102 1495 1144 antevertisse;
1518 1093 1621 1149 quod'
1634 1101 1727 1148 apud
1742 1100 1849 1137 Euse-

294 1160 390 1195 bium
404 1159 585 1208 perspieue
600 1159 784 1196 Anatolius
800 1160 940 1195 indicat.
978 1159 1212 1202 Quamobrem
1229 1159 1275 1202 si,
1291 1162 1332 1194 nt
1347 1158 1526 1206 Scaliger-0
1541 1158 1850 1205 persuasissimum

250 1247 257 1254 .
292 1221 361 1260 est,
377 1215 590 1264 Calippicam
605 1217 786 1264 periodum
809 1221 844 1252 et
864 1217 909 1252 ab
930 1228 971 1252 eo
990 1217 1242 1264 praescriptam
1256 1216 1388 1252 lunaris
1405 1227 1446 1252 ac
1463 1216 1587 1252 solaris
1602 1215 1687 1253 anni
1699 1215 1850 1252 sormam

291 1274 446 1321 amplexi
461 1279 542 1310 sunt
556 1274 692 1317 Iudaei3
716 1274 882 1321 quoniam
903 1285 926 1310 a
941 1273 1084 1320 Galippo
1107 1274 1296 1309 solstitium
1320 1274 1506 1316 aestivum,
1527 1277 1568 1309 ut
1585 1273 1679 1309 idem
1693 1273 1851 1319 Scaliger

293 1332 410 1374 docet,
426 1332 654 1368 constitutum
669 1335 722 1367 est
737 1332 828 1367 Iunii
843 1343 963 1375 xxvu.,
987 1343 1032 1366 ex
1048 1342 1090 1366 ea
1105 1331 1238 1366 ratione
1254 1341 1400 1366 vernum
1415 1331 1692 1377 aequinoctium,
1715 1330 1747 1366 si
1761 1330 1851 1367 sola·

293 1389 340 1424 ris
357 1389 552 1425 anomaliae
567 1389 738 1424 rationem
749 1388 940 1424 habeamus
949 1415 957 1431 ,
974 1389 1137 1424 convenit
1150 1389 1188 1424 in
1202 1388 1320 1424 Martii
1331 1400 1438 1431 xxvi„
1454 1387 1519 1423 hoc
1536 1390 1590 1423 est
1604 1387 1726 1423 diebus
1741 1387 1851 1428 ferme

295 1457 450 1489 cccxxx„
473 1445 566 1482 horis
583 1459 645 1482 xrx
666 1450 748 1492 post
763 1446 963 1482 solstitium.
1011 1446 1082 1481 Aut
1094 1449 1134 1481 ut
1148 1445 1294 1481 Iudaeos
1311 1445 1552 1481 existimemus
1568 1445 1779 1491 quadrantes
1793 1444 1851 1480 Iu·

292 1504 403 1540 lianos
427 1503 599 1540 duntaxat
623 1503 841 1546 observasse,
874 1514 915 1538 ac
938 1514 1000 1550 per
1022 1502 1168 1539 totidem
1189 1501 1374 1549 Tekuphas
1399 1501 1646 1549 quadrifariam
1669 1501 1850 1548 Sosigenis

293 1572 424 1597 annum
435 1571 514 1596 esse
524 1561 670 1608 partitos
679 1587 688 1604 ,
705 1564 786 1608 post
796 1561 967 1596 lulianam
979 1560 1167 1596 editionem
1175 1586 1184 1603 ,
1200 1560 1238 1596 in
1252 1560 1371 1596 Martii
1382 1571 1508 1596 xxvm.
1524 1559 1618 1595 idem
1631 1558 1718 1595 illud
1733 1558 1851 1605 aequi-

294 1618 446 1654 noctium
460 1618 658 1664 quadrabit,
673 1618 796 1654 diebus
807 1621 888 1664 post
899 1617 1071 1654 aestivum
1084 1618 1271 1653 solstitium
1284 1626 1463 1660 conxxirr,
1479 1615 1574 1652 horis
1586 1627 1679 1659 xxu,
1694 1615 1750 1652 30.
1774 1615 1850 1658 Quo

294 1675 433 1721 quidem
450 1675 503 1711 die
520 1675 698 1722 Calippica
712 1675 826 1711 forma
848 1675 1002 1711 defixum
1025 1675 1236 1721 aequinoctii
1257 1674 1432 1711 cardinem
1452 1677 1618 1720 perpetuo
1639 1673 1779 1717 retinet,
1801 1673 1853 1709 ita

293 1736 333 1768 ut
346 1732 444 1768 nulla
459 1732 688 1780 προέμπτωσις
704 1737 808 1779 atque
823 1733 862 1768 in
877 1733 1051 1768 anteriora
1065 1732 1214 1768 recessio
1231 1732 1427 1778 contingat,
1444 1730 1584 1767 tametsi
1598 1740 1720 1766 revera
1734 1730 1854 1777 aequi·-

294 1790 449 1826 noctium
466 1790 613 1826 coeleste
629 1790 798 1836 paulatim
814 1788 1029 1836 Calippicam
1044 1788 1212 1836 epocham
1227 1789 1400 1835 relinquat
1415 1799 1456 1823 eo
1473 1798 1645 1824 annorum
1658 1787 1852 1832 intervallo,

295 1846 387 1894 quod
403 1858 447 1883 ex
462 1848 587 1895 tropici
603 1847 685 1883 anni
700 1846 901 1882 definitione
916 1846 1053 1893 pendet.
1100 1846 1212 1889 Quare
1227 1846 1381 1882 Anatolii
1400 1845 1558 1888 saeculo,
1579 1843 1752 1891 flagrante
1773 1854 1852 1881 cum

296 1904 448 1940 maxime
464 1903 639 1951 paschatis
656 1905 905 1946 controversia,
927 1904 1080 1939 medium
1103 1904 1362 1950 aequinoctium
1379 1902 1527 1939 affixum
1543 1906 1597 1938 est
1611 1913 1658 1939 xr-
1670 1901 1748 1939 Kai.
1758 1901 1852 1949 Apa,

296 1962 367 1997 sive
380 1961 497 1997 Martii
510 1973 595 1997 xxu.
626 1961 817 1996 Nicaenum
829 1973 910 1997 vero
924 1961 1109 1997 concilium
1124 1961 1161 1996 in
1177 1973 1239 1997 111.
1252 1961 1341 2003 Kal„
1356 1959 1422 1995 hoc
1439 1963 1492 1995 est
1506 1971 1578 1995 xxx.
1591 1959 1724 2002 Martii,
1740 1962 1852 1994 trans-

293 2017 382 2054 tulit.
428 2016 504 2060 Quo
528 2028 572 2053 ex
597 2021 751 2064 tempore
775 2018 893 2054 citima
915 2018 1099 2053 neomenia
1120 2016 1293 2064 paschalis
1313 2016 1425 2052 haesit
1446 2017 1482 2052 in
1498 2027 1574 2053 vm.
1595 2014 1670 2052 Eid.
1694 2013 1851 2059 Martias,

296 2075 356 2122 qui
372 2078 425 2110 est
439 2084 548 2122 aeque
563 2074 694 2110 mensis
712 2079 871 2117 octavus,
893 2075 1012 2110 citima
1027 2085 1108 2110 vero
1123 2073 1382 2121 quartadecima
1397 2073 1432 2109 in
1448 2085 1533 2115 xxx„
1554 2072 1628 2108 sive
1642 2068 1718 2119 ipso
1734 2073 1852 2120 aequi-

296 2132 403 2169 noctii
419 2132 484 2168 die.
515 2132 561 2168 At
574 2131 780 2167 ludaeorum
801 2132 920 2167 citima
939 2130 1114 2178 paschalis
1137 2131 1337 2174 neomenia,
1359 2130 1406 2173 si,
1428 2134 1468 2166 ut
1482 2129 1640 2176 Scaliger
1655 2129 1851 2174 arbitratur,

296 2189 511 2236 Galippicum
533 2189 616 2226 anni
637 2188 781 2225 modum
804 2188 915 2224 tribus
945 2192 1026 2224 ante
1050 2187 1226 2224 Christum
1251 2187 1324 2224 tere
1351 2186 1500 2223 saeculis
1528 2187 1788 2233 usurpaverint,
1813 2187 1852 2224 in

295 2246 413 2284 Martii
429 2257 505 2283 ani.
517 2245 573 2282 die
588 2246 780 2283 constiterit
796 2249 947 2293 oportet3
963 2245 1060 2282 cuius
1073 2245 1333 2292 decimaquarta
1342 2244 1379 2280 iu
1390 2244 1506 2291 ipsum
1519 2243 1629 2280 civilis
1642 2244 1853 2291 aequinoctii

298 2302 464 2350 Calippici
479 2303 666 2340 terminum
682 2303 834 2346 caderet,
858 2314 984 2350 nempe
1006 2302 1043 2339 in
1065 2314 1160 2339 xxvi.
1173 2302 1300 2339 Martii.
1346 2301 1400 2337 Ex
1416 2312 1484 2349 quo
1499 2300 1632 2337 tactum
1649 2305 1704 2336 est
1718 2304 1758 2338 ut
1772 2312 1852 2339 cum

298 2360 395 2407 cyclo
411 2358 562 2397 Nicaeae
581 2372 664 2404 xxx„
688 2361 748 2408 qui
763 2364 839 2396 erat
853 2359 1012 2396 Iudaicus
1029 2371 1113 2403 ιη,
1129 2359 1313 2396 neomenia
1328 2357 1506 2406 Oulippica
1520 2357 1648 2399 civilis.
1670 2358 1787 2395 Martii
1800 2370 1849 2396 rx.

298 2421 518 2465 competeret,
535 2417 791 2465 decimaquarta
802 2428 884 2453 vero
896 2417 1062 2453 vicesimo
1078 2416 1241 2459 secundo,
1257 2419 1337 2452 aute
1350 2414 1565 2463 Calippicum
1581 2415 1851 2461 aequinoctium,

299 2475 454 2522 adeoque
469 2474 600 2512 mensis
616 2475 680 2511 iste
697 2474 789 2511 Adai·
805 2477 915 2517 esset,
938 2473 1047 2510 Nisau
1063 2473 1222 2510 Iudaicus
1237 2471 1458 2510 neomeniam
1472 2469 1630 2509 habuerit
1645 2472 1682 2508 in
1697 2483 1772 2509 vru-
1788 2472 1851 2510 eir·

298 2533 382 2568 citer
398 2532 542 2580 Aprilis,
563 2535 655 2568 certe
671 2532 707 2568 in
724 2531 887 2568 Martium
903 2530 1085 2568 convenire
1101 2530 1243 2567 minime
1260 2529 1419 2577 potuerit.
1465 2527 1562 2571 Quod
1578 2528 1670 2564 idem
1686 2533 1721 2565 et
1736 2529 1778 2565 de
1793 2540 1851 2576 cy·

300 2590 352 2626 clo
370 2599 444 2627 vrn.
460 2588 526 2625 dici
543 2598 684 2626 necesse
701 2593 764 2625 est.
795 2587 870 2631 Quo
888 2590 1064 2631 currente,
1080 2598 1120 2623 ac
1135 2586 1273 2624 ludaico
1287 2599 1331 2630 v.,
1347 2585 1530 2623 neomenia
1545 2583 1722 2633 Calippica
1735 2586 1852 2623 Martii

299 2647 431 2682 mensis
453 2645 586 2682 declino
611 2646 665 2682 die
689 2645 845 2692 contigit.
893 2644 1042 2692 Ideoque
1059 2644 1166 2681 Nisan
1186 2644 1223 2680 in
1242 2654 1373 2680 uenum
1387 2642 1514 2690 Aprilis
1529 2642 1760 2679 traducendus
1774 2642 1850 2679 fait.

300 2704 451 2750 Apparet
474 2713 556 2750 ergo
581 2702 628 2746 si,
653 2702 744 2750 quod
765 2702 922 2748 Scaliger
944 2701 1110 2745 defendit,
1134 2700 1345 2747 Calippicaui
1363 2699 1539 2747 periodum
1556 2699 1665 2735 tribus
1681 2700 1753 2735 i'ere
1770 2703 1850 2736 aute

301 2759 474 2796 Christum
490 2759 636 2796 saeculis
660 2760 821 2802 ascitam,
845 2758 988 2795 totidem
1009 2759 1080 2795 sere
1102 2762 1182 2806 post
1196 2757 1350 2794 eiusdem
1366 2756 1563 2804 passionem
1579 2757 1781 2792 retinuerint
1795 2756 1850 2793 Iu-

301 2816 395 2860 daei,
419 2817 550 2853 nullam
571 2816 606 2853 in
628 2816 766 2853 illorum
783 2816 964 2853 neomenia
981 2815 1210 2863 προέμπτωσιν
1227 2814 1405 2857 incidisse,
1427 2823 1468 2849 ac
1490 2817 1625 2849 tautum
1649 2813 1788 2857 abesse,
1812 2818 1851 2850 ut

302 2874 437 2910 illorum
456 2873 608 2910 decimae
625 2878 767 2921 quartae
785 2871 962 2920 paschales
979 2872 1235 2919 aequinoctium
1253 2869 1513 2913 anteverterint,
1538 2874 1576 2905 ut
1597 2870 1710 2917 ipsum
1734 2871 1849 2918 potius

304 2930 557 2978 aequinoctium
575 2927 656 2965 κατὰ
673 2931 852 2976 προήγησιν
869 2930 1021 2977 τροπικὸν
1046 2930 1090 2965 ab
1113 2929 1181 2965 illis
1204 2927 1397 2970 recesserit,
1421 2937 1509 2973 quae
1527 2925 1609 2961 κατὰ
1626 2926 1849 2974 pardis-mmm

304 2986 560 3035 aequinoctium
576 2987 741 3034 paulatim
759 2986 940 3032 quatriduo
958 2990 1110 3023 moratae
1128 2985 1207 3023 siut.
1232 2985 1284 3022 lta
1299 2983 1526 3022 leuissimum
1542 2989 1593 3020 est
1611 2985 1707 3031 cyclo
1724 2995 1797 3022 xxx.
1814 2988 1850 3021 et
