2008 3294
319 221 509 261 CCLXXII

318 329 360 363 de
376 320 471 364 omni
486 328 591 362 etiam
607 326 812 373 antiquitate
827 331 862 362 et
872 325 1017 362 historia
1026 327 1116 362 bene
1131 325 1286 361 merendi
1301 325 1540 372 opportunitas
1550 325 1618 362 hoc
1633 327 1670 362 in
1681 327 1758 362 loco
1772 332 1870 374 prae-

317 385 428 426 betur,
443 385 504 419 ubi
519 384 561 418 de
574 384 757 429 Ancyrana
772 394 813 418 ac
826 380 1007 419 Sirmiensi
1017 383 1306 430 pseudosynodis,
1323 383 1469 429 aliisque
1482 383 1779 419 semiarianorum
1790 394 1871 419 con-

317 442 497 477 venticulis
512 441 639 487 agitur.
672 440 826 482 Quorum
849 444 928 476 acta
948 445 983 476 et
996 445 1153 488 tempora
1169 441 1217 475 sic
1235 439 1328 486 apud
1343 443 1476 476 veteres
1490 441 1631 488 perinde
1648 451 1689 475 ac
1704 441 1872 476 recentio-

317 510 372 533 res
396 498 543 534 confusa
562 497 832 544 perturbataque
852 502 949 542 sunt,
970 499 1068 533 nulla
1089 502 1128 533 ut
1148 498 1312 533 historiae
1333 508 1412 544 pars
1434 498 1601 545 impedita
1619 494 1791 544 magisne
1808 497 1872 533 dif-

317 555 418 590 ficilis
434 559 608 602 appareat.
653 555 777 589 Dicam
798 566 870 589 non
892 555 1077 590 iactantiae
1101 566 1242 597 caussa,
1267 554 1328 592 sed
1350 558 1390 590 ut
1411 555 1536 590 eruditi
1558 555 1696 590 lectoris
1717 555 1872 590 studium

317 613 485 655 excitem,
505 612 666 647 fortassis
689 611 871 655 audacius,
895 613 938 647 ab
954 611 1034 648 hinc
1049 613 1142 647 mille
1160 623 1200 646 ac
1217 611 1374 647 ducentis
1390 611 1640 659 propemodum
1655 612 1758 647 annis
1770 611 1873 658 liqui-

318 669 398 704 dam
413 680 454 704 ac
468 670 640 704 sinceram
655 669 794 704 illorum
810 669 983 704 rationem
997 670 1194 716 ignoratam
1209 669 1348 704 fuissse.
1394 669 1492 711 Quod
1514 669 1583 704 nisi
1598 669 1802 704 certissimis
1819 678 1872 703 ar-

317 727 494 773 gumentis
507 726 712 772 indiciisque
727 729 982 770 monstravero,
1004 726 1091 762 nihil
1106 738 1172 773 ego
1189 726 1409 773 deprecabor,
1426 727 1510 773 quin
1524 726 1560 761 id
1574 726 1763 762 vanissime
1779 737 1802 760 a
1815 737 1872 761 me

317 783 446 819 dictum
463 795 584 819 omnes
600 784 820 819 arbitrentur.
842 783 1038 830 Proponam
1052 785 1159 830 igitur
1173 784 1344 830 imprimis
1358 783 1647 830 quemadmodum
1660 783 1704 819 ab
1720 783 1872 830 antiquis

316 839 488 876 historicis
505 851 547 875 ea
560 841 764 884 referantur,
779 844 855 876 tum
872 841 954 887 quid
970 852 992 876 a
1007 842 1256 876 recentioribus
1271 841 1461 876 memoriae
1475 840 1651 888 proditum
1667 841 1729 884 sit,
1745 843 1785 876 nt
1799 850 1873 876 am·

317 898 442 934 borum
455 898 609 933 falsitate
623 897 782 933 convicta
795 898 923 933 veritas
938 898 1016 944 ipsa
1032 909 1054 932 a
1069 899 1138 934 situ
1154 902 1188 933 et
1204 898 1416 934 obscuritate
1430 898 1634 933 vindicetur.

317 1047 376 1083 DE
405 1046 636 1083 SIRMIENSI
662 1046 720 1082 ET
743 1047 989 1083 ANCYRANA
1018 1029 1377 1083 PSEUDOSYNODO
1405 1044 1613 1090 ALIISQUE
1641 1046 1873 1083 SEMIARIA-

316 1104 480 1140 NORUM
500 1103 650 1148 AGTIS,
677 1103 915 1148 SOORATIS,
945 1104 1176 1141 SOZOMENI
1205 1103 1603 1146 GAETERORUMQUE
1631 1103 1873 1140 NARRA'rIo.

407 1184 476 1220 Ubi
490 1196 528 1220 se
541 1185 669 1220 Ariana
683 1185 828 1232 perfidia
842 1185 879 1220 in
895 1185 1015 1221 orbern
1028 1184 1262 1220 Christianum
1277 1183 1407 1228 effudit,
1424 1185 1534 1220 scissa
1550 1187 1603 1220 est
1613 1184 1729 1220 varias
1743 1184 1782 1220 in
1794 1193 1873 1231 par·

316 1246 387 1286 tes,
411 1253 451 1277 ac
472 1242 717 1289 multiplicium
739 1246 914 1278 sectarum
936 1246 972 1278 et
985 1242 1178 1278 factionum
1194 1245 1277 1277 sunt
1290 1245 1376 1277 nata
1391 1242 1547 1278 divortia.
1593 1241 1639 1277 Ut
1661 1241 1703 1277 de
1726 1241 1872 1277 caeteris

316 1299 420 1335 modo
431 1303 576 1343 taceam,
590 1300 740 1346 insignis
751 1299 972 1346 potissimum
983 1299 1050 1334 fuit
1060 1298 1198 1334 Photini
1210 1298 1409 1334 Sirmiensis
1423 1299 1596 1346 impietas,
1612 1298 1673 1346 qui
1685 1298 1827 1334 Sabellii
1839 1302 1874 1334 et

275 1382 282 1390 .
316 1357 536 1403 Samosateni
545 1356 710 1403 dogmata
720 1357 792 1391 iam
804 1357 887 1392 olim
897 1356 1061 1391 damnata
1070 1356 1178 1402 longo
1191 1356 1372 1391 intervallo
1385 1356 1572 1393 renovavit.
1594 1355 1702 1392 Cuius
1713 1355 1872 1391 haeresin

317 1414 437 1449 ordine
451 1426 507 1449 nx.
523 1415 642 1461 posuit
658 1424 698 1448 ac
713 1413 876 1448 refutavit
886 1412 1111 1460 Epiphanius.
1136 1413 1234 1448 Hunc
1251 1416 1290 1448 ut
1305 1413 1539 1460 opprimerent
1549 1413 1670 1448 Ariani
1684 1423 1725 1448 ac
1739 1417 1872 1449 tantam

316 1482 338 1506 a
353 1482 390 1506 se
403 1471 570 1507 invidiam
585 1471 883 1518 ignominiamque
899 1471 1126 1518 depellerent,
1148 1471 1268 1517 utique
1284 1481 1322 1506 se
1337 1469 1479 1506 tandem
1498 1469 1685 1506 catholicos
1701 1466 1778 1506 fisse
1793 1480 1873 1517 pro-

315 1528 506 1571 fiterentur,
523 1528 718 1564 Constantii
732 1529 852 1575 imper.
868 1528 967 1563 iussu
983 1527 1166 1570 Sirmium,
1183 1537 1271 1574 quae
1287 1526 1370 1563 urbs
1387 1531 1441 1563 est
1454 1527 1671 1571 Pannoniae,
1688 1527 1871 1563 orientales

316 1590 549 1622 convocantur
575 1586 747 1633 episcopi,
775 1585 1068 1632 quemadmodum
1095 1585 1256 1620 Socrates
1282 1585 1343 1622 lib.
1362 1596 1398 1620 n.
1423 1595 1496 1632 cap.
1520 1596 1632 1629 xxm„
1658 1584 1875 1621 Sozomenus·

316 1643 375 1678 lib.
388 1655 435 1680 ιν.
451 1655 527 1691 cap.
538 1656 572 1678 v.
593 1643 721 1690 aliique
743 1646 897 1678 narrant.
946 1642 1046 1685 Quod
1068 1642 1173 1678 iidem
1197 1641 1386 1689 contigisse
1407 1642 1529 1678 volunt
1549 1645 1631 1689 post
1652 1643 1872 1678 consulatum
1903 1665 1906 1669 -

317 1700 432 1747 Sergii
447 1704 483 1735 et
496 1700 672 1747 Nigriani,
697 1700 758 1747 qui
780 1704 836 1735 est
849 1711 962 1736 annus
979 1698 1105 1736 Christi
1122 1709 1240 1736 occu.
1271 1698 1410 1735 Affuere
1425 1698 1559 1745 synodo
1574 1698 1745 1746 imprimis
1761 1699 1872 1735 orion»

316 1758 404 1793 tales
425 1758 580 1805 episcopi
594 1758 736 1793 Marcus
752 1756 973 1800 Arethusins,
996 1756 1170 1804 Georgius
1185 1756 1432 1800 Alexandriae,
1455 1755 1607 1792 Basilius
1623 1757 1780 1803 Ancyrae
1800 1755 1874 1804 epi-

316 1815 432 1862 scopi,
447 1814 649 1850 Pancratius
666 1815 808 1857 Pelusii,
824 1814 1042 1862 Hypatianus
1058 1814 1256 1850 Heracleae.
1298 1812 1352 1849 Ex
1368 1813 1638 1849 occidentalibus
1653 1823 1735 1850 vero
1751 1813 1873 1849 eadem

315 1871 453 1907 iniectis
467 1872 546 1907 labe
558 1872 687 1907 Valens
703 1872 903 1907 Marsorum
918 1872 1112 1918 episcopus,
1128 1882 1192 1907 nec
1208 1882 1281 1907 non
1297 1874 1332 1906 et
1344 1870 1447 1906 Osius
1459 1870 1691 1907 Cordubensis
1707 1870 1872 1907 ecclesiae

317 1928 506 1964 catholicae
520 1939 582 1975 per
597 1929 658 1964 illa
674 1932 832 1976 tempora
847 1929 1026 1972 columen,
1043 1929 1104 1975 qui
1119 1939 1160 1964 eo
1176 1929 1257 1964 licet
1271 1928 1399 1964 invitus
1416 1928 1571 1964 accessit.
1595 1927 1635 1964 In
1647 1926 1712 1964 hoe
1723 1926 1870 1963 concilio

317 1984 547 2021 condemnato
562 1985 708 2022 Photino
723 1986 851 2032 triplex
867 1986 960 2021 edita
974 1989 1027 2021 est
1049 1986 1094 2021 ab
1109 1985 1247 2020 Arianis
1269 1985 1351 2021 fidei
1370 1985 1536 2021 formulae
1560 1985 1674 2032 prima
1697 1983 1831 2021 Graece
1851 1991 1873 2020 a

316 2043 435 2078 Marco
458 2042 641 2079 Arethusic
665 2047 849 2089 concepta,
874 2053 980 2090 quam
1004 2042 1165 2078 Socrates
1189 2052 1263 2089 cap.
1280 2053 1373 2085 xxv„
1396 2046 1432 2078 et
1454 2046 1535 2078 ante
1558 2052 1639 2079 eum
1659 2040 1871 2088 ¹Athanasius

317 2100 405 2136 libro
422 2099 463 2135 de
479 2099 630 2146 Synodis
649 2099 779 2136 Graece
802 2099 972 2142 referunt,
993 2098 1116 2134 Latine
1131 2109 1212 2134 vero
1235 2099 1386 2135 Hilarius
1405 2099 1493 2135 libro
1510 2099 1551 2135 de
1567 2098 1728 2145 Synodis.
1773 2097 1871 2134 Duae

317 2158 406 2193 aliae
421 2157 566 2193 Latinae
582 2162 680 2199 sunt,
705 2166 852 2203 quarum
874 2156 988 2203 prima
1007 2166 1028 2191 a
1044 2155 1187 2191 Socrate
1203 2159 1238 2190 et
1253 2155 1443 2192 Athanasio
1458 2155 1583 2192 iisdem
1598 2155 1684 2191 locis
1700 2154 1872 2204 descripta

317 2215 522 2257 continetur,
537 2220 764 2262 postremam,
782 2223 871 2260 quae
886 2214 922 2249 in
935 2213 1143 2249 Ariminensi
1155 2212 1288 2259 synodo
1305 2212 1498 2248 aValenter
1510 2212 1637 2248 ecitata
1647 2211 1871 2261 postmodum

317 2277 371 2307 est
392 2276 427 2307 et
449 2283 470 2307 a
485 2270 665 2308 catholicis
681 2271 822 2314 reiecta,
844 2269 950 2306 habet
965 2269 1124 2306 Socrates
1141 2280 1217 2317 cap.
1229 2281 1338 2313 mx„
1359 2269 1519 2306 meminit
1533 2272 1568 2305 et
1582 2268 1794 2306 Athanasius
1808 2263 1868 2308 lib.

317 2330 359 2365 de
374 2329 537 2376 Synodis.
579 2328 677 2365 Duae
692 2328 810 2375 itaque
824 2332 898 2364 tum
914 2326 1083 2364 formulae
1100 2327 1218 2363 Sirmii
1233 2327 1473 2374 promulgatae
1487 2330 1581 2364 sunt.
1628 2326 1718 2363 Nam
1733 2327 1870 2364 tertiam

317 2387 462 2422 Arimini
478 2390 600 2434 postea
616 2385 846 2433 publicarunt.
892 2384 930 2420 In
953 2384 1073 2420 eadem
1093 2384 1227 2431 synodo
1243 2383 1395 2420 Basilius
1410 2384 1614 2431 Aneyranus
1631 2394 1710 2420 cum
1725 2383 1870 2422 Photino

317 2455 435 2480 coram
449 2444 657 2491 imperatore
672 2452 879 2489 congressus
899 2446 969 2486 est,
993 2442 1092 2477 cuius
1114 2440 1358 2489 disputationis
1379 2439 1589 2478 mentionem
1612 2440 1649 2476 in
1664 2438 1871 2478 photiniana

317 2501 450 2537 haeresi
464 2500 549 2538 iacit
563 2499 787 2548 Epiphanius.
812 2499 938 2535 Hosius
953 2509 1035 2536 vero
1052 2498 1111 2534 diu
1127 2509 1207 2534 cum
1225 2498 1428 2534 Arianorum
1445 2496 1590 2546 perfidia
1605 2500 1640 2533 et
1654 2497 1869 2546 imperatoris

318 2557 519 2594 crudelitate
540 2559 692 2593 luctatus
715 2566 756 2592 ac
779 2555 961 2592 dirissimis
976 2556 1158 2592 tormentis
1175 2554 1458 2599 excarnificatus,
1477 2558 1654 2603 postremo
1675 2553 1787 2591 eidem
1805 2554 1869 2591 im-

318 2615 436 2663 pietati
452 2614 667 2662 subscripsit.
709 2613 908 2649 Secnndum
924 2612 1010 2649 haec
1027 2611 1250 2649 Constantius
1267 2613 1381 2649 occiso
1397 2611 1616 2659 Magnentio,
1633 2612 1731 2647 cuius
1747 2611 1869 2648 caedes

318 2671 520 2708 Constantio
533 2683 579 2708 vr.
595 2676 630 2707 et
647 2670 747 2707 Gallo
764 2682 802 2707 n.
821 2681 922 2714 coss„
938 2670 998 2718 qui
1014 2674 1067 2707 est
1083 2679 1195 2706 annus
1213 2679 1368 2714 cocum,
1386 2668 1526 2713 accidit,
1543 2677 1582 2704 ac
1597 2668 1738 2716 reliquis
1753 2673 1868 2716 tyran-

320 2729 371 2764 nis
387 2730 584 2765 felicissime
599 2728 805 2775 compressis
821 2732 880 2763 aut
895 2727 1075 2771 extinctis,
1098 2726 1198 2763 Gallo
1221 2727 1365 2774 insuper
1379 2729 1518 2770 necato,
1541 2724 1744 2762 Constantio
1757 2737 1818 2763 vri.
1835 2730 1869 2762 et

320 2785 419 2821 Gallo
436 2798 487 2822 m.
511 2796 599 2822 coss.
623 2795 714 2821 anno
731 2794 885 2827 cccnrv„
910 2785 1050 2820 demum
1066 2784 1252 2820 Arbetione
1276 2787 1311 2819 et
1328 2782 1484 2820 Lolliano
1508 2793 1596 2820 coss.
1623 2793 1714 2819 anno
1739 2792 1865 2820 cocnv.

319 2842 463 2879 nomam
481 2849 519 2878 ut
533 2842 760 2890 triumpharet
774 2842 948 2890 proiectus
964 2841 1151 2878 Mediolani
1163 2840 1335 2888 synodum
1347 2840 1442 2888 cogit
1453 2839 1617 2877 adversus
1625 2838 1864 2878 Athanasium.

318 2899 382 2935 Cui
405 2909 483 2935 cum
500 2901 665 2936 acerrime
686 2900 941 2946 refragarentur
961 2897 1122 2935 catholici
1141 2897 1312 2946 episcopi,
1333 2897 1534 2946 praesertim
1550 2896 1719 2933 Eusebius
1731 2896 1866 2935 Vercel-

318 2956 434 2999 tenu.
452 2955 637 3002 Dionysius
652 2956 933 3000 Mediolanensis,
950 2955 1114 2992 Paulinus
1130 2955 1360 2998 Treverensis,
1380 2952 1517 2990 Lucifer
1533 2954 1760 3000 Calaritanus,
1781 2961 1866 3002 exu-

318 3014 390 3050 lare
405 3013 491 3050 iussi
507 3018 597 3049 sunt.
641 3012 769 3049 Eodem
786 3024 877 3049 anno
894 3017 929 3050 et
945 3012 1101 3049 Liberius
1118 3012 1295 3048 Romanus
1311 3010 1488 3054 Pontifex,
1512 3012 1572 3058 qui
1587 3011 1674 3048 Iulio
1691 3017 1866 3048 success&

319 3075 387 3113 rat,
410 3069 501 3118 qaod
519 3068 743 3106 Athanasium
761 3068 991 3106 condemnare
1004 3069 1128 3112 nollet,
1150 3069 1324 3114 relegatas
1340 3071 1408 3109 est,
1431 3073 1470 3104 ut
1490 3068 1595 3105 iidem
1617 3067 1770 3106 historici
1785 3079 1864 3106 cum
