2008 3294
174 1132 201 1158 p.
216 1125 273 1151 113.

303 219 363 255 CII

303 323 379 365 Quo
402 322 459 366 fit,
481 325 521 357 ut
541 322 571 356 si
591 324 683 356 retro
706 320 871 367 progredi
883 320 1052 364 volueris,
1073 331 1186 355 annus
1208 320 1341 366 primus
1365 321 1454 366 cycli
1467 321 1673 367 Dionysiani
1695 321 1854 367 proxime

303 379 551 415 incarnationis
567 389 609 413 ac
623 377 817 412 nativitatis
833 388 964 413 annum
978 378 1172 424 praecedat.
1196 377 1294 412 Idem
1307 377 1344 412 in
1357 376 1527 424 Computo
1544 389 1619 425 cap.
1633 390 1717 413 xvir.
1731 378 1856 425 repetit

302 437 417 479 Beda,
434 439 469 470 et
484 447 527 470 ne
545 446 614 481 qua
630 434 797 470 dubitatio
813 435 925 481 possit
940 446 1017 470 esse
1027 462 1036 479 ,
1052 439 1164 470 certos
1181 433 1396 470 characteres
1412 435 1521 478 addit,
1539 436 1666 482 quibus
1682 435 1854 470 secundus

304 495 361 528 ille
377 505 490 528 annus
505 493 593 539 cycli
606 492 650 527 ab
667 492 744 527 aliis
761 491 974 527 discernitur.
1005 492 1122 528 Veluti
1137 491 1230 538 quod
1246 495 1385 538 epactas
1399 491 1559 528 habuerit
1573 505 1628 535 ιι,
1651 502 1855 527 concurren-

305 555 357 585 tes
373 563 406 593 v,
421 551 505 585 luna
519 550 603 585 item
619 561 690 584 xiv.
705 549 742 584 in
758 561 833 586 vm.
844 549 921 584 Kal.
935 549 1016 596 Apr.
1027 576 1036 593 ,
1053 549 1226 584 dominica
1239 559 1321 584 vero
1336 549 1510 596 paschalis
1526 549 1757 596 v1.Kal.Apr.,
1773 550 1857 584 luna

304 620 376 643 xvr.
408 607 471 642 Est
485 607 579 642 enim
592 606 649 641 hic
665 617 778 642 annus
794 617 894 642 aerae
910 607 1103 642 communis
1119 606 1269 652 primus,
1290 606 1388 652 cyclo
1405 607 1488 642 solis
1504 619 1557 650 x.,
1579 608 1682 642 lunae
1700 618 1754 650 11.,
1777 617 1856 653 epa-

305 668 380 699 ctae
395 677 464 707 xr.,
480 667 722 700 concurrentes
738 676 772 699 v.
801 663 1027 699 Novilunium
1041 663 1194 698 medium
1214 675 1260 698 ex
1275 663 1415 700 Frisicis
1429 665 1569 700 Mulleri
1583 663 1724 699 Tabulis
1740 663 1858 698 Martii

304 733 381 757 xm.
397 721 483 756 hora
498 722 530 764 7,
546 721 601 764 59,
617 720 673 765 39,
687 721 872 768 Ρο01-.310(1
887 724 1040 764 noctem,
1063 721 1148 756 luna
1162 733 1250 764 xrv„
1272 721 1391 756 Martii
1405 733 1517 759 xxv-1:
1540 722 1601 756 sed
1618 722 1662 756 ob
1678 720 1857 768 προήγησιν

305 779 466 814 Nicaenis
482 779 715 825 temporibus,
729 778 774 813 ad
789 789 877 825 quae
889 778 1078 824 Dionysius
1095 778 1232 824 cyclum
1244 789 1347 813 suum
1362 778 1496 825 dirigit,
1511 778 1728 814 novilunium
1742 777 1861 813 Martii

305 836 497 878 ι11.,111113
507 847 596 878 xrv.,
618 835 735 871 Martii
749 847 848 879 xxv„
871 836 943 871 sive
959 847 1034 872 vm.
1049 835 1125 870 Kal.
1139 835 1238 882 Apr.,
1260 835 1310 870 lit.
1326 835 1488 871 domimo.
1507 835 1549 872 B.
1579 835 1727 871 Proinde
1741 835 1859 870 Martii

306 905 416 929 xxvn.
435 893 619 930 dominica.
642 893 732 929 Hinc
747 895 801 928 est
815 893 924 939 quod,
941 896 981 927 111
995 892 1115 928 scribit
1124 892 1238 936 Beda,
1254 893 1444 939 Dionysius
1456 893 1500 928 ad
1512 891 1715 928 methodum
1727 892 1859 928 decem·

306 950 510 986 novennalis
525 950 627 985 annis
643 949 775 986 domini
799 961 906 985 unum
927 949 1030 985 adiici
1050 950 1164 994 iubet,
1186 952 1387 996 siqmjficans
1402 951 1462 984 illo
1479 953 1661 990 incarnato
1676 961 1775 984 unum
1791 952 1859 984 cir-

308 1008 378 1041 culi
389 1009 698 1043 decemnovennalis
713 1020 834 1042 annum
851 1010 922 1042 iam
927 1010 1040 1054 fuisse
1056 1008 1264 1054 completum.
1289 1006 1422 1049 Quibus
1439 1019 1483 1042 ex
1499 1007 1616 1042 Beda-e
1632 1006 1861 1053 Dionysiique

306 1065 420 1100 verbis
443 1065 605 1100 vitiosam
625 1065 919 1111 Dionysianorum
942 1065 1119 1111 cyclorum
1141 1063 1408 1111 descriptionem
1428 1075 1504 1099 esse
1526 1067 1636 1111 patet,
1658 1074 1748 1111 quae
1769 1063 1861 1110 apud

309 1122 458 1157 eundem
473 1121 606 1158 Bedam
620 1125 715 1158 tomo
731 1135 757 1159 1.
773 1122 954 1169 reperitur.
991 1121 1045 1157 Ibi
1067 1121 1162 1156 enim
1183 1133 1274 1156 anno
1297 1122 1408 1168 primo
1430 1122 1530 1157 litera
1543 1122 1572 1156 E
1593 1121 1745 1168 ponitur,
1769 1131 1861 1156 anno

308 1179 475 1223 secundo,
498 1179 548 1222 D,
564 1179 601 1216 C.
632 1179 739 1225 Atqui
754 1180 886 1226 primus
902 1189 1015 1214 annus
1032 1179 1121 1225 cycli
1135 1178 1342 1225 Dionysiani
1359 1179 1530 1214 bisextilis
1554 1182 1624 1222 est,
1645 1190 1718 1214 non
1738 1189 1861 1215 secun·

308 1237 388 1279 dus,
405 1237 465 1283 qui
480 1236 586 1272 habet
600 1237 735 1272 literam
751 1236 793 1279 Β,
809 1237 861 1272 uti
874 1237 969 1283 prior
983 1236 1026 1279 D,
1040 1235 1078 1272 C.
1103 1235 1184 1271 Ideo
1199 1236 1323 1272 merito
1338 1234 1436 1272 Beda
1452 1236 1602 1272 correxit
1617 1239 1652 1271 et
1665 1235 1863 1272 bisextilem

307 1294 397 1339 cycli
418 1294 569 1341 primum
592 1305 723 1329 annum
744 1305 821 1329 esse
836 1294 957 1329 voluit.
1005 1293 1212 1340 Quanquam
1236 1294 1406 1340 suspicari
1426 1294 1506 1329 licet
1521 1293 1728 1340 Dionysium
1750 1293 1862 1340 primo

308 1362 439 1386 annum
451 1352 604 1386 natalem
615 1352 652 1386 in
663 1351 805 1386 tertium
817 1350 955 1398 Olymp.
966 1361 1084 1387 cxciv.
1098 1351 1338 1386 coniicientem
1356 1354 1447 1387 recte
1466 1351 1651 1386 adnotasse
1662 1351 1862 1398 proximum

308 1409 408 1444 illum
424 1411 503 1443 ante
520 1409 718 1444 bisextilem
733 1408 859 1454 fuisse,
880 1408 981 1455 eique
1002 1411 1186 1455 propterea
1207 1408 1343 1444 literam
1358 1408 1386 1443 E
1402 1409 1580 1452 tribuisse,
1601 1412 1726 1455 postea
1746 1412 1864 1444 tamen

308 1465 559 1501 hallucinatum
581 1467 733 1501 natalem
757 1465 990 1501 summovisse
1012 1465 1049 1500 in
1065 1475 1197 1500 annum
1211 1478 1258 1501 xv.
1275 1465 1412 1512 Olymp.
1428 1466 1600 1509 eiusdem,
1622 1466 1678 1501 vel
1701 1469 1792 1501 certe
1815 1466 1863 1500 al·

308 1526 418 1558 teram
432 1523 628 1570 quempiam
644 1523 872 1570 adscripsisse
886 1523 1021 1558 literam
1031 1522 1076 1566 E,
1094 1533 1199 1569 quam
1214 1523 1398 1559 convenire
1414 1526 1535 1559 nosset
1549 1534 1640 1558 anno
1653 1535 1706 1559 111.
1725 1523 1862 1570 Olymp.

310 1590 444 1623 cxciv„
462 1580 518 1616 cui
533 1580 723 1627 Dionysius
738 1581 892 1616 natalem
908 1580 1167 1626 assignaverat,
1188 1591 1252 1616 nec
1269 1580 1456 1616 advertisse
1478 1581 1594 1616 minus
1615 1579 1681 1616 hoc
1702 1580 1746 1616 ad
1760 1591 1864 1616 suum

308 1638 507 1673 institutum
523 1638 702 1684 quadrare.
728 1638 910 1684 Utcunque
922 1649 1004 1672 vero
1022 1637 1198 1681 ceciderit,
1214 1649 1278 1673 nos
1295 1648 1412 1673 aeram
1423 1637 1674 1684 Dionysianam
1690 1649 1761 1673 uno
1777 1638 1865 1674 anti-

309 1696 466 1742 cipamus
483 1706 574 1730 anno
585 1723 594 1739 ,
610 1699 645 1731 et
660 1706 765 1742 quem
779 1695 838 1731 ille
853 1695 1101 1731 incarnationis
1118 1698 1153 1730 et
1167 1695 1356 1730 nativitatis
1373 1706 1505 1730 annum
1521 1706 1595 1730 esse
1607 1695 1732 1739 voluit,
1747 1695 1864 1742 proxi·

309 1764 406 1788 mum
429 1763 451 1787 a
473 1753 654 1788 nativitate
677 1753 921 1789 constituimus
944 1752 1037 1799 quod
1059 1751 1335 1800 imprudentibus
1356 1753 1458 1788 nobis
1475 1752 1639 1800 obrepsit.
1669 1751 1758 1788 Cum
1773 1752 1867 1788 enim

309 1810 457 1845 maiores
473 1811 583 1846 nostri
599 1821 710 1846 annos
727 1811 771 1846 ab
786 1810 1024 1846 incarnatione
1039 1813 1276 1853 numerarent,
1292 1813 1415 1857 postea
1428 1809 1562 1845 factum
1578 1813 1649 1853 est,
1671 1813 1711 1845 ut
1731 1810 1792 1856 qui
1805 1820 1866 1845 113-

310 1868 443 1903 tivitate
458 1868 575 1915 potius
590 1867 730 1903 initium
745 1871 899 1915 repetere
911 1867 1056 1911 vellent,
1072 1878 1201 1902 0111111ι
1215 1878 1355 1903 menses
1368 1865 1546 1903 detrahere
1560 1866 1742 1911 deberent,
1756 1867 1867 1904 tribus

311 1928 524 1960 antevertere
540 1925 742 1968 maluerint,
758 1929 792 1960 et
808 1925 852 1961 ab
869 1936 909 1960 eo
925 1924 1052 1968 natali,
1069 1925 1129 1971 qui
1143 1925 1390 1961 incarnationis
1406 1924 1574 1972 epocham
1586 1924 1775 1972 antecedit,
1795 1935 1868 1960 non

311 1983 355 2018 ab
372 1994 412 2017 eo
437 1983 497 2029 qui
519 1983 684 2029 sequitur,
706 1982 913 2018 numerandi
934 1982 1143 2030 principium
1166 1981 1340 2019 duxerint.
1371 1982 1528 2018 Tametsi
1538 1981 1795 2018 vetustissimus
1810 1981 1867 2017 hic

311 2051 404 2075 error
426 2043 479 2074 est
498 2039 653 2086 adeoque
675 2039 834 2086 Dionysii
854 2039 964 2086 ipsius
987 2050 1028 2075 ac
1044 2038 1170 2075 Bedae.
1201 2039 1290 2075 Hine
1309 2039 1371 2075 illa
1384 2039 1480 2075 velut
1500 2050 1545 2075 ex
1567 2038 1700 2086 tripode
1715 2050 1867 2086 pronun-

311 2097 403 2133 ciata
419 2097 606 2132 sententia:
640 2097 756 2132 Habet
770 2099 872 2139 enim,
889 2099 958 2131 nisi
962 2098 1088 2143 fallor,
1105 2097 1269 2132 ecclesiae
1276 2098 1384 2143 fides,
1409 2098 1575 2132 dominum
1590 2099 1628 2131 iu
1643 2107 1750 2131 carne
1757 2098 1867 2143 paulo

305 2156 387 2201 plus
399 2166 496 2202 quam
514 2166 627 2190 xxxin
645 2157 745 2189 annio
759 2166 862 2201 usque
877 2155 927 2189 ad
940 2166 1004 2189 aaa
1021 2156 1355 2200 temporapasst'om's
1370 2156 1508 2197 via-isse,
1525 2155 1607 2201 quia
1621 2154 1782 2196 videlicet
1794 2166 1867 2190 xxx

311 2214 595 2258 anrwrmnfieerit
613 2212 822 2258 baptizatus,
843 2214 933 2246 sicut
954 2212 1163 2257 evanqelista
1181 2210 1299 2246 Lucas
1323 2217 1475 2254 testatur,
1499 2217 1532 2246 et
1553 2217 1621 2246 tres
1640 2214 1740 2246 semis
1763 2223 1868 2247 annos

309 2275 388 2316 pose
400 2270 570 2315 baptisma
580 2270 853 2315 praedicaverit.
884 2268 977 2304 Haec
993 2268 1091 2304 Beda
1107 2278 1182 2316 cap.
1197 2267 1256 2304 illo
1273 2280 1381 2305 xrvn.
1413 2268 1510 2311 Quae
1529 2268 1559 2304 si
1576 2279 1619 2304 ex
1637 2268 1801 2304 ecclesiae
1830 2271 1870 2304 ut

312 2327 436 2362 asserit
450 2325 518 2362 fide
535 2326 672 2362 decreta
687 2326 772 2370 sint,
789 2325 875 2362 nihil
891 2336 1034 2361 caussae
1050 2329 1105 2361 est
1119 2326 1204 2373 quin
1219 2325 1294 2373 ipsa
1317 2329 1438 2362 contra
1459 2337 1680 2362 communem
1701 2326 1868 2362 ecclesiae

311 2384 417 2419 fidem
441 2383 579 2419 sentiat.
616 2383 752 2420 Etenim
773 2382 947 2419 Christum
967 2394 1112 2431 passum
1132 2394 1208 2419 esse
1231 2383 1334 2419 tradit
1355 2393 1447 2419 auno
1470 2393 1572 2419 aerae
1594 2387 1732 2419 nostrae
1748 2395 1867 2420 xxxxv.

314 2440 411 2476 Unde
428 2441 720 2488 quemadmodum
737 2451 867 2477 annum
884 2451 984 2477 aerae
1000 2444 1140 2477 nostrae
1155 2452 1326 2484 11111110,
1350 2441 1410 2488 qui
1431 2444 1485 2476 est
1505 2441 1648 2476 secundi
1663 2441 1870 2487 Dionysiani

313 2499 401 2545 cycli
425 2498 614 2542 secundus,
639 2498 845 2546 respondere
870 2502 987 2535 censet
1002 2510 1094 2534 anno
1110 2498 1161 2534 illi
1177 2509 1246 2545 quo
1263 2497 1420 2534 Christus
1437 2497 1634 2534 incarnatus
1659 2502 1728 2542 est,
1751 2499 1801 2534 ita
1824 2498 1868 2534 ad

314 2568 438 2593 nxxxu
451 2556 531 2592 addi
542 2556 640 2592 iubet
649 2568 771 2600 xxxiv,
789 2559 827 2592 ut
838 2555 924 2592 fiant
937 2568 1055 2603 naxvr,
1073 2556 1132 2603 qui
1145 2565 1257 2592 annus
1270 2554 1477 2604 respondeat
1488 2554 1586 2591 alteri
1598 2555 1650 2591 illi
1662 2567 1731 2603 quo
1743 2566 1867 2603 passus

314 2618 366 2649 est
383 2614 559 2657 dominus,
583 2613 641 2661 qui
665 2616 717 2650 est
733 2624 833 2649 aerae
849 2625 968 2651 ιιιιν.
1001 2614 1156 2662 Apparet
1175 2613 1281 2660 igitur
1297 2611 1389 2660 apud
1405 2611 1535 2648 Bedam
1553 2616 1588 2648 et
1603 2612 1811 2660 Dionysium
1827 2625 1867 2649 eo

314 2682 424 2715 anno,
442 2671 500 2719 qui
516 2675 569 2706 est
584 2682 684 2707 aerae
701 2671 895 2707 communis
909 2683 1038 2716 xxxiv„
1055 2670 1143 2717 cycli
1159 2669 1361 2717 Dionysiaui
1374 2681 1490 2714 xxxv„
1507 2668 1682 2706 Christum
1698 2682 1774 2706 0000
1789 2681 1868 2718 pas-

315 2740 403 2764 sum.
436 2728 549 2772 Quare
566 2738 662 2773 cum,
684 2731 722 2764 ut
743 2728 793 2764 illl
816 2732 990 2772 statuunt,
1013 2739 1106 2765 anno
1123 2728 1212 2775 cycli
1227 2726 1397 2771 secundo,
1414 2736 1514 2763 aerae
1530 2731 1648 2763 autem
1664 2728 1795 2775 primo,
1817 2728 1868 2763 in-

314 2789 477 2822 carnatus
494 2789 665 2834 natusque
681 2786 728 2822 sit
741 2785 920 2829 dominus,
937 2796 1015 2821 cum
1027 2796 1152 2833 passus
1165 2788 1233 2829 est,
1250 2795 1360 2820 annos
1375 2784 1572 2821 absolverat
1586 2784 1758 2821 duntaxat
1770 2796 1868 2822 ιιιιι

318 2854 396 2879 cum
413 2843 544 2890 aliquot
559 2843 749 2879 mensibus.
780 2842 854 2879 Nisi
870 2843 957 2879 forte
974 2853 1104 2879 annum
1120 2842 1244 2878 aetatis
1259 2842 1409 2890 primum
1425 2852 1647 2877 numeremus
1662 2842 1760 2878 illum
1770 2868 1779 2886 ,
1799 2853 1867 2889 quo

272 2931 278 2939 .
316 2901 349 2936 ln
368 2904 464 2935 utero
481 2900 600 2936 matrls
618 2904 773 2947 gestatus
789 2904 860 2944 est;
885 2900 976 2948 quod
1000 2899 1288 2936 absurdissimum
1311 2902 1374 2936 est.
1411 2898 1454 2934 Et
1469 2901 1585 2935 tamen
1603 2899 1800 2948 Campanus
1817 2899 1868 2935 in-

314 2957 427 3004 signis
444 2961 684 3004 computorum
701 2957 826 2995 artifex
852 2958 885 2994 in
909 2957 992 2993 illud
1016 2958 1196 3005 prolapsus
1221 2961 1284 2993 est.
1332 2955 1420 2992 Nam
1440 2956 1474 2992 ln
1492 2956 1663 3003 Computo
1680 2967 1755 3004 cap.
1773 2969 1868 2993 xxiv.

315 3019 350 3050 et
368 3025 476 3051 xxxn.
510 3013 684 3050 Christum
706 3014 885 3051 dominum
910 3018 1031 3051 natum
1053 3017 1231 3050 asseverat
1253 3024 1344 3049 anno
1368 3013 1456 3059 cycli
1476 3013 1800 3050 decemnovennalis
1815 3025 1868 3050 se-

315 3071 446 3116 cundo,
463 3070 550 3119 cycli
562 3081 642 3109 voro
658 3076 858 3120 epactarum
874 3072 992 3116 tertio,
1010 3075 1090 3108 ante
1108 3083 1133 3108 ιι
1150 3081 1288 3108 111011οο0
1304 3068 1464 3107 inchoato
1474 3096 1483 3114 ‚
1500 3070 1554 3107 die
1566 3071 1732 3108 vicesima
1746 3074 1869 3119 quarta
