2008 3294
303 189 340 226 X

393 291 548 338 Περιέστῃ
573 290 609 325 δὲ
632 289 650 324 ὁ
674 289 791 337 ἀγὼν]
827 290 939 327 Scrib.
952 293 994 327 ut
1006 291 1107 326 estin
1122 290 1252 336 Regio,
1276 288 1367 326 αἰὼν.
1401 290 1456 326 Ab
1471 290 1605 326 Adamo
1621 290 1666 326 ad
1679 290 1792 326 There
1806 302 1855 326 xx

303 348 408 396 γενεαὶ
427 352 527 392 sunt,
551 348 634 394 quia
655 346 789 383 Cainan
809 347 847 384 in
866 359 1051 384 numerum
1065 348 1170 384 venit.
1204 347 1276 382 Eae
1296 347 1480 394 colligunt,
1502 351 1543 383 ut
1562 347 1619 383 hio
1641 347 1855 394 Epiphanius

302 407 449 449 iudicat,
464 416 575 441 annos
590 404 692 441 3332.
725 404 855 452 Reip'sa
869 410 1004 449 autem,
1019 417 1065 441 ex
1081 418 1152 440 nxx
1168 404 1353 440 Seniorum
1368 405 1534 448 editione,
1550 416 1661 440 annos
1673 404 1773 440 3364.
1802 405 1855 439 Ab

303 464 436 499 Adamo
451 463 496 498 ad
511 462 680 497 diluvium
695 473 802 509 supra
814 463 989 499 numerati
1002 466 1085 498 sunt
1101 462 1200 498 2262.
1236 462 1325 497 Hinc
1340 462 1385 498 ad
1399 461 1512 498 Thare
1534 466 1649 498 ortum
1671 461 1756 496 anni
1775 465 1857 497 sunt

307 521 405 557 1102.
429 520 535 556 Fiunt
549 520 634 555 anni
644 519 745 556 3364.
769 519 882 563 Quare
896 521 997 559 annis
1010 521 1128 556 minus
1139 519 1184 555 32
1199 519 1289 554 dixit
1302 519 1527 566 Epiphanius,
1552 520 1639 556 Vide
1654 522 1857 565 sequentem

302 589 498 614 numerum.

393 633 508 675 Ἐξότε
523 632 662 681 Θὰῤῥα]
697 634 824 671 Suidas
839 635 877 671 in
891 634 1032 682 Σεροὺχ.
1069 633 1234 669 Ἐντεῦθεν
1256 632 1386 681 εἶςήχθη
1401 633 1422 678 ἡ
1439 633 1595 669 πολυθεία
1616 634 1670 668 καὶ
1685 633 1705 678 ἡ
1722 632 1858 668 εἰδωλο-

303 691 452 739 λατρεία,
475 694 574 726 τοῦτο
590 691 628 726 δὲ
642 691 775 739 διέμεινε
789 692 867 741 παρ’
884 692 994 733 αὐτοῖς
1011 692 1109 739 μέχρι
1123 693 1189 726 τῶν
1205 692 1337 738 χρόνων
1353 690 1468 738 Θάῤῥα
1483 694 1540 726 τοῦ
1557 692 1681 739 πατρὸς
1696 689 1856 739 Ἀβραάμ·-

302 746 342 794 ἤν
358 749 422 796 γὰρ
438 747 725 797 ἀγαλματοποιὸς,
741 748 811 785 ἀπο
823 749 989 796 διαφόρων
1005 749 1094 784 ὑλῶν
1111 747 1234 788 εἰκόνας
1251 747 1467 796 ἐργαζόμενος
1483 753 1547 784 etc.

392 806 436 842 N.
458 819 521 844 vn.
551 806 607 842 καὶ
629 806 799 854 μετέπειτα
819 806 1098 851 ἐθεοποιήσαντο.]
1134 806 1235 842 Haud
1257 806 1454 842 absimilem
1475 806 1647 842 idolorum
1669 815 1858 852 eorumque

303 863 417 900 cultus
433 864 607 910 originem
621 864 716 900 disce
730 875 777 900 ex
789 865 851 900 lib.
867 864 1066 911 Sapientiae
1082 875 1158 910 cap.
1174 876 1244 900 nv.
1260 863 1441 899 Lactantio
1457 864 1518 899 lib.
1529 876 1562 907 1,
1578 874 1654 910 cap.
1667 875 1740 900 nv.

392 918 532 956 Ἔπειτα
547 919 583 956 δὲ
598 919 751 966 ἀκινάκην
767 921 943 967 σέβοντες]
979 922 1129 957 Martem
1143 921 1315 967 imprimis
1331 921 1470 956 coluere
1486 920 1653 967 Scythae,
1669 921 1768 956 culus
1776 919 1858 955 effi·

302 979 378 1025 gies
401 982 476 1014 erat
495 978 654 1014 acinaces
668 978 819 1022 ferreus,
841 979 892 1014 ait
905 978 1099 1014 Herodotus
1114 979 1174 1014 lib.
1190 991 1238 1014 1v.
1270 979 1360 1014 Huic
1382 978 1552 1024 templum
1562 988 1614 1013 ex
1627 977 1860 1024 virgultorum

301 1036 478 1072 fasciculis
493 1036 718 1079 extruebant,
733 1037 795 1072 ubi
810 1040 845 1072 et
859 1036 1016 1083 captivos
1031 1036 1241 1071 mactabant.
1278 1035 1348 1071 Sed
1364 1036 1531 1082 quoniam
1542 1036 1584 1071 in
1599 1046 1681 1071 eum
1695 1034 1862 1070 Herodoti

301 1094 417 1129 locum
436 1093 638 1137 incidimus,
661 1093 772 1129 obiter
790 1093 848 1129 bic
870 1105 893 1129 a
914 1093 1016 1129 nobis
1038 1093 1273 1128 emendandus
1297 1096 1401 1139 atque
1416 1092 1644 1128 illustrandus
1660 1092 1736 1129 erit.
1771 1091 1860 1127 Gum

301 1151 472 1198 templum
496 1150 583 1186 illud
605 1150 769 1186 describit
789 1161 872 1197 pag.
892 1150 968 1187 152.
993 1151 1043 1186 ait
1064 1154 1320 1186 sarmentorum
1341 1150 1386 1186 ab
1407 1150 1477 1185 illis
1501 1150 1615 1186 fasces
1637 1149 1859 1196 comportari,

302 1209 578 1255 exaggerarique
594 1206 646 1242 ἐπὶ
661 1207 803 1248 σταδίοις
818 1209 903 1254 τρεῖς
919 1209 1022 1254 μῆκος
1038 1207 1093 1242 καὶ
1108 1203 1215 1255 εὖρος,
1239 1207 1321 1254 ὕψος
1338 1206 1374 1242 δὲ
1390 1205 1551 1242 ἔλασσονε
1575 1209 1797 1253 lonqitudinis
1812 1207 1862 1242 ad

301 1267 420 1301 stadia
435 1269 517 1308 tria,
533 1267 668 1300 totidem
684 1266 886 1308 latitudinis,
903 1266 1048 1300 altitudo
1061 1277 1141 1300 vero
1154 1268 1272 1302 minor.
1297 1265 1420 1301 Nonne
1437 1265 1589 1301 otiosum
1604 1269 1659 1300 est
1673 1265 1860 1300 admonere

303 1323 475 1358 minorem
490 1323 602 1358 tribus
620 1321 740 1357 stadiis
755 1321 977 1358 altitudinem
991 1322 1126 1358 fuisse?
1161 1321 1246 1364 Quis
1268 1326 1342 1357 tam
1356 1323 1424 1358 alte
1441 1326 1592 1358 erectum
1608 1322 1788 1357 cumulum
1803 1332 1860 1357 su-

303 1381 430 1426 spicari
444 1382 586 1427 posset?
620 1379 728 1414 Plane
743 1379 851 1426 igitur
865 1379 1060 1415 mendosus
1067 1378 1125 1414 hic
1140 1380 1238 1415 locus
1254 1383 1323 1423 est,
1339 1383 1374 1415 et
1387 1379 1516 1426 pedum
1532 1380 1774 1415 cubitorumne
1788 1389 1860 1414 cer-

302 1441 359 1472 tus
375 1437 473 1472 deest
486 1436 612 1472 modus
621 1463 631 1479 ,
647 1447 717 1483 quo
732 1436 903 1472 minorem
918 1436 1028 1472 fuisse
1045 1437 1354 1484 exaggerationem
1368 1437 1465 1473 illam
1480 1438 1676 1484 scripserat.
1705 1437 1759 1472 Ad
1773 1435 1860 1472 haec

302 1494 406 1540 paulo
429 1497 528 1537 ante,
551 1504 633 1529 cum
653 1493 904 1529 sacrificiorum
925 1494 1099 1529 rationem
1119 1494 1271 1541 explicat
1285 1505 1326 1529 ac
1341 1493 1635 1540 quemadmodum
1649 1493 1780 1530 hostias
1795 1494 1860 1529 im-

302 1551 499 1594 molarent„
509 1551 681 1598 quaedam
695 1551 860 1598 leguntur
874 1551 1002 1598 partim
1018 1552 1063 1588 ab
1078 1551 1322 1598 interpretibus
1341 1551 1516 1598 ignorata,
1537 1551 1664 1598 partim
1687 1553 1860 1598 corrupta.

304 1607 352 1642 Tb
375 1607 432 1655 μὲν
454 1607 557 1655 ἱρήῖον
581 1607 662 1643 αὐτὸ
685 1606 963 1656 ἐμπεποδισμένον
986 1608 1062 1649 τοὺς
1086 1609 1147 1643 δύο
1168 1609 1274 1648 πόδας
1297 1608 1372 1648 τοὺς
1396 1607 1612 1655 ἐμπροσθίους
1635 1607 1758 1652 ἕστηκε
1784 1606 1801 1643 ὃ
1826 1607 1862 1642 δὲ

305 1664 391 1700 θύων
407 1662 538 1700 ὄπισθεν
554 1668 613 1701 τοῦ
629 1665 760 1710 κτήνεος
776 1664 897 1712 ἑστὼς,
920 1664 1048 1707 σπάσας
1071 1665 1128 1710 τὴν
1147 1664 1252 1713 ἀρχὴν
1268 1668 1328 1700 τοῦ
1344 1666 1490 1712 στρόφου
1507 1664 1704 1712 καταβάλλει
1721 1677 1784 1712 μιν·
1809 1665 1862 1699 πί-

304 1734 441 1763 πτοντος
463 1722 500 1758 δὲ
521 1726 580 1758 τοῦ
602 1719 708 1770 ἱρηίου
728 1721 889 1758 ἐπικαλέει
908 1723 966 1758 τὶιν
983 1722 1066 1770 Θεὸν,
1088 1725 1138 1770 τῷ
1159 1723 1197 1758 ἂν
1214 1723 1284 1770 θύῃ·
1302 1735 1356 1758 και
1370 1720 1480 1757 ἔπειτα
1496 1722 1614 1771 βρόχῳ
1629 1721 1751 1770 περιὼν
1765 1720 1863 1768 ἔβαλε

303 1779 360 1814 τὸν
377 1780 518 1827 αὺχέναι
540 1781 688 1817 Victima
702 1783 781 1827 ipsa
790 1781 1003 1827 primm-ibus
1017 1782 1167 1827 alliqata
1174 1781 1320 1828 pedibus
1333 1783 1476 1817 sisoim.
1501 1780 1604 1815 Cuius
1619 1792 1642 1815 a
1658 1787 1752 1826 teo-9⁰
1767 1786 1864 1815 smne

303 1839 537 1884 sacnficulus,
551 1840 652 1884 fumis
672 1844 852 1874 &hemum
875 1837 1014 1873 trahens
1030 1839 1196 1885 pecudem
1206 1841 1404 1885 prosternit.
1439 1838 1523 1873 Mox
1537 1850 1580 1873 ea
1597 1839 1738 1872 cadente
1754 1837 1862 1872 Deum

303 1895 398 1930 illum
419 1897 615 1931 nominatim
635 1898 791 1938 invocat,
814 1898 872 1930 cui
892 1908 1002 1931 sacra
1014 1898 1122 1942 facit.
1153 1894 1240 1931 Inde
1261 1897 1380 1942 laqueo
1402 1896 1523 1930 collum
1545 1896 1738 1931 circundat.
1768 1895 1861 1931 Raso

303 1952 411 1988 verba
425 1950 552 1994 σπάσας
568 1950 626 1996 τὴν
642 1949 747 1999 ἀρχὴν
763 1955 823 1987 τοῦ
839 1953 985 1999 στρόφου
999 1952 1207 1988 Laurentius
1230 1963 1413 2000 perperam
1427 1953 1548 1996 vertit3
1566 1959 1681 1987 amota
1695 1955 1863 1999 imprimis

303 2010 426 2055 infida.
456 2009 530 2045 Ista
544 2020 626 2045 vero
649 2008 769 2056 παριὼν
792 2007 889 2056 ἔβαλε
909 2009 966 2044 τὸν
989 2009 1113 2057 αὐχένα
1127 2010 1255 2046 vitiosa
1274 2013 1367 2047 sunt.
1399 2009 1520 2045 Scribe
1536 2009 1608 2056 περὶ
1624 2004 1671 2043 ὧν
1687 2007 1783 2055 ἔβαλε
1798 2020 1861 2056 pro

305 2065 493 2113 nspdssnk3
509 2066 603 2114 quod
618 2065 775 2102 Ionicum
790 2070 855 2104 est.
891 2066 950 2102 Sic
966 2067 1050 2103 alibi
1065 2067 1137 2102 κατ’
1154 2062 1200 2101 ὧν
1217 2066 1373 2114 ἕκάλυψετ
1390 2071 1426 2102 et
1442 2065 1566 2114 κατάμε
1582 2064 1779 2114 ἐφάρμαξας.
1810 2067 1862 2103 De

303 2123 453 2160 Acinsee
468 2123 546 2160 vide
561 2123 837 2160 Alexandrinum
853 2123 1067 2160 Clementem
1081 2125 1118 2160 in
1135 2124 1365 2172 Protreptioe,
1380 2124 1574 2159 Lucianum
1589 2124 1625 2159 in
1642 2123 1783 2160 Toxari.

395 2177 492 2222 Ἐξοῦ
515 2181 552 2216 τὸ
574 2180 665 2228 γένος
689 2180 864 2228 κατάγεται
885 2181 1059 2229 Φρυγῶν.]
1092 2182 1122 2217 A
1137 2180 1328 2217 Thracibus
1352 2181 1523 2229 originem
1544 2180 1861 2228 traxere-Phryges.

304 2238 486 2275 Dardanus
501 2242 593 2274 certe
608 2239 759 2286 primum
773 2239 810 2275 in
826 2233 1068 2275 Samothracia.
1081 2238 1252 2282 consedit,
1268 2238 1359 2274 unde
1375 2239 1412 2274 in
1424 2237 1611 2285 Phrygiam
1623 2239 1768 2275 traiecit.
1791 2238 1862 2275 Sed

305 2301 340 2332 et
362 2307 384 2332 a
403 2296 534 2332 Moesis
549 2296 606 2332 vel
626 2296 738 2343 Mysis
759 2296 928 2344 Europeis
951 2297 1073 2343 Mysos
1097 2296 1268 2332 Asiaticos
1290 2299 1502 2343 propagatos
1524 2299 1692 2332 asserunt.
1727 2296 1862 2332 Diserte

306 2353 455 2400 idipsum
473 2353 599 2390 Strabo
614 2353 675 2390 lib.
691 2365 725 2390 x.
747 2353 801 2389 καὶ
825 2353 886 2389 οὐκ
907 2353 1038 2395 ἀπεικός
1054 2365 1108 2401 γε,
1130 2353 1241 2400 ὥσπερ
1265 2352 1358 2388 αὐτοὶ
1382 2351 1413 2388 οἱ
1427 2353 1558 2400 Φρύγες
1575 2352 1714 2401 Θρᾳκῶν
1731 2350 1861 2389 ἄποικοί

306 2409 382 2458 slot,
400 2410 489 2446 οὔτω
505 2410 616 2446 καὶτὰ
629 2409 698 2458 inp&
713 2409 831 2446 ἕκαθεν
848 2410 1086 2459 μιτινηνίχθαι.

397 2467 600 2515 Μιτηνέχθοιι
615 2467 651 2503 ai
666 2470 770 2504 ταῦτα
785 2467 827 2509 ιίς
842 2466 1039 2514 Ἕλληνας]
1065 2467 1192 2506 Euseb,
1210 2468 1247 2505 in
1263 2467 1432 2504 Chronico
1447 2467 1488 2504 A.
1506 2478 1695 2506 ccccnxrv.
1725 2468 1861 2505 Primus

307 2526 454 2573 Cecrope
469 2526 581 2563 bovem
596 2527 774 2562 immolans
788 2526 902 2562 Iovem
919 2527 1119 2573 appeltam

396 2582 457 2618 Καὶ
472 2578 511 2627 ἤν
528 2581 586 2630 μὶν
602 2582 686 2618 κατὰ
701 2586 818 2619 τοῦτον
834 2582 891 2618 τὸν
908 2583 1049 2630 καιρόν.]
1077 2583 1291 2620 Abx-samum
1313 2593 1404 2620 anno
1425 2582 1507 2619 Nini
1530 2595 1618 2620 xum
1640 2586 1763 2620 natum
1782 2594 1860 2620 esse

305 2640 423 2676 docuit
437 2641 473 2676 in
490 2638 668 2676 Chronicis
684 2640 874 2684 Eusebius,
895 2640 999 2687 idque
1014 2641 1162 2688 posteris
1179 2641 1340 2678 omnibus
1356 2641 1537 2689 persuasit.
1583 2641 1673 2678 Nam
1687 2649 1792 2677 nemo
1808 2644 1862 2677 est

307 2701 459 2733 veterum
476 2701 557 2744 post
571 2696 778 2741 Eusebium,
801 2698 861 2745 qui
881 2709 953 2734 non
974 2709 1038 2745 pro
1061 2701 1154 2734 certo
1170 2698 1205 2734 id
1219 2694 1378 2735 habuerit
1392 2708 1433 2734 ac
1448 2702 1614 2745 tanquam
1629 2697 1860 2734 ἀναπόδεικτον

305 2751 409 2800 ἀρχὴν
426 2753 682 2803 Chronologise
697 2765 782 2791 suae
797 2754 1008 2802 praefixerit.
1040 2754 1109 2791 Sed
1123 2756 1162 2791 in
1176 2755 1372 2804 digerendis
1390 2754 1608 2802 Assyriorum
1624 2766 1664 2792 ac
1679 2756 1860 2792 Medorum

306 2810 496 2846 intervallis
512 2812 623 2847 variat
637 2811 819 2848 Eusebius.
846 2812 886 2848 In
900 2813 1091 2860 posteriore
1104 2811 1351 2850 Chronicorum
1367 2812 1465 2855 libro,
1483 2813 1542 2859 qui
1559 2823 1669 2849 annos
1685 2823 1859 2861 expansos

306 2867 556 2914 complectitur.
573 2869 618 2905 sb
635 2873 713 2906 ortu
728 2869 909 2913 Abrasmi,
933 2880 1036 2917 quem
1052 2870 1127 2906 vult
1141 2880 1218 2907 esse
1233 2869 1315 2907 Nini
1328 2880 1435 2914 xum,
1459 2870 1501 2906 ad
1524 2870 1749 2918 Sardanapali
1769 2880 1859 2907 mor-

307 2929 377 2960 tem
393 2925 477 2961 anni
491 2930 573 2961 sunt
588 2935 649 2964 cro
666 2937 784 2964 cxcvi.
819 2926 955 2963 Audin·
971 2926 1053 2963 Nini
1068 2938 1154 2971 xm,
1171 2927 1230 2975 qui
1245 2927 1411 2963 Abraami
1426 2928 1578 2963 natalem
1593 2927 1810 2971 antecedunt,
1825 2931 1860 2964 et

307 2980 383 3018 Bell
398 2993 466 3019 uv
483 2982 583 3027 (alibi
600 2995 644 3020 nv
659 2982 752 3020 idem
767 2987 868 3020 sutor
883 2984 1075 3031 numerat),
1098 2984 1254 3021 confiunt
1274 2984 1358 3021 anni
1373 2994 1433 3022 cro
1451 2995 1582 3030 eccm,
1604 2985 1730 3033 quibus
1754 2984 1858 3031 Assy·

307 3038 435 3076 riorum
452 3039 653 3077 monarchia
667 3041 787 3077 tenuit.
820 3041 1019 3088 Sequuntur
1034 3041 1145 3080 Medi:
1168 3042 1294 3089 quibus
1310 3051 1421 3079 annos
1438 3043 1588 3090 imputat
1603 3052 1707 3080 ocnx.
1741 3042 1858 3089 ltaque
