2008 3294
1662 199 1709 236 n

150 316 255 352 modo
271 315 432 363 quilibet,
447 311 510 348 sed
525 312 650 357 etiam,
668 310 759 357 quod
775 301 972 346 mirandum
987 317 1028 342 ac
1045 307 1286 343 detestandum
1296 306 1412 354 magis
1427 309 1499 350 est,
1514 306 1629 341 clerici
1641 307 1710 353 ipsi

151 380 233 409 cum
251 371 454 408 mulieribus
476 370 682 418 plerumque
705 368 827 405 lava*
840 369 1101 402 consueverant.
1148 365 1244 407 Quae
1266 364 1444 411 flagitiosa
1462 364 1604 400 licentia
1629 375 1710 399 cum

150 431 188 466 in
209 429 415 466 Christianis
430 427 610 473 ominbus,
635 429 712 461 tum
733 426 771 461 in
792 422 1041 473 posterioribus
1056 423 1133 459 istis
1150 422 1332 458 Canonum
1353 423 1535 458 severitate
1558 421 1711 457 coeteori

151 498 239 535 opus
254 487 388 524 habuit.
435 484 476 520 In
490 484 595 520 Laod.
612 483 697 518 Gan.
709 495 792 519 xxx.
838 479 916 516 Ὅτι
937 479 976 515 οὐ
999 480 1048 514 δέῖ
1068 478 1246 526 ἱερατικους
1275 481 1295 523 ἢ
1321 480 1494 526 κληρικους
1524 480 1545 524 ἢ
1568 475 1710 522 ἀσκητὰς
1744 477 1827 510 Ρ·57·

151 542 183 580 ἐν
200 543 363 590 βαλανείῳ
379 539 461 590 μετὰ
475 542 639 588 γυναικῶν
655 532 891 584 ἀπολούεσθαι,
915 535 998 584 μηδὲ
1013 535 1120 571 πάντα
1143 538 1334 583 Χριστιανὸν
1349 538 1369 581 ἢ
1393 537 1519 573 λαῖκόν.
1565 537 1661 572 Idem
1676 539 1712 570 et

150 602 188 637 in
210 601 375 638 'l'mllauo
395 600 542 636 vetitum
559 602 612 634 est
633 598 718 634 Gan.
741 608 875 633 nxxvn.
919 594 1019 638 Quod
1040 595 1197 640 sequitur
1219 606 1302 628 κατα
1323 595 1518 642 συγκυρίαν,
1544 595 1713 646 imposuit

152 658 336 701 Ceruario,
353 658 414 707 qui
428 657 610 703 Syeyriam
621 657 739 691 locum
753 664 832 690 esse
847 643 1002 690 credidit}
1044 651 1133 687 Nam
1146 651 1300 699 συκυρίαν
1313 657 1416 687 antea
1426 653 1625 699 legebatur,
1639 663 1712 688 non

151 720 271 752 tamen
285 714 444 764 Συκυρίαν
460 714 653 750 maiusculo
670 713 714 756 Σ,
730 715 770 748 ut
785 711 926 759 quidam
942 710 1077 746 aurit.

243 771 342 808 Διΐὼν
357 770 390 807 ἐν
406 773 456 818 τῷ
472 769 563 818 ἀέρι.)
611 771 713 808 Corn.
732 770 951 805 deambulans
965 771 1002 802 in
1018 779 1110 803 aere.
1144 765 1244 802 Sed
1231 779 1247 801 ο
1265 766 1325 813 ἀὴρ
1342 767 1458 802 balnei
1478 779 1558 815 pars
1580 771 1650 811 est,
1671 771 1714 803 ut

153 842 198 868 ex
206 830 337 867 Galeno
346 829 389 864 ad
399 828 518 864 Glauc.
526 828 661 875 pridem
674 828 894 862 observatum
902 826 946 860 ab
955 825 1094 860 eruditis
1112 824 1325 867 hominibus3
1343 826 1409 860 etsi
1423 837 1495 861 nou
1507 827 1591 861 satis
1604 827 1715 872 liquet

153 899 243 936 qnae
257 891 340 935 pars
355 887 416 923 illa
431 886 488 921 sit.
533 885 605 921 Nos
621 885 760 920 interim
775 884 894 918 solemn
908 882 1131 918 reddidimus.

243 942 290 980 Ἣ
307 943 343 980 ei
359 942 474 988 ἑαυτὴν
495 941 743 990 ἔσφραγίσατο.)
801 941 864 977 Hic
879 940 1151 976 illustrissimum
1177 940 1364 975 Annalium
1387 941 1602 976 conditorem
1622 941 1714 976 inse-

153 1001 514 1044 ctaturGabaubonum
531 999 624 1047 quod
630 999 891 1035 salutariailliua
902 997 997 1044 signi
1032 997 1040 1006 ⁹
1100 996 1375 1033 teChristianam
1386 999 1567 1034 mulierem
1584 1010 1602 1033 e
1614 1002 1713 1034 tanto

153 1060 324 1097 castitatIe
335 1058 490 1107 periculo
504 1057 687 1092 liberatam
704 1057 748 1091 ab
764 1055 956 1103 Epiphanio
969 1055 1005 1092 di
1045 1050 1155 1103 putet.
1201 1054 1301 1097 Quod
1314 1055 1547 1102 Epiphaniam
1563 1057 1715 1091 voluisse

152 1121 271 1165 negat.
317 1115 388 1153 Sed
409 1127 475 1151 nee
498 1116 605 1150 ullam
627 1114 664 1149 in
680 1113 782 1159 signo
803 1113 915 1148 crucis
936 1111 979 1148 ad
1000 1111 1184 1148 efficienda
1203 1113 1373 1148 miracula
1395 1115 1572 1161 propriam
1598 1114 1714 1148 inesse

152 1175 334 1218 virtutem,
348 1183 463 1220 neque
478 1183 560 1208 vero
577 1171 677 1206 aliter
692 1180 798 1217 quam
809 1169 852 1206 nt
866 1170 961 1218 piam
977 1171 1209 1205 ceremoniam
1225 1169 1414 1206 adhibitam
1429 1172 1466 1206 in
1490 1172 1635 1206 ecclesia
1658 1183 1715 1206 ve·

142 1233 236 1281 vteri,
254 1241 344 1280 quae
375 1230 522 1266 orationi
538 1229 700 1265 adiuncta
714 1229 850 1264 animos
864 1227 1019 1263 fidelium
1036 1227 1079 1262 ad
1097 1226 1225 1263 Christi
1247 1239 1385 1263 crucem
1408 1229 1576 1264 eveheret.
1624 1229 1715 1263 Tum

154 1279 204 1325 ita
224 1289 381 1325 subiicit:
433 1288 518 1329 Quis
539 1299 667 1333 neyare
691 1286 830 1321 audebit
857 1286 956 1320 aliud
975 1286 1038 1320 hoc
1060 1297 1130 1320 ease
1151 1298 1249 1332 quam
1277 1287 1369 1332 quod
1387 1287 1510 1321 scribit
1532 1286 1715 1328 Bar-onina,

155 1348 270 1383 dicere
286 1345 520 1393 Epiphaniam
535 1347 628 1391 eiqm'
642 1346 756 1378 crucis
769 1345 894 1378 virtute
907 1344 1004 1378 illam
1016 1343 1248 1378 mulierculam
1260 1346 1366 1384 fuine
1374 1345 1531 1390 periculo
1544 1345 1718 1390 ereptam?

154 1403 247 1440 Haec
261 1403 331 1440 ille.
377 1403 447 1438 Sed
463 1413 571 1449 quam
585 1401 706 1449 iniqua
721 1401 786 1446 sit,
809 1401 898 1436 utin
913 1400 1088 1447 plerisque
1105 1401 1181 1435 aliis
1191 1427 1199 1443 ,
1222 1400 1422 1436 Casaubcni
1445 1402 1506 1436 illa
1521 1402 1718 1448 castigatio,

155 1471 330 1508 quamque
346 1461 535 1497 oscitanter
549 1458 639 1495 hanc
662 1457 846 1506 Epiphanii
859 1457 1041 1493 historiam
1064 1458 1204 1504 legerit,
1223 1469 1268 1493 ex
1285 1468 1326 1493 eo
1347 1459 1433 1494 satis
1454 1463 1598 1506 apparet
1626 1458 1719 1505 quod

155 1518 259 1555 Num.
270 1530 345 1554 vm.
360 1515 736 1565 scripsitEpiphanius:
754 1513 799 1556 ὡς
815 1511 872 1549 οὖν
889 1514 1090 1562 κατίσχυσαν
1107 1514 1137 1549 οἱ
1153 1516 1279 1561 γόητες.
1313 1514 1366 1550 διὰ
1382 1514 1445 1563 γὰρ
1462 1519 1518 1561 τῆς
1535 1517 1717 1564 σφραγῖδος

156 1578 215 1611 τοῦ
230 1575 370 1623 Χριστοῦ
386 1575 442 1609 καὶ
457 1574 596 1614 πίστεως
611 1571 772 1619 ὶβοηθήθη
787 1571 808 1616 ἡ
825 1571 917 1619 γυνή.
933 1573 1018 1607 Mox
1034 1574 1134 1606 τοῦτο
1149 1571 1257 1619 τρίτον
1274 1575 1322 1619 τῷ
1331 1571 1486 1620 Ἰωσήπῳ
1504 1574 1718 1622 κατηχήσεως

157 1631 253 1682 ἔργον
269 1631 410 1680 ἐγίνετο,
427 1630 478 1666 ὅτι
494 1630 555 1666 οὐκ
566 1628 720 1678 ἴσχυσεν,
737 1628 813 1664 ἔνθα
835 1625 940 1676 ὄνομα
956 1629 1096 1676 Χριστοῦ
1113 1629 1166 1663 καὶ
1183 1630 1321 1677 σφραγὶς
1338 1633 1498 1677 σταυροῦ,
1516 1631 1718 1678 φαρμακείας

157 1690 301 1737 δύναμις.
349 1689 438 1732 Quid
453 1688 547 1724 alind
561 1687 774 1735 Epiphanius
789 1691 908 1722 narrat
920 1698 1023 1733 quam
1039 1687 1152 1722 crucis
1166 1688 1352 1734 praecipue
1369 1689 1511 1735 signum
1529 1693 1564 1724 et
1580 1689 1718 1724 invoca-

156 1749 287 1784 tionem
302 1747 455 1783 nominis
470 1745 599 1782 Christi
613 1745 751 1781 mulieri
764 1744 977 1792 praesidium
1003 1745 1186 1780 attulisse?
1233 1745 1372 1780 infinita
1392 1751 1474 1781 sunt
1495 1747 1721 1793 antiquorum

155 1805 222 1842 PP.
235 1805 452 1847 testimonia,
468 1803 596 1850 quibus
607 1802 692 1838 illud
709 1801 802 1849 quod
818 1801 1046 1838 Oasaubonus
1058 1806 1166 1848 negat
1181 1801 1345 1838 efficitur:
1367 1807 1521 1839 veterem
1536 1805 1720 1840 ecclesiam

155 1863 227 1899 vim
244 1861 419 1910 quandam
434 1861 581 1897 salutari
597 1860 708 1896 crucis
726 1859 828 1906 signo
845 1859 1018 1895 tribuisse.
1067 1859 1213 1894 Caetera
1233 1864 1274 1895 nt
1294 1861 1470 1903 omittam,
1494 1873 1585 1896 unus
1608 1863 1719 1897 omni·

157 1928 217 1956 um
230 1919 342 1956 instar
355 1919 421 1955 erit
434 1917 643 1954 Nazianzeni
657 1916 754 1952 locus
771 1927 816 1952 ex
833 1916 927 1952 Orat.
946 1928 997 1953 m.
1013 1920 1108 1952 cont.
1123 1917 1307 1954 Iulianum.
1346 1917 1412 1954 Ubi
1427 1918 1598 1966 perfidum
1619 1920 1720 1954 illum

155 1976 376 2024 umsfngam
391 1978 512 2012 narrat
545 1985 682 2012 summo
705 1985 768 2010 suo
792 1974 826 2009 in
851 1978 946 2010 metu
970 1985 1010 2010 ac
1034 1975 1231 2010 discrimine
1248 1976 1291 2010 ad
1315 1976 1426 2011 crucis
1451 1976 1650 2023 confugisse
1674 1978 1719 2012 si-

157 2044 269 2083 gnum
291 2044 403 2081 eoquo
419 2033 607 2069 daemones
620 2032 781 2079 fugasse:
811 2029 863 2066 ἐπὶ
888 2031 944 2066 τὸν
967 2032 1107 2080 σταυρὸν
1131 2033 1326 2079 καταφεύγει
1353 2032 1407 2067 καὶ
1423 2033 1460 2067 τὸ
1478 2033 1620 2068 παλαιὸν
1637 2032 1719 2082 φάρ-

158 2103 282 2138 μακον,
299 2090 353 2126 καὶ
367 2090 479 2138 τούτῳ
495 2091 685 2138 σημειοῦταὶ
700 2086 784 2123 κατὰ
798 2089 866 2123 τῶν
890 2088 1020 2135 φόβων,
1043 2090 1097 2124 καὶ
1121 2089 1241 2135 βοηθὸν
1266 2092 1404 2124 ποιεῖται
1425 2090 1483 2124 τ“ον
1507 2091 1719 2138 διωκόμενον,

157 2147 212 2184 καὶ
227 2146 268 2184 τὰ
283 2146 354 2193 ῑξῆς
370 2147 628 2195 φρικωδέστερα,
648 2145 783 2193 ἴσχυσεν
798 2145 819 2190 ἡ
837 2146 986 2193 σφραγὶς·
1002 2145 1164 2191 ἡττῶνται
1177 2146 1207 2181 οἱ
1224 2147 1390 2194 δαίμονες,
1407 2147 1541 2182 λύονται
1557 2147 1587 2182 οἱ
1611 2149 1718 2195 φόβοι.

157 2205 229 2242 Nec
239 2205 399 2242 absimile
413 2215 455 2241 eo
479 2204 571 2252 quod
584 2204 626 2240 de
641 2208 763 2240 sancta
772 2204 910 2240 Iustina·
917 2203 1091 2251 proditum
1105 2210 1174 2246 est,
1203 2215 1292 2251 quae
1309 2216 1389 2240 cum
1401 2216 1421 2240 a
1433 2206 1556 2241 invene
1569 2207 1721 2252 quodam

159 2263 203 2299 ad
213 2263 394 2299 libidinem
401 2262 566 2309 cypriani
576 2263 675 2308 magi
690 2262 823 2297 artibus
838 2262 1072 2309 pelliceretur,
1088 2262 1285 2298 immissum
1300 2263 1367 2298 sibi
1379 2263 1586 2298 daemonem
1599 2264 1720 2299 eodem

159 2320 272 2356 crucis
294 2320 397 2366 signo
418 2319 562 2366 repulit3
591 2319 683 2366 quod
705 2330 750 2354 ex
771 2319 945 2355 Eudociae
968 2320 1148 2365 Augustae
1172 2319 1266 2355 Orat.
1289 2320 1330 2355 de
1359 2320 1396 2355 S.
1419 2320 1592 2367 Cypriano
1616 2322 1722 2356 refert

158 2376 303 2415 Photius
330 2376 373 2414 N.
398 2386 647 2413 ccccxxxxtv:
687 2376 762 2417 τούς
783 2387 818 2410 τε
846 2374 1048 2422 βιαιοτάτους
1085 2376 1139 2411 καὶ
1175 2375 1431 2424 χαλεπωτάτους
1460 2379 1526 2411 τῶν
1554 2378 1719 2425 δαιμόνων

160 2434 290 2482 πέμψας
306 2432 358 2469 ἰπὶ
373 2432 431 2478 τὴν
446 2432 606 2480 παρθένον
616 2461 625 2479 ,
646 2433 701 2467 καὶ
715 2432 945 2480 ᾐσχυμμένους
961 2433 1015 2468 καὶ
1031 2433 1250 2480 νενικημένους
1267 2437 1325 2468 τοῦ
1342 2437 1485 2480 σταυροῦ
1507 2438 1556 2481 τῷ
1576 2435 1671 2482 τύπῳ
1688 2434 1721 2476 ἐξ

161 2491 269 2526 αὐτῶν
285 2490 414 2526 ἐκείνων
427 2489 614 2537 ἀναμαθών.
637 2489 748 2536 Igitur
760 2493 818 2524 τοῦ
831 2494 973 2537 σταυροῦ
986 2493 1035 2537 τῷ
1048 2491 1143 2537 τύπῳ
1159 2491 1300 2537 perinde
1316 2494 1355 2526 ut
1367 2491 1474 2526 altera
1485 2491 1559 2534 illa,
1575 2492 1720 2537 Iustina,

161 2549 367 2585 daemonem
380 2547 528 2595 fugavit.
558 2546 677 2594 Neque
694 2548 805 2582 crucis
822 2547 993 2582 duntaxat
1007 2559 1174 2594 expressa
1187 2547 1319 2594 figura,
1335 2548 1397 2583 sed
1412 2548 1519 2584 etiam
1535 2549 1575 2584 B.
1588 2550 1721 2586 Mariae

161 2606 308 2654 virginis
320 2606 551 2648 invocatione,
567 2609 606 2640 ut
622 2605 860 2640 Nazianzenus
869 2604 962 2640 Orat.
970 2616 1071 2640 xvm.
1089 2606 1257 2651 scriptum
1272 2605 1426 2651 reliquit:
1453 2605 1513 2640 Καὶ
1529 2605 1585 2650 τὴν
1602 2607 1720 2654 παρθέ-

162 2675 217 2698 νον
232 2662 362 2711 Μαρίαν
383 2661 570 2697 ἳκετεύουσα
594 2661 752 2708 βοηθῆσαι
775 2661 926 2708 παρθένῳ
949 2661 1184 2708 κινὸινευούσῃ;
1233 2661 1279 2697 Et
1301 2666 1466 2708 virqinem
1486 2663 1642 2699 Mar-iam
1665 2679 1719 2701 ro-

160 2733 266 2767 qam,
296 2726 336 2756 at
343 2722 562 2767 periclitanti
574 2722 704 2765 virqini
718 2731 809 2765 opem
818 2721 941 2764 ferret.
987 2717 1083 2761 Quae
1104 2718 1194 2754 tanti
1213 2717 1332 2754 Patris'
1343 2720 1511 2756 autoritas
1531 2721 1719 2759 hodiernae

162 2782 277 2814 sectae
290 2777 501 2826 imperitiam
516 2777 799 2823 impietatemque
815 2775 1034 2811 condemnat.

252 2829 361 2871 Ru.
377 2833 594 2881 Ὗποληφθεὶς
611 2832 646 2868 δὲ
670 2832 845 2879 τελευτᾷν.)
892 2832 1004 2867 Antea
1032 2832 1217 2879 legebatur
1241 2831 1452 2881 ὗπολειφθείς.
1496 2836 1610 2873 ,Vertit
1626 2839 1719 2874 enim

164 2891 266 2928 Corn.
282 2893 483 2939 relictaeque
497 2893 586 2927 velut
599 2894 791 2926 moriturus·
837 2889 909 2925 Nos
932 2901 978 2924 ex
999 2889 1110 2936 Regio
1131 2890 1248 2926 codice
1272 2890 1468 2939 ὑποληφθείς
1489 2895 1716 2933 restituimus,

165 2948 264 2992 Quod
285 2953 320 2984 et
340 2949 550 2985 narrationis
569 2949 675 2984 series
698 2947 861 2995 postulat.
907 2946 1027 2993 Neque
1051 2947 1144 2982 enim
1165 2947 1410 2985 moribundum
1430 2950 1638 2988 Iudaeorum
1661 2965 1718 2988 co-

165 3007 264 3054 gnati
277 3006 514 3050 deseruerant,
530 3017 619 3053 quos
629 3006 815 3052 mysticum
827 3004 934 3039 illud
923 3015 1140 3040 mensurasse
1153 3005 1244 3040 dicit.
1266 3006 1330 3042 Hic
1341 3007 1573 3055 Epiphaniam
1586 3011 1718 3046 otiosus
1751 3027 1781 3055 p,
1793 3019 1835 3048 58.

167 3063 308 3110 quidam
322 3067 472 3110 nugator
485 3064 614 3100 nimiae
630 3063 842 3100 credulitatis
858 3066 1015 3106 accusat,
1037 3061 1130 3109 quod
1144 3062 1235 3099 falsa
1248 3063 1368 3101 Iudaei
1382 3066 1486 3102 unius
1502 3070 1565 3103 aut
1575 3068 1718 3104 alterius

1387 3134 1444 3171 D.
