2008 3294
1635 226 1691 263 CV

141 333 218 371 m.
227 333 335 382 ·Apr.,
348 334 433 370 luna
445 344 533 370 xvir.
548 333 624 380 (sed
637 344 703 381 pro
716 345 793 372 vm.-
808 333 893 368 Kal.
907 332 1164 368 emendandum
1175 335 1231 368 est
1244 343 1292 369 v1.
1309 331 1414 373 Ka&
1428 331 1559 378 alioqui
1573 331 1692 377 cyclus

136 394 234 427 esset
247 391 353 427 lunas
365 403 415 434 ι,
430 401 502 426 nou
518 394 613 437 xm.)
628 391 695 426 hoc
711 395 764 426 est
778 398 871 426 anno
884 401 948 425 ιιι.
964 389 1230 432 incarnatianis‚
1245 389 1347 424 iuxta
1361 389 1579 435 Dionysium.
1602 387 1693 423 Cum

135 447 258 484 'sutem
270 448 315 484 ad
325 456 457 483 annum
469 459 614 484 nxxxrv.
627 448 742 484 Bedse
753 447 983 490 locumcitat,
998 447 1099 493 quasi
1110 447 1156 481 sit
1167 457 1279 482 annus
1291 446 1499 482 Diocletiani
1510 454 1693 487 conam„

141 504 228 540 scito
242 505 463 541 librariorum
471 515 591 540 errore
606 505 755 548 factum,
776 508 818 540 ut
832 503 920 540 haec
941 507 1043 547 nota,
1065 514 1156 550 quae
1177 504 1221 538 ad
1243 514 1376 539 annum
1391 515 1529 540 nxxm.
1544 502 1694 539 adscribi

140 562 276 606 debuit,
296 563 334 598 iu
348 573 493 599 nxxxrv.
511 563 756 606 coniiceretur3
778 572 824 598 ne
841 561 920 608 quis
933 561 1022 596 torte
1037 561 1233 596 Marianum
1249 561 1435 596 discrimen
1449 561 1535 596 illud
1551 560 1693 603 biennii,

140 619 233 666 quod
253 623 335 655 ants
356 630 466 655 annos
488 619 622 666 aliquot
641 619 909 666 urgericoepit,
928 617 1115 665 agnovisse
1138 628 1219 653 cum
1241 618 1418 664 Scaligero
1441 621 1591 654 censeat.
1629 617 1692 653 Hic

139 675 234 712 enim
253 677 312 713 lib.
329 686 377 714 vt.
399 687 434 724 p.
449 676 528 714 513.
550 677 603 712 ed.
620 676 652 712 2.
674 677 717 712 de
731 676 875 715 Emend.
892 675 1014 723 Temp.
1029 675 1281 722 Dionysianam
1296 684 1414 710 aeram
1429 676 1570 711 biennio
1587 685 1693 722 quun

139 744 204 780 par
223 733 271 769 sit
291 734 484 770 breviorem
506 744 527 769 a
542 735 700 770 Mariano
721 734 791 772 dici
809 731 1008 776 confirmat,
1028 736 1066 768 et
1079 732 1165 768 haec
1178 733 1290 779 ipsius
1306 733 1413 768 verbe.
1427 737 1692 768 commemorat:

140 791 240 826 Anno
262 792 311 827 ad
331 793 506 826 veritatem
530 791 716 837 Evanqelis·
729 800 894 834 Μυκη,
916 791 1098 825 menradum
1118 801 1198 824 vero
1213 790 1375 834 Dionysii
1390 792 1519 835 cyclum
1534 802 1693 833 mxxiv„

139 847 396 891 Rauennam,
417 851 476 894 qui
498 856 531 883 et
554 849 739 894 Greqori'us
754 852 826 885 etc:
850 847 947 891 Quae
967 847 1109 894 quidem
1124 847 1231 882 verba
1252 846 1289 882 in
1305 846 1455 882 editione
1471 847 1693 884 Francol'ord.

133 905 350 948 Pistoriae„
367 915 456 952 quae
471 905 559 941 mihi
570 917 650 941 cum
661 905 748 942 haec
762 905 949 941 scriberem
963 904 1008 940 ad
1021 915 1167 940 manum
1182 907 1274 948 erat,
1289 914 1465 950 nusquam
1476 906 1598 952 reperi.
1623 905 1693 940 Sed

139 965 178 997 ut
189 961 322 998 ‘alicubi
336 963 508 1010 legantur,
527 963 604 1010 quis
619 974 690 999 non
705 962 938 999 emendandas
953 973 1031 998 esse
1046 962 1242 998 numerales
1257 964 1361 996 notas
1377 961 1517 996 videat?
1555 963 1693 998 Etenim
1741 964 1743 966 ’

138 1019 299 1066 Dionysii
309 1019 427 1066 cyclus
440 1021 621 1067 vulgarem
637 1030 756 1056 aeram
770 1027 840 1056 uno
855 1019 1032 1068 praecedit
1039 1029 1137 1054 anno
1145 1045 1155 1062 ,
1170 1021 1294 1065 estque
1305 1018 1395 1064 cycli
1406 1020 1579 1054 secundus
1592 1031 1693 1055 aerae

137 1077 282 1124 primus.
304 1076 403 1112 Unde
418 1077 450 1112 si
465 1077 543 1124 quis
559 1088 676 1112 aeram
692 1077 832 1114 biennio
846 1079 1059 1125 promoveat,
1075 1076 1204 1112 incidet
1217 1076 1255 1111 in
1267 1076 1593 1111 decemnovennalis
1605 1078 1694 1123 cycli

137 1144 269 1170 sunum
283 1145 373 1177 xm,
389 1135 511 1180 magni
526 1135 615 1181 cycli
630 1134 836 1181 Dionysiani
851 1145 1005 1177 nxxxn„
1021 1133 1087 1169 hoc
1102 1137 1157 1168 est
1170 1133 1314 1168 alterius
1328 1133 1418 1178 cycli
1431 1134 1638 1180 postulatitii
1653 1145 1694 1169 ac

137 1190 320 1238 proleptici
343 1191 515 1227 ultimum.
547 1191 697 1239 Ideoque
719 1202 833 1228 annus
847 1192 991 1229 verioris
1013 1201 1114 1226 aerae
1130 1202 1277 1226 uuxvr.
1294 1190 1360 1225 erit
1377 1190 1584 1237 Dionysiani
1605 1192 1695 1237 cycli

138 1259 286 1291 κιαι,
309 1259 380 1284 ηοη
397 1259 542 1285 mxxiv.
573 1250 759 1286 Debuisset
773 1249 952 1285 Marianus
975 1259 1046 1285 non
1069 1249 1207 1296 cyclum
1222 1248 1398 1295 Dionysii,
1421 1248 1483 1283 sed
1503 1259 1620 1284 aeram
1643 1249 1693 1284 di-

137 1316 224 1340 cere.
255 1305 399 1353 Cyclum
423 1307 516 1343 enim
530 1306 784 1355 Dionysianum
805 1317 918 1355 neque
933 1307 1112 1344 Marianus
1129 1317 1243 1353 neque
1259 1305 1463 1352 Sigebertus
1479 1306 1693 1352 improbant:

138 1363 199 1397 sed
214 1363 463 1399 incarnationis
480 1365 582 1400 annis
601 1375 760 1412 perverse
775 1365 948 1401 duntaxat
961 1365 1135 1412 illigatum
1157 1364 1378 1406 existimant3
1400 1364 1438 1399 iu
1459 1374 1528 1410 quo
1549 1375 1621 1399 non
1644 1364 1693 1399 bi-

138 1421 260 1464 ennio,
283 1421 346 1456 sed
367 1421 468 1457 annis
491 1422 611 1459 solidis
631 1422 768 1459 duobus
788 1426 824 1458 et
837 1423 964 1470 viginti
978 1423 1175 1459 aberratum
1191 1432 1268 1457 esse
1284 1423 1454 1458 statuunt.
1486 1422 1532 1456 Et
1545 1433 1626 1457 cnm
1642 1433 1692 1457 er-

138 1489 252 1515 rorem
266 1477 374 1515 istum
387 1480 524 1526 vulgari
538 1490 708 1517 annorum
722 1481 850 1516 rationi
865 1484 938 1516 tam
952 1483 1153 1516 constanter
1167 1479 1383 1522 adscribant,
1399 1479 1527 1515 mirum
1543 1483 1598 1515 est
1614 1481 1693 1516 illos

136 1536 174 1571 in
191 1535 433 1582 Chronologiis
454 1537 528 1573 suis
551 1538 596 1574 ad
611 1547 689 1573 eam
703 1538 817 1585 ipsam
832 1538 1031 1574 adhaesisse
1047 1547 1153 1584 qnam
1169 1537 1437 1580 damnaverant,
1459 1547 1574 1584 neque
1594 1538 1695 1572 aliter

138 1604 244 1640 quam
266 1605 312 1630 ex
333 1593 548 1640 Dionysiano
571 1596 783 1643 praescripto
806 1599 964 1643 tempora
984 1595 1184 1642 digessisse.
1229 1594 1410 1630 Marianus
1432 1595 1527 1630 enim
1549 1595 1593 1629 ad
1613 1606 1694 1630 enm

137 1660 270 1686 annum
292 1651 354 1698 qui
374 1651 648 1688 incarnationem
671 1656 707 1688 et
727 1654 881 1689 natalem
903 1653 1035 1689 domini
1055 1651 1188 1698 ἄμέοως
1203 1651 1391 1695 antecedit,
1414 1651 1501 1688 haec
1516 1652 1693 1688 observat:

139 1708 260 1753 cyclus
274 1720 417 1754 magmas
426 1709 612 1756 paschalis
625 1712 750 1757 incipit
763 1711 863 1745 hinc.-
881 1714 919 1745 s'n
935 1713 1031 1745 cuiue
1046 1722 1136 1745 anno
1151 1711 1298 1744 secundo
1312 1712 1410 1744 iuxta
1427 1710 1628 1755 Dionysium
1642 1713 1693 1744 ὁη-

137 1766 284 1800 dictione
295 1768 400 1802 ter&
410 1772 513 1801 nom
525 1773 576 1802 est
585 1767 761 1805 Dominus,
784 1768 880 1804 Idem
896 1768 1003 1805 etiam
1018 1778 1110 1803 anno
1127 1767 1303 1814 sequenti,
1320 1766 1422 1802 Urbis
1434 1777 1571 1803 occur.
1581 1794 1590 1810 ‚
1600 1767 1694 1803 -Leu-

136 1822 209 1858 tulo
220 1825 262 1858 et
273 1823 465 1860 nes-alim
481 1834 570 1860 coss.
587 1824 725 1871 Olymp.
742 1834 881 1868 σκοπῇ,
904 1835 996 1861 anno
1018 1836 1070 1862 nx.
1094 1824 1211 1860 indict.
1227 1836 1275 1861 xv.
1297 1824 1352 1860 die
1375 1824 1550 1861 dominico
1572 1830 1694 1860 natum

135 1890 212 1915 esse
229 1878 405 1916 Christum
419 1883 607 1919 asseverat.
639 1881 762 1929 Itaque
780 1882 1012 1918 Christianam
1033 1892 1151 1917 aeram
1173 1893 1195 1917 a
1217 1882 1315 1928 cyclo
1336 1882 1552 1929 Dionysium
1573 1895 1612 1919 11.
1634 1893 1693 1918 ex-

84 1959 87 1962 »
135 1947 236 1973 orsus
252 1940 324 1981 est,
346 1938 445 1983 cyclo
461 1937 546 1974 solis
563 1950 613 1982 x.,
634 1939 735 1974 litera
750 1939 842 1975 dom.
859 1940 916 1983 Β.,
938 1944 1012 1975 tam
1035 1941 1072 1975 in
1094 1939 1278 1975 emendata
1292 1940 1422 1975 bisexti
1436 1940 1571 1975 ratione
1586 1951 1693 1987 quam

133 1995 171 2031 in
185 1995 311 2031 vitiosa
332 1994 410 2037 ins,
431 1990 572 2042 qualem
591 2007 637 2031 ex
659 1995 767 2032 Paule
787 1997 1086 2043 Middelburgensi
1106 2007 1212 2044 supra
1230 1997 1488 2044 proposuimus.
1521 1996 1591 2032 Sed
1613 2009 1693 2034 cum

131 2053 226 2088 idem
246 2051 425 2088 Marianus
448 2051 626 2089 Christum
647 2054 698 2088 ait
719 2055 911 2091 secundum
934 2054 1142 2101 Dionysium
1165 2058 1289 2090 natum
1319 2054 1438 2091 indict.
1464 2067 1534 2098 ιιι,
1562 2055 1694 2091 librarii

133 2108 235 2156 culpa
248 2121 302 2146 111.
319 2119 383 2156 pro
401 2120 447 2144 π.
462 2109 612 2156 irrepsit.
642 2109 733 2146 Nam
749 2112 896 2148 subinde
911 2112 1030 2147 indict.
1046 2124 1094 2148 ιν.
1111 2115 1215 2147 natus
1231 2112 1365 2147 dicitur.
1395 2112 1552 2148 Tametsi
1567 2124 1611 2148 ne
1626 2113 1692 2148 hoc

132 2167 273 2214 quidem
286 2177 408 2202 verum
422 2170 492 2210 est,
507 2167 699 2203 indictione
714 2180 762 2204 xv.
777 2172 901 2204 natum
916 2179 1011 2212 esse,
1028 2169 1089 2204 sed
1101 2181 1151 2212 v.‚
1167 2170 1198 2204 si
1214 2169 1355 2216 quidem
1370 2169 1577 2206 indictiones
1594 2181 1615 2205 a
1631 2171 1693 2206 Se-

132 2223 298 2270 ptembri,
318 2226 360 2259 ut
379 2223 476 2259 Beda
497 2224 616 2268 docet,
637 2225 789 2261 exordiri
803 2226 963 2262 velimus.
995 2226 1084 2262 Cum
1100 2227 1193 2262 enim
1208 2227 1342 2274 primus
1359 2238 1472 2262 annus
1487 2227 1693 2274 Dionysiani

133 2281 221 2328 cycli
234 2281 352 2318 indict.
367 2292 420 2318 ιιι.
436 2282 604 2329 coeperit,
626 2282 725 2318 cuius
747 2294 769 2318 a
791 2282 988 2330 Septembri
1009 2288 1135 2331 quarta
1156 2285 1272 2331 coepit
1293 2284 1453 2327 indictio,
1473 2295 1692 2331 consequens

133 2341 188 2373 est
201 2348 333 2374 annum
348 2338 504 2374 eiusdem
519 2340 609 2385 cycli
624 2351 681 2382 11.‚
703 2340 763 2386 qui
777 2340 896 2376 indict.
913 2353 960 2377 xv.
977 2342 1109 2388 coepit,
1131 2342 1168 2377 in
1183 2342 1269 2384 fine,
1291 2341 1356 2377 hoc
1380 2346 1435 2376 est
1449 2353 1471 2376 a
1485 2342 1691 2388 Septembri,

132 2395 358 2431 indictionem
373 2396 532 2443 quintam
548 2395 730 2439 habuisse;
753 2400 790 2432 et
804 2399 970 2444 quoniam
986 2397 1160 2442 Christus,
1182 2403 1222 2434 ut
1237 2400 1342 2434 toties
1356 2399 1537 2434 Marianus
1554 2400 1692 2442 occinit,

131 2462 224 2488 anno
241 2452 331 2499 cycli
345 2453 498 2489 seeundo
513 2457 618 2489 natus
635 2457 704 2496 est,
720 2453 908 2491 indictione
922 2454 1018 2491 haud
1033 2456 1138 2491 dubie
1154 2457 1277 2503 quinta
1291 2460 1416 2492 natum
1432 2467 1518 2492 esse.

222 2508 269 2544 Ut
283 2513 402 2546 autem
416 2511 514 2546 nulla
529 2511 790 2557 Scaligerianae
811 2512 997 2558 suspitioni
1017 2514 1152 2548 latebra
1173 2513 1342 2559 supersit,
1364 2523 1435 2559 qua
1455 2513 1587 2549 biennii
1609 2526 1691 2560 προ-

132 2565 312 2614 χρονισμὸν
332 2567 451 2611 illum,
473 2578 579 2615 quem
598 2568 835 2614 Dionysianae
854 2578 960 2604 aerae
980 2569 1118 2612 tribuit,
1140 2570 1298 2605 Mariano
1322 2569 1519 2606 suboluisse
1542 2572 1692 2615 coniicit,

132 2623 372 2660 admouendus
394 2625 503 2660 lector
525 2629 580 2660 est
601 2625 694 2672 apud
708 2625 924 2669 Marianum,
947 2637 1035 2673 quae
1058 2627 1103 2662 ad
1125 2638 1236 2662 annos
1261 2625 1435 2673 adscripta
1457 2631 1540 2663 sunt
1561 2627 1691 2664 scholia

131 2687 378 2727 saepenumero
401 2682 526 2717 luxata
546 2693 611 2718 suo
627 2682 704 2718 loco
720 2685 754 2717 et
767 2682 880 2718 alieno
896 2683 1010 2730 posita
1025 2684 1150 2727 videri,
1173 2694 1238 2718 nec
1253 2694 1332 2719 raro
1347 2695 1574 2721 numerorum
1586 2690 1690 2722 notas

132 2747 211 2772 esse
225 2738 424 2775 mendosas.
454 2738 616 2786 Exempli
632 2749 758 2775 caussa
775 2749 907 2775 annum
922 2741 1073 2787 primum
1088 2741 1178 2786 cycli
1192 2741 1399 2787 Dionysisni
1414 2743 1594 2789 componit
1609 2754 1692 2780 eum

132 2805 225 2829 anno
241 2793 345 2831 Urbis
359 2804 547 2839 nomm,
569 2796 700 2832 Sabino
725 2800 759 2831 et
773 2796 938 2832 Passieno
955 2807 1044 2833 coss.
1092 2798 1182 2832 Tum
1202 2808 1295 2833 anno
1318 2800 1478 2845 sequenti
1492 2799 1640 2836 Lentulo
1657 2807 1692 2836 et

130 2850 320 2887 Messalino
333 2861 423 2888 coss.
435 2863 528 2890 anno
539 2854 651 2900 primo
665 2852 804 2896 Christi,
815 2857 976 2888 numerat
987 2853 1090 2890 Urbis
1103 2864 1238 2890 occur.
1251 2855 1468 2902 Olympiadis
1478 2867 1561 2892 vero
1571 2867 1690 2894 cxciv.

132 2919 263 2943 annum
279 2919 332 2944 m.
361 2909 469 2956 Atqui
490 2921 604 2946 annus
627 2921 704 2945 esse
726 2910 846 2945 debuit
860 2910 962 2945 Urbis
978 2921 1104 2954 occu„
1128 2915 1168 2946 ut
1189 2915 1244 2948 est
1258 2913 1295 2948 in
1309 2913 1424 2948 Fastis
1440 2913 1639 2950 cassiodori
1654 2921 1690 2950 et

132 2965 344 3012 Cuspinisni.
373 2965 537 3002 &ratum
551 2968 659 3014 igitur
675 2978 696 3002 a
711 2968 851 3002 librario
868 2971 937 3010 est,
955 2968 1016 3014 qui
1031 2968 1109 3005 752.
1126 2980 1190 3015 pro
1202 2969 1281 3006 750.
1297 2971 1493 3017 exscripsit.
1524 2972 1688 3007 Proinde-

133 3033 200 3069 que
214 3033 287 3057 non
298 3025 369 3058 tres
379 3023 464 3059 anni
474 3024 614 3067 desunt,
630 3029 670 3059 ut
681 3025 711 3059 is
724 3024 783 3070 qui
796 3024 941 3059 editioni
953 3025 1104 3071 praefuit
1116 3025 1311 3070 adnotavit,
1327 3039 1458 3074 neque,
1474 3030 1514 3063 ut
1529 3028 1690 3064 deessent

132 3079 255 3126 aliqui,
267 3079 386 3127 plures
395 3080 530 3117 duobus
541 3081 717 3123 inserendi
726 3081 852 3117 forent.
874 3081 953 3117 Non
965 3082 1059 3118 enim
1071 3083 1314 3120 animadvertit
1325 3094 1443 3120 aeram
1455 3085 1688 3121 Christianam

1726 2481 1752 2506 p.
1768 2475 1824 2500 117.
