2008 3294
321 236 492 273 LXXXII

322 352 433 377 annos
448 340 647 382 rediissent,
664 339 790 384 Magos
805 348 866 373 eos
881 338 1064 373 invenisse.
1101 338 1174 373 Hoc
1191 349 1272 373 vero
1293 349 1473 385 nunquam
1496 339 1634 385 scripsit
1653 338 1878 386 Epiphanius,

322 399 435 441 Quare
446 397 679 433 hallucinatus
693 399 746 430 est
758 395 1012 431 eruditissimus
1024 396 1084 430 ille
1100 395 1363 441 evangeliorum
1377 396 1559 443 interpres.
1582 395 1654 431 Nec
1669 396 1747 431 ideo
1762 399 1882 431 tamen

322 460 458 490 tantum
474 454 694 496 commeruit,
718 455 759 488 ut
780 463 802 487 a
817 452 1026 488 Casaubono
1048 456 1121 487 tam
1143 453 1369 488 inclementer
1383 464 1424 488 ac
1446 454 1563 500 putide
1585 456 1764 488 notaretur
1784 457 1819 488 et
1833 453 1882 488 vi-

323 507 578 548 rulentissimus
593 521 635 545 ac
649 510 997 557 maledicentissimns
1010 510 1156 556 scriptor
1167 510 1399 556 appellaretur
1412 511 1450 546 in
1464 511 1524 545 illo
1540 520 1644 557 opere
1661 510 1754 556 quod
1768 511 1882 557 ipsum

325 582 369 604 ex
382 570 563 604 virulentis
579 568 761 603 calumniis
777 571 812 602 et
832 567 1013 602 haereticis
1032 567 1254 613 opinionibus
1271 571 1472 603 contextum
1489 568 1654 603 adversus
1666 566 1884 603 Baronianos

323 628 476 662 Annales
493 626 625 661 effudit.

414 683 473 724 Ὣς
491 682 533 723 εἰς
548 682 606 727 τὴν
622 682 801 729 πανήγυριν
815 682 966 726 ταύτην.]
997 681 1109 723 Quam
1130 681 1270 716 tandem
1291 681 1347 716 hic
1371 682 1548 729 πανήγυριν
1564 681 1739 727 intelligat
1753 681 1883 717 neseio.

325 742 467 777 Videtur
482 740 550 776 loci
564 741 675 783 illins,
697 740 733 775 in
747 746 823 786 -quo
839 742 945 774 natus
962 743 1036 774 erat
1051 739 1228 782 dominus,
1253 739 1460 775 celebratam
1480 739 1686 774 memoriam
1708 737 1886 784 πανήγυριν

325 799 512 845 appellare.

414 856 457 890 N.
474 867 507 890 x.
522 864 525 867 ·
540 855 599 901 Τῷ
616 854 660 901 γὰ
692 856 878 902 τριακοστῷ
895 853 1023 899 τρίτῳ]
1054 853 1104 888 De
1120 852 1173 888 his
1190 854 1383 889 accuratius
1399 854 1503 900 paulo
1519 856 1601 899 post
1615 859 1770 899 agemus.

418 912 478 947 Διὰ
493 912 531 946 th
549 919 654 958 μεμνη
697 911 786 945 εΰθαι
801 903 1007 958 πρεσβύτης]
1037 910 1137 952 Quod
1152 910 1320 957 Iosephus
1337 911 1510 958 decrepita
1523 911 1595 945 iam
1611 913 1725 944 aetate
1740 909 1888 945 Mariam

327 971 466 1006 duxerit
487 973 587 1005 vetus
609 972 664 1003 est
685 969 813 1015 opinio.
853 968 950 1010 Quod
975 971 1092 1002 autem
1112 968 1240 1003 liberos
1262 979 1307 1003 ex
1327 968 1440 1014 priore
1463 967 1580 1013 aliqua
1601 967 1750 1014 coniuge
1771 977 1889 1002 susce·

326 1029 430 1075 perit,
454 1027 520 1062 etsi
540 1027 576 1061 id
597 1025 783 1072 Epiphanii
799 1026 927 1072 aliique
943 1028 1078 1060 veteres
1093 1026 1282 1060 memoriae
1304 1025 1535 1072 prodiderint,
1558 1020 1751 1060 reclamant
1770 1027 1888 1060 tamen

328 1084 593 1120 meritocaeteri
610 1093 742 1119 omnes.
774 1082 826 1117 De
843 1093 912 1128 qua
927 1093 964 1117 re
980 1082 1153 1117 Baronius
1168 1082 1205 1117 in
1222 1083 1348 1129 Appar.

417 1141 460 1178 N.
476 1153 525 1176 ιι.
555 1139 722 1175 Ἐντεῦθεν
738 1139 872 1183 τοίνυν.]
901 1139 995 1174 Haec
1015 1140 1124 1186 igitur
1138 1139 1246 1174 verba
1261 1143 1319 1174 τοῦ
1337 1139 1410 1174 θεοῦ
1433 1139 1476 1174 ad
1492 1139 1608 1174 Iesum
1630 1139 1802 1186 pertinere
1817 1147 1889 1172 cre-

329 1200 415 1235 didit
427 1198 570 1246 Epiph.,
586 1209 658 1233 non
674 1197 717 1232 ad
733 1197 916 1232 Adamum.

420 1257 479 1303 Τῷ
495 1257 608 1302 Λουκᾷ
624 1252 692 1289 ὄντι
708 1254 762 1288 καὶ
778 1253 881 1300 αὐτῷ.
913 1253 1013 1296 Quod
1027 1253 1141 1289 Lucas
1158 1264 1176 1288 e
1193 1253 1443 1300 discipulorum
1458 1265 1604 1290 numero
1625 1253 1746 1296 fuerit,
1769 1252 1892 1288 asserit

329 1318 365 1350 et
379 1313 574 1349 Dorotheus
590 1313 626 1347 in
642 1311 812 1358 Synopsi,
834 1311 994 1357 quamvis
1016 1310 1051 1345 id
1072 1311 1188 1358 ipsum
1210 1311 1254 1346 ab
1272 1322 1312 1346 eo
1328 1311 1451 1358 negari
1464 1311 1688 1347 Maldonatus
1704 1310 1890 1357 scripserit.

329 1373 398 1407 Sed
415 1375 536 1407 contra
551 1370 708 1405 sentiunt
721 1368 894 1415 plerique,
911 1371 945 1403 et
958 1368 995 1402 id
1010 1378 1055 1402 ex
1070 1368 1156 1414 ipsis
1173 1368 1289 1403 Lucae
1305 1369 1419 1403 verbis
1436 1369 1622 1414 colligunt,
1639 1379 1719 1403 cnm
1735 1368 1785 1402 ait
1799 1364 1892 1407 ὣσξε

330 1430 430 1476 adpo}
446 1426 753 1475 παρηκολουθηκότι
769 1423 891 1459 ἄνωθεν
906 1426 1003 1459 πᾶσιν
1017 1422 1156 1470 ἀκριβῶς
1173 1425 1306 1470 κατεξῆς
1322 1437 1374 1460 σοι
1386 1424 1519 1472 γράψαι.
1545 1425 1614 1460 Sed
1629 1427 1767 1460 tantum
1781 1424 1892 1466 abest,

329 1491 370 1522 ut
384 1487 469 1521 haec
486 1484 695 1530 discipulum
711 1481 839 1518 Christi
853 1482 981 1525 fuisse,
998 1492 1037 1516 ac
1053 1493 1126 1517 non
1139 1483 1323 1529 pleraque,
1339 1492 1419 1517 cum
1435 1483 1480 1517 ab
1497 1493 1537 1517 eo
1555 1485 1765 1529 gererentur,
1782 1481 1892 1517 oculis

330 1553 518 1590 usurpasse
538 1545 687 1588 negent,
711 1543 751 1575 ut
773 1539 986 1574 contrarium
1008 1539 1123 1586 potius
1145 1538 1226 1575 hinc
1249 1536 1328 1575 elici
1341 1540 1464 1586 possit.
1506 1535 1665 1576 Verbum
1676 1539 1771 1575 enim
1786 1549 1892 1585 παρα·

331 1601 499 1635 κολουθεῖν
515 1607 770 1644 nonnunquam
785 1597 828 1632 ad
845 1607 922 1632 eam
937 1597 1098 1632 notitiam
1113 1596 1259 1632 refertur
1274 1607 1363 1643 quae
1386 1597 1495 1632 oculis
1514 1597 1602 1644 ipsis
1624 1607 1664 1632 ac
1686 1596 1828 1644 propria
1841 1596 1893 1630 in-

330 1658 523 1704 telligentia
538 1658 768 1702 comparatur,
783 1665 855 1690 non
871 1655 1018 1689 aliorum
1035 1654 1264 1690 sermonibus.
1288 1653 1334 1692 Ut
1349 1664 1429 1688 cum
1440 1653 1692 1689 Demosthenes
1708 1652 1740 1688 ἐν
1755 1651 1894 1700 τῷπερὶ

332 1714 599 1762 Παραπρεσβείας
628 1712 669 1748 de
685 1711 872 1755 Aeschine,
895 1712 993 1746 cuius
1015 1711 1053 1747 in
1072 1711 1249 1758 legatione
1265 1722 1381 1747 comes
1396 1711 1528 1754 fuerat,
1549 1711 1600 1746 sic
1613 1711 1782 1758 loquitur:
1806 1709 1860 1744 καὶ
1876 1707 1894 1743 ὃ

290 1794 297 1802 -
332 1773 451 1807 τούτου
474 1771 705 1818 πονηρεύματα
728 1767 822 1809 εἰδὼς
844 1769 898 1803 καὶ
919 1767 1222 1816 παρηκολουθηκὼς
1247 1767 1348 1802 ἅπασι
1369 1769 1556 1816 κατηγορῶ.
1589 1767 1647 1804 Sic
1662 1768 1769 1815 igitur
1782 1767 1895 1803 Lucas

334 1828 455 1874 ἄνωθεν
473 1826 795 1876 παρηκολουθηκέναι
811 1828 906 1861 πᾶσιν
922 1826 1063 1873 ἀκριβῶς
1079 1826 1214 1869 dicitur,
1236 1825 1301 1861 hoc
1323 1829 1377 1860 est
1399 1829 1576 1872 comperta
1591 1826 1840 1873 explorataque
1856 1831 1897 1859 ae

334 1891 488 1934 spectata
505 1886 611 1921 etiam
626 1884 802 1921 habuisse.
829 1884 878 1919 Ac
893 1883 1003 1919 videri
1018 1887 1134 1930 potest
1149 1887 1184 1918 et
1198 1883 1368 1918 nonnulla
1381 1882 1437 1918 hic
1454 1882 1635 1919 antithesis
1651 1893 1745 1927 esse,
1760 1886 1802 1918 ut
1814 1879 1896 1918 cum

335 1945 511 1991 superiore
520 1954 623 1978 versu
636 1941 772 1985 dixerit,
785 1941 1067 1988 quandoquidem
1079 1940 1180 1976 multi
1192 1951 1247 1975 res
1260 1951 1282 1975 a
1294 1939 1429 1975 Christo
1443 1943 1562 1987 gestas
1575 1939 1727 1976 scribere
1739 1930 1897 1987 fflressi

334 2006 416 2037 sunt
424 2028 432 2044 ‚
447 2001 556 2040 καθὼς
569 2000 756 2046 παρέδοσαν
767 1998 845 2045 ἡμῖν
858 1997 889 2032 οἱ
900 1996 956 2032 ἀπ’
969 1997 1072 2045 ἀρχῆς
1082 2025 1091 2043 ,
1108 1998 1228 2032 statim
1239 1997 1414 2041 subiiciat,
1432 1994 1521 2038 ἔδοξε
1534 1996 1634 2044 κᾴμοὶ
1646 1995 1897 2043 παρηκολουθη-

336 2060 423 2102 κότι,
439 2058 505 2093 hoc
522 2064 576 2092 est
591 2057 651 2103 qui
667 2068 736 2091 non
746 2082 754 2097 ‚
769 2059 810 2091 ut
823 2055 891 2098 illi,
907 2053 943 2089 ἐκ
959 2055 1193 2101 παραδόσεως,
1217 2054 1277 2089 sed
1294 2065 1338 2089 ex
1355 2054 1496 2101 propria
1510 2054 1545 2089 id
1561 2054 1706 2090 scientia
1721 2064 1897 2101 compere-

336 2118 411 2151 rim.
450 2116 632 2150 Caeterum
649 2113 788 2149 tametsi
805 2112 848 2147 ad
865 2123 945 2147 eum
961 2123 1102 2147 sensum
1115 2110 1368 2147 accommodari
1380 2110 1494 2146 Lucae
1507 2111 1612 2147 verba
1626 2110 1713 2146 nihil
1726 2110 1897 2158 prohibet,

336 2186 407 2209 non
424 2173 545 2208 iccirco
562 2176 679 2207 tamen
696 2170 823 2206 Christi
838 2168 1046 2216 discipulum
1061 2168 1171 2204 fuisse
1193 2173 1285 2204 certo
1308 2169 1538 2215 pronunciare
1560 2168 1694 2213 ausim¹
1714 2178 1796 2203 cum
1816 2167 1896 2203 huic

337 2230 510 2266 adversari
526 2229 719 2265 sententiae
734 2228 839 2275 longe
854 2227 970 2274 plures
986 2225 1050 2262 PP.
1068 2226 1275 2272 intelligam.
1309 2225 1377 2261 Sed
1398 2226 1464 2260 ista
1484 2226 1772 2269 commemoravi,
1793 2229 1833 2261 ut
1853 2237 1897 2261 ne

338 2289 451 2324 Lucae
467 2288 533 2335 ipsi
550 2286 591 2322 de
607 2298 645 2322 se
660 2285 803 2321 testanti
818 2283 986 2330 refragari
1001 2283 1186 2330 quisquam
1202 2281 1434 2330 Epiphaniam
1451 2283 1644 2318 arbitretur.

429 2344 489 2379 Kal
505 2344 652 2391 κηρύττει
668 2342 828 2390 πρῶτον]
855 2341 986 2376 Lucam
997 2340 1034 2375 in
1049 2339 1163 2375 Gallia
1173 2339 1407 2387 praedicasse,
1423 2339 1558 2383 nullus,
1574 2339 1665 2387 quod
1677 2340 1802 2384 sciam,
1818 2344 1896 2387 pro-

339 2402 434 2439 didit.
459 2403 572 2449 Atque
587 2400 680 2437 haud
696 2400 768 2437 scio
785 2409 830 2435 an
844 2398 995 2435 Galliam
1007 2395 1223 2445 Cisalpinam
1235 2397 1424 2444 intelligat,
1440 2407 1503 2445 per
1519 2407 1623 2444 quam
1639 2397 1674 2433 in
1686 2396 1896 2433 Dalmatiam

340 2460 591 2506 Graeciamque
607 2457 832 2494 contenderit.
1795 2479 1797 2482 .

431 2517 587 2564 Ιίρίοσης,
605 2515 712 2562 φησὶν,
729 2513 761 2549 ἐν
778 2516 817 2561 τῇ
834 2512 984 2560 Γαλλίᾳ]
1010 2512 1083 2548 imo
1096 2510 1138 2554 ιίς
1151 2510 1304 2547 Γαλλίαν.
1330 2510 1419 2547 Nam
1430 2511 1536 2558 vulgo
1549 2510 1591 2551 εἰς
1604 2511 1776 2547 Γαλατίαν.
1803 2511 1898 2556 Quae

341 2580 394 2610 est
414 2574 652 2610 vetustissima
675 2576 710 2607 et
732 2572 926 2607 certissima
947 2570 1067 2614 lectio,
1093 2568 1255 2617 quicquid
1279 2567 1430 2604 affirmet
1450 2567 1676 2616 Epiphanius.
1723 2568 1835 2612 Quam
1863 2573 1898 2605 et

341 2632 512 2667 Eusebius
529 2632 550 2667 1.
568 2642 620 2667 ιιι.
638 2629 725 2665 llist.
743 2641 771 2665 c.
788 2640 852 2671 xv„
875 2627 1068 2674 Chrysost„
1092 2626 1311 2669 Ambrosius,
1327 2624 1563 2662 Theodoretus
1587 2636 1627 2661 ac
1645 2625 1769 2662 Graeci
1785 2631 1819 2662 et
1833 2626 1898 2662 La·

341 2690 404 2724 tini
429 2698 549 2724 omnes
571 2690 779 2734 agnoscunt.
818 2686 1025 2732 Quanquam
1048 2680 1119 2720 hon
1142 2683 1268 2719 desunt
1288 2682 1347 2730 qui
1367 2693 1430 2731 per
1453 2681 1615 2717 Γαλατίαν
1639 2682 1730 2730 apud
1751 2682 1898 2720 Paulum

343 2746 494 2781 (inlitam
522 2745 733 2791 intelligant.
762 2747 801 2779 ut
826 2741 1074 2779 Theodoretus.
1123 2740 1340 2777 Crescentem
1368 2749 1450 2776 vero
1475 2739 1663 2776 Galliarum
1691 2744 1726 2776 et
1743 2739 1898 2776 Galatiae

343 2804 470 2849 pariter
485 2802 681 2849 apostolum
698 2801 806 2836 fuisse
816 2827 824 2842 ‚
842 2799 916 2835 Ado
932 2799 968 2835 in
983 2798 1127 2845 Martyr.
1138 2810 1170 2834 v.
1181 2797 1258 2835 Kal.
1274 2795 1336 2834 Iul.
1351 2800 1386 2832 et
1401 2796 1436 2832 in
1453 2795 1622 2832 Chronico
1637 2800 1795 2842 testatur,
1810 2802 1850 2833 ut
1865 2801 1899 2832 et

345 2860 441 2894 Rom.
461 2860 601 2904 Mar-tyr.
619 2869 758 2895 novum.
780 2858 899 2892 vVetus
915 2856 1006 2892 enlm
1026 2855 1184 2891 Galatiae
1199 2855 1369 2891 duntaxat
1381 2854 1550 2890 meminit.
1582 2853 1625 2889 Et
1644 2858 1734 2891 certe
1749 2854 1898 2891 dubitari

343 2920 475 2964 potest,
493 2919 606 2950 utrum
623 2927 689 2950 non
707 2914 812 2950 modo
825 2914 1009 2956 Crescens,
1027 2912 1088 2949 sed
1104 2913 1158 2948 vel
1174 2912 1263 2948 allus
1280 2911 1479 2959 quisquam,
1497 2922 1557 2958 per
1573 2911 1632 2947 illa
1649 2915 1805 2959 tempora
1818 2911 1898 2948 Gal-

342 2974 398 3009 nt·
413 2972 585 3016 evangelii
603 2972 712 3007 lucem
730 2971 931 3019 importarit.

435 3029 474 3065 Ν.
492 3041 553 3065 sn.
587 3027 675 3063 Μιτὰ
692 3027 748 3072 τὴν
767 3028 867 3063 αὐτοῦ
884 3026 948 3063 ἀνι-ὀ
966 3029 1020 3071 τῆς
1040 3025 1201 3074 [lintace]
1231 3019 1306 3061 Non
1329 3025 1434 3071 igitur
1454 3024 1488 3060 in
1508 3025 1627 3061 l‘atmo
1644 3025 1781 3073 scripsit
1797 3036 1898 3061 evan-
