1968 3294
710 254 920 290 SCR1PTAE
942 255 998 288 AB
1022 255 1117 287 ΑΕΒ.
1144 254 1310 288 immo.
1698 245 1777 286 113

245 330 406 368 ἐαυτὸν
429 331 532 368 θεὸν
555 329 784 379 ὠνόμασε]
810 333 999 368 Accurntim
1018 333 1143 367 Noster
1160 335 1201 367 T.
1219 335 1243 367 Ι.
1268 346 1300 379 p.
1317 336 1370 367 20.
1407 331 1594 377 Σιωπήν
1616 331 1664 370 δὲ
1687 329 1779 378 ἅμα

243 385 404 425 οἷσκεῖν
438 387 515 424 ἐπὶ
549 387 706 435 χρόνον
741 390 881 426 πέντε
914 389 1022 426 ἐτῶν
1046 388 1288 426 ἐδίδασκε·
1325 389 1574 426 τὸτελευταῖον
1598 389 1637 426 δὲ
1661 388 1779 425 ἑαυτὸν

243 442 321 481 θεὸν
345 442 512 490 ὠνόμασε.
548 452 582 479 et
611 447 650 479 T.
673 448 730 479 ΙΙΙ.
754 459 788 492 p.
809 450 876 480 498
899 449 1026 492 (1087).
1071 443 1316 482 Ἐκέλευσε
1341 446 1387 483 δὲ
1411 447 1487 482 καὶ
1509 450 1607 487 τοῖς
1630 447 1777 492 μαῇη·

241 505 340 541 ταῖς
372 499 509 537 αὐτοῦ
544 503 717 538 σιωπᾶν
751 502 825 539 ἐπὶ
856 504 1078 548 πενταετῆ
1111 502 1274 549 χρόνον
1310 511 1375 537 cet.
1423 503 1522 537 Cous.
1551 507 1676 546 Gregor.
1700 506 1776 538 Nus.

241 559 295 591 Or.
309 558 452 593 xxvn.
475 570 508 603 p.
521 561 599 592 494.
616 560 656 592 D.
683 559 793 596 Βάλλε
817 573 873 606 μοι
890 558 1094 606 Πυθαγόρου
1117 559 1179 604 τήν
1201 560 1341 603 σιωπήν.
1378 567 1411 594 et
1435 561 1548 595 Etiam
1571 563 1652 595 Cret.
1675 561 1778 594 Com·

239 621 342 647 ment.
361 615 425 649 col.
449 618 525 649 897.
547 617 582 651 C.
630 617 726 650 Plura
746 617 858 651 videas
877 630 931 663 ap.
954 619 1076 660 Henna.
1097 617 1140 650 ud
1162 620 1252 659 Diog-
1277 620 1380 651 Lam.
1403 619 1491 651 vm.
1514 619 1568 650 10.

331 672 367 704 Ρ.
390 674 456 705 546
479 674 586 718 (182).
633 671 744 709 α’λλοὶ
776 673 881 716 τοῦς
915 674 1132 714 θέλοντας
1161 678 1265 714 ταῖς
1300 674 1596 720 βουλομέναις
1630 678 1776 710 συνεῖ-

238 729 332 772 ναι]
366 725 469 765 Ἀλλὰ
490 729 568 771 τούς
589 742 650 775 pro
674 731 759 775 vulg.
780 727 852 767 ἀλλ’
874 728 997 772 αὐτοῦς
1021 731 1062 765 cl.
1084 731 1194 765 editor
1212 743 1251 765 ex
1274 731 1367 765 libris
1391 742 1468 765 mss.
1491 731 1650 777 reposuit.
1696 731 1772 766 Vid.

238 791 352 818 annot.
376 785 410 819 in
433 788 474 821 T.
494 789 517 820 Ι.
543 799 575 832 p.
590 790 654 821 392
678 790 784 834 (211).

328 843 364 876 Ρ.
387 846 453 876 548
475 845 581 889 (134).
630 843 846 891 σχήματα
867 843 1327 890 ἐθελοθρησκευτικὰ
1350 847 1434 890 τῆς
1457 844 1774 890 ἑνδυμενείας]

236 894 572 944 Έῦελοθρησκοτικοὶ
596 902 693 935 codd.
716 914 792 935 mss.
823 909 858 936 et
879 901 931 936 ed.
953 902 1068 943 Βορῆς
1101 900 1414 947 ἑθελοθρησκητικά
1440 901 1492 935 ed.
1518 903 1631 936 Petav.
1678 903 1776 944 Quod

237 955 278 989 cl.
308 957 453 991 Oehlerus
476 958 603 1003 recepit
627 957 972 1004 ἐθελοθρησκευτικᾶ,
1007 966 1114 993 exstat
1138 970 1191 1004 sp.
1217 961 1382 1003 Epiphan.
1403 960 1443 993 T.
1465 961 1489 992 Ι.
1516 971 1548 1004 p.
1570 962 1622 992 22.
1656 961 1729 993 Vox
1755 971 1774 991 a

235 1012 365 1046 Lexicis
387 1013 491 1047 abest.
541 1015 669 1048 Deinde
691 1015 902 1061 ἐνδυμενείας
924 1028 986 1062 pro
1008 1015 1203 1061 ἐνδυμενίας
1224 1028 1278 1062 up.
1301 1018 1420 1060 Epiph.
1444 1015 1466 1050 l.
1490 1028 1537 1058 c.,
1562 1015 1650 1061 quod
1674 1028 1772 1062 pree-

234 1074 312 1103 stat.
360 1069 438 1104 Vid.
458 1073 626 1114 Phrynich.
652 1079 685 1107 et
707 1075 836 1108 Lobeok.
860 1085 893 1118 p.
910 1075 987 1107 548.

323 1128 359 1160 P.
381 1130 446 1160 558
473 1130 578 1173 (139).
617 1125 807 1171 Ἔδειξε
830 1128 877 1166 δὲ
901 1130 1253 1176 αἰσχροποιίαν,
1289 1130 1369 1175 τὴν
1393 1130 1515 1174 μίξιν
1540 1130 1774 1175 μολυσμοῦ

232 1185 458 1227 γυναικῶν
481 1181 766 1231 ἀδιάφορον.)
792 1188 880 1221 Hinc
901 1187 1104 1221 emendanda
1128 1195 1206 1222 sunt
1228 1188 1292 1222 ists
1314 1190 1354 1222 T.
1375 1190 1397 1220 Ι.
1433 1200 1465 1232 p.
1489 1190 1552 1220 116
1578 1188 1648 1232 (52)
1673 1185 1774 1224 Ἐδί-

233 1239 316 1282 δαξε
337 1238 376 1276 δὲ
397 1241 644 1288 αἰσχροποιίαν,
670 1243 756 1288 μίξιν
779 1245 970 1288 μολυσμοῦ,
993 1245 1158 1289 γυναικῶν
1179 1241 1389 1290 α’διαφορίαν.
1415 1256 1481 1290 quo
1503 1245 1579 1278 loco
1603 1244 1677 1280 cod.
1698 1246 1775 1278 vat.

231 1295 294 1342 τὴν
310 1296 397 1342 μίξιν
410 1323 421 1338 ,
445 1299 519 1333 cod.
541 1301 622 1333 ven.
647 1298 849 1346 ἀδιάφορόν,
873 1301 1023 1334 nimirum
1050 1301 1175 1345 virgula
1194 1309 1271 1347 post
1293 1302 1465 1347 μολυσμοῦ
1487 1309 1578 1335 recte
1597 1302 1729 1336 omissa.

324 1355 361 1388 P.
387 1357 452 1388 560
476 1357 584 1400 (140).
630 1356 805 1398 ταύτας
829 1357 994 1403 §hunam
1017 1358 1096 1394 καὶ
1117 1358 1399 1404 προςικῦνει]
1426 1359 1662 1393 Scribendum:
1686 1358 1773 1394 ταῦ-

231 1422 315 1451 ταις.
362 1412 447 1446 Nam
471 1414 595 1458 θυμιᾶν
616 1426 648 1450 τι
669 1415 810 1455 dicitur,
833 1415 888 1461 qui
912 1415 1022 1461 ἄφιε
1044 1427 1080 1450 re
1099 1415 1142 1450 ad
1164 1415 1369 1450 suffitionem
1391 1417 1503 1451 utitur.
1550 1416 1643 1451 Nihil
1661 1423 1774 1450 autem

233 1467 356 1509 Obsstflt»
380 1470 554 1514 quominus
577 1476 768 1515 προςκυνεῖν
791 1484 864 1506 cum
885 1472 986 1506 tertio
1007 1484 1083 1507 casu
1105 1480 1332 1518 componatur.
1381 1473 1457 1508 Vid.
1481 1476 1674 1509 schleusner.
1690 1474 1771 1508 Lex.

231 1524 265 1558 in
288 1525 436 1560 N.Test.
459 1529 499 1561 T.
519 1529 559 1561 ιι.
586 1540 618 1572 ρ.
637 1531 711 1562 750.

319 1583 357 1618 P.
378 1586 444 1617 562
470 1585 576 1629 (141).
623 1585 699 1621 καὶ
727 1583 786 1626 αἶς
809 1583 882 1622 διὰ
909 1586 1109 1632 σωλῆνος
1141 1586 1221 1632 τήν
1244 1587 1420 1632 Μαρίαν
1442 1587 1770 1634 πεπερακέναι]

229 1638 281 1672 De
300 1639 408 1673 verbis
430 1638 491 1685 τὴν
513 1641 646 1686 Μαρίαν
677 1642 711 1675 in
734 1643 798 1688 τῆς
819 1642 954 1687 Μαρίας
986 1643 1152 1678 mutandis
1183 1645 1296 1678 monui
1329 1645 1373 1679 nd
1402 1647 1444 1680 T.
1463 1647 1487 1678 Ι.
1519 1657 1552 1690 p.
1574 1648 1640 1679 312
1664 1645 1770 1691 (167).

228 1695 435 1741 Praepositio
466 1710 533 1733 non
563 1699 707 1744 repetita
725 1700 888 1734 neminem
910 1700 1038 1734 Graece
1061 1700 1198 1735 doctum
1221 1702 1412 1737 morabitur.
1459 1702 1587 1736 videsis
1610 1705 1769 1737 Μαωιίαε.

227 1751 284 1786 Gr.
307 1753 364 1787 Gr.
387 1755 496 1800 Ampl.
518 1757 546 1801 §.
559 1758 635 1788 595.
654 1759 688 1790 4.

320 1810 354 1844 Ρ.
378 1812 443 1844 582
468 1813 574 1856 (152).
619 1811 644 1856 τί
669 1809 901 1858 εὖφρασία
922 1812 949 1860 ἦ
970 1815 1169 1852 πνέουσα
1202 1814 1278 1852 τόν
1312 1814 1484 1860 κύπρον
1515 1818 1597 1860 τῆς
1629 1813 1772 1861 α’μπέ-

226 1866 314 1911 λου]
340 1867 391 1900 De
412 1879 496 1902 voce
517 1866 640 1913 κῦπρον
662 1869 695 1903 in
716 1869 834 1914 κύπριν
856 1872 1012 1905 mutanda
1037 1872 1103 1906 vid.
1126 1879 1242 1906 annot.
1266 1873 1300 1906 in
1324 1875 1366 1907 T.
1381 1874 1437 1909 ΙΙΙ.
1459 1885 1493 1918 p.
1510 1876 1575 1907 514
1602 1875 1733 1918 (1096).

314 1923 428 1957 Ρ.584
450 1926 557 1970 (153).
591 1922 856 1970 ἀνδρωθεὶς
878 1928 933 1973 τῇ
957 1925 1134 1974 ἡλικίᾳ]
1160 1926 1358 1974 ’Δδρυνὸεὶς
1382 1942 1414 1975 p.
1430 1933 1496 1964 516
1523 1932 1653 1975 (1097).
1691 1930 1767 1964 Vid.

223 1986 337 2013 annot.
363 1980 397 2014 in
422 1983 463 2016 T.
480 1983 504 2015 1.
529 1994 563 2028 p.
579 1985 643 2017 202
668 1984 775 2028 (102).

311 2038 347 2073 Ρ.
371 2040 436 2072 584
462 2040 576 2084 (154).Ι
604 2060 658 2073 -.
692 2037 916 2077 Ἐνταῦθα
948 2042 998 2079 δὲ
1031 2042 1482 2089 ίσχυροποιουμένων
1506 2046 1585 2091 cet.]
1616 2047 1664 2080 De
1688 2056 1768 2080 cor—

219 2093 357 2138 rigenda
377 2095 646 2141 interpunctione
669 2097 809 2132 vidimus
830 2099 873 2132 ad
895 2101 936 2134 T.
955 2101 1013 2133 ΙΙΙ.
1045 2112 1076 2144 p.
1100 2102 1165 2134 516
1190 2101 1320 2145 (1098).
1368 2102 1449 2135 Mox
1469 2110 1548 2136 ante
1580 2103 1682 2136 verba
1712 2103 1770 2139 καὶ

220 2150 347 2196 βρῶσις
369 2159 432 2187 cet.
456 2160 490 2186 et
521 2153 579 2189 καὶ
603 2151 664 2201 οὐχ
692 2155 746 2190 ἵνα
770 2163 834 2190 oet.
869 2156 1002 2190 nonnisi
1024 2156 1151 2202 virgula
1175 2158 1447 2204 interpungatur,
1485 2160 1532 2193 uti
1562 2160 1600 2194 fit
1633 2173 1665 2206 p.
1688 2163 1766 2194 516.

220 2208 286 2240 518
308 2210 437 2254 (1098).
484 2210 613 2245 Deinde
635 2218 713 2246 ante
737 2213 837 2247 verba
857 2211 1007 2250 ἀνελθών
1032 2211 1098 2250 α’πό
1123 2215 1181 2250 τοῦ
1202 2213 1375 2260 Ἰορδάνου
1399 2223 1463 2250 eet.
1492 2216 1600 2262 μέσην
1622 2228 1684 2263 pro
1706 2229 1766 2253 τε·

218 2263 294 2310 λείᾳ
315 2265 396 2310 poni
416 2265 495 2299 iussi
519 2266 562 2300 ad
586 2280 619 2312 p.
634 2271 854 2321 518¹(1098).

306 2322 342 2355 P.
364 2324 430 2356 584
452 2325 559 2368 (154).
606 2324 683 2361 διὰ
714 2327 797 2371 τῆς
819 2352 849 2361 ..
873 2324 1131 2373 ὀνομασίας
1162 2329 1247 2373 τῆς
1278 2328 1569 2376 α’γιαστείας]
1595 2332 1766 2377 Scriptura

216 2374 339 2422 ἅγιαστ
349 2390 366 2414 ε
377 2378 388 2414 ί
398 2391 439 2420 ας
456 2380 610 2415 hocloco
625 2393 692 2416 nou
713 2384 815 2428 magis
827 2392 917 2418 recte
931 2385 1042 2427 habet,
1057 2397 1155 2430 quum
1172 2398 1206 2432 p.
1223 2388 1289 2419 518
1303 2388 1421 2432 (1098)
1441 2387 1496 2420 ubi
1512 2387 1579 2422 vid.
1594 2395 1766 2422 annotata.

305 2436 341 2469 P.
368 2438 433 2470 586
457 2439 564 2482 (154).
609 2439 681 2474 ἵνα
715 2438 771 2484 μή
805 2441 1056 2487 συναλοιφή
1080 2439 1106 2486 η’
1130 2441 1263 2486 τριὰς
1285 2443 1496 2490 νομισθῇ]
1527 2446 1575 2478 De
1598 2445 1763 2490 scriptura

215 2491 398 2539 συναλοιφή
426 2494 491 2528 vid.
518 2502 631 2529 annot.
656 2495 699 2530 ad
722 2508 755 2541 p.
771 2499 837 2529 518
863 2499 992 2542 (1098).

306 2551 342 2585 Ρ.
370 2553 435 2584 586
459 2552 565 2596 (154).
590 2571 644 2584 —-.
669 2550 719 2586 ‘0
757 2550 866 2598 ὑπὲρ
898 2551 1027 2599 τῖμῶν
1058 2554 1105 2591 τό
1138 2554 1286 2596 πάθος
1308 2553 1570 2602 ιῖπομείνας
1591 2560 1670 2605 oet.]
1696 2560 1761 2594 Pro

219 2607 333 2654 τελείᾳ
356 2618 444 2653 pone
466 2607 594 2652 μέσην,
619 2608 703 2642 sicut
726 2616 817 2643 reete
840 2610 1053 2656 distinguitur
1075 2625 1107 2657 p.
1130 2615 1196 2645 518
1221 2615 1338 2658 (1099)

303 2665 338 2699 Ρ.
362 2666 428 2698 1588
450 2666 556 2710 (155).
583 2686 635 2698 -.
660 2662 779 2701 Αὐτὸ
805 2664 851 2701 τὸ
879 2667 1012 2712 σῶμα
1033 2669 1111 2714 cet]
1137 2669 1216 2702 Vid.
1238 2677 1353 2705 annot.
1375 2671 1419 2704 ad
1439 2684 1472 2717 p.
1494 2675 1560 2706 520
1584 2675 1717 2718 (1099).-

296 2720 333 2754 Ρ.
355 2723 421 2754 588
443 2723 548 2767 (156).
597 2720 671 2757 σῦν
696 2747 725 2757 ..
749 2722 872 2769 παίσῃ
906 2725 960 2770 τῇ
987 2722 1332 2772 ἀνδρωπότητι]
1357 2728 1421 2761 Pro
1443 2724 1682 2775 α’νθρωπότητι
1702 2734 1763 2765 Pe-

210 2779 313 2811 tavius
335 2778 378 2811 de
397 2789 457 2811 suo
475 2779 568 2812 dedit
591 2778 866 2824 ἐνανθρωπῆσει,
894 2781 1092 2825 respiciens,
1118 2782 1258 2826 opinor,
1284 2795 1383 2828 supra
1404 2784 1493 2819 dicta
1521 2798 1554 2831 p.
1568 2789 1634 2820 586
1661 2790 1756 2833 (154)

207 2831 242 2868 ἐν
263 2835 308 2879 τῇ
327 2835 440 2881 τελείᾳ
472 2834 734 2880 ένανῧρωπῆσει.
782 2839 834 2871 'ru
858 2837 933 2871 vide
956 2845 1071 2873 annot.
1092 2839 1126 2871 in
1146 2841 1187 2873 T.
1202 2841 1258 2874 ΙΙΙ.
1284 2852 1316 2885 p.
1336 2843 1379 2874 88
1403 2843 1510 2886 (155).

295 2891 331 2925 Ρ.
357 2894 422 2924 588
447 2894 551 2938 (156).
599 2890 661 2932 οἷς
693 2893 770 2928 καὶ
804 2892 856 2929 τὰ
889 2892 1021 2939 ἡμῶν
1055 2893 1240 2939 σώματα
1274 2897 1447 2941 μέλλει·
1473 2900 1543 2945 -.]
1579 2902 1642 2935 Pro
1670 2902 1757 2947 vulg.

207 2946 294 2992 μέλη
329 2947 368 2982 cl.
395 2950 541 2983 oehlerus
563 2949 677 2994 μέλλει
708 2962 748 2983 ex
778 2951 895 2984 Panar.
930 2963 963 2995 p.
984 2954 1050 2984 520
1074 2953 1191 2996 (1100)
1225 2953 1353 2998 optimo
1381 2955 1452 2988 iure
1482 2957 1652 3002 reposuit.
1695 2959 1762 2992 Sed

205 3010 321 3044 restat,
347 3011 384 3038 ut
403 3005 551 3040 indidem
577 3005 768 3051 ἐγείρεσθαι
791 3019 852 3052 pro
874 3006 1055 3053 ἐγείρονται
1075 3015 1126 3042 ter
1147 3009 1304 3056 deinceps
1329 3011 1539 3055 rescribatur,
1566 3014 1656 3061 μέσῃ
1681 3023 1762 3060 post

205 3059 318 3106 μέλλει
337 3061 476 3096 sublata.
1173 3112 1183 3121 .

272 3115 391 3154 corpu·
405 3116 588 3148 uun-001.
616 3118 670 3148 ιιι.
930 3169 939 3178 1
1458 3129 1484 3172 8
