2008 3294
1510 181 1710 218 CXXXVII

154 293 186 328 si
203 292 365 329 dominus
376 291 524 333 dederit,
542 301 589 326 ex
603 290 763 326 instituto
775 289 982 326 refellentur.
1006 288 1080 323 Hoc
1093 299 1175 324 vero
1186 288 1262 324 loco
1275 290 1445 334 quantum
1456 286 1501 322 ad
1511 290 1711 332 susceptam

154 349 197 385 de
212 349 406 385 dominicae
416 347 591 396 passionis
607 359 700 383 anno
713 346 952 394 quaestionem
967 356 1111 380 necesse
1127 346 1208 388 erit,
1224 357 1244 381 e
1255 345 1375 381 multis
1386 354 1500 392 pauca
1509 343 1709 380 libabimus.

310 451 371 488 DE
392 450 664 487 IUDAEORUM
686 449 810 487 ANNO
833 447 1009 486 VETERE
1032 448 1271 484 SCALIGERI
1294 446 1559 484 SENTENTIA.

243 519 338 556 Nihil
359 519 416 556 hic
439 519 482 555 de
505 519 829 566 antiquissimorum
849 518 1085 554 Hebraeorum
1107 528 1148 552 ac
1172 516 1446 564 patriarcharum
1468 527 1562 552 anno
1587 515 1711 557 dicam,

154 578 248 626 quod
261 577 307 614 ad
321 588 395 613 rem
415 580 635 624 praesentem
655 576 744 613 nihil
763 577 901 619 attinet,
922 574 985 611 sed
1006 574 1050 610 de
1071 575 1255 610 recentiori
1275 575 1447 610 duntaxat
1466 576 1598 616 aetate,
1621 583 1712 620 qnae

154 635 282 671 Christi
292 635 447 671 natalem
458 635 591 680 aliquot
601 634 749 670 saeculis
761 633 954 669 anteeefflt.
977 631 1054 674 Quo
1066 635 1222 678 tempore
1233 631 1505 674 Alexandream,
1518 631 1592 666 sive
1606 629 1711 666 Grae·
1734 672 1736 674 ¹

153 703 232 729 cam
246 692 330 728 anni
343 691 494 727 formam
509 702 532 726 a
545 691 684 727 Iudaeis
699 691 890 727 admissam
909 692 944 726 et
963 700 1032 725 usu
1047 689 1142 724 civili
1155 692 1331 735 receptam
1346 689 1503 735 Scaliger
1524 688 1711 724 arbitratus

153 754 209 786 est
225 750 331 796 idque
353 748 626 796 chronographis
648 747 916 784 admiratoribus
930 746 1006 783 suis
1023 746 1186 782 omnibus
1202 746 1386 792 persuasit.
1429 746 1603 792 Imprimis
1619 745 1712 781 enim

153 807 214 844 lib.
231 807 274 843 de
287 806 434 842 Emend.
450 818 487 842 u.
503 818 538 854 p.
553 806 608 842 99.
624 806 677 842 ed.
695 806 753 841 alt.
769 805 906 848 scribit,
929 803 1094 846 Iudaeos,
1111 814 1191 839 cum
1207 803 1409 839 neomenias
1426 802 1491 836 aab
1508 804 1564 846 τῆς
1584 800 1712 847 φάσεως

154 864 381 907 deducerent,
402 867 545 911 accepto
568 863 828 899 Seleucidarum
847 862 932 908 iugo
954 872 1077 896 eorum
1097 871 1230 896 annum
1252 864 1287 896 et
1307 859 1479 906 epocham
1494 859 1538 895 ad
1553 860 1712 906 politicos

128 947 138 950 -
154 932 238 957 usus
261 921 481 956 transtulisse
503 931 544 956 ac
562 919 912 967 Syromacedonicam
926 918 1106 966 periodum
1116 928 1320 965 usurpasse.
1344 917 1428 952 Erat
1439 916 1525 952 haec
1537 916 1715 963 Calippica

153 989 260 1022 mera,
279 978 387 1024 cyclis
397 978 582 1014 Metonicis
594 991 632 1014 rv
647 980 827 1020 constans,
843 976 943 1012 annis
955 985 1080 1018 uxxvr,
1098 979 1136 1011 ut
1146 974 1358 1011 Censorinus
1373 978 1495 1009 auctor
1510 977 1574 1016 est,
1590 974 1712 1009 diebus

154 1035 276 1072 27759.
308 1034 433 1082 Cyclus
449 1046 552 1082 porro
567 1034 890 1071 decemnovennalis
905 1033 1102 1080 Galippicus
1116 1033 1210 1069 idem
1224 1043 1368 1079 prorsus
1384 1035 1458 1066 erat
1473 1042 1553 1066 cum
1568 1031 1714 1074 Iuliano,

153 1092 288 1128 dierum
303 1092 411 1135 6939,
433 1091 506 1128 hor.
522 1091 575 1128 18.
626 1091 696 1128 Sed
719 1102 801 1127 eum
821 1090 1002 1138 periodum
1023 1101 1124 1126 suam
1148 1089 1315 1137 Calippus
1336 1100 1379 1124 eo
1402 1088 1601 1124 inchoasset
1620 1099 1713 1123 anno

155 1161 223 1196 quo
245 1149 391 1185 Darium
406 1149 604 1186 Alexander
625 1148 670 1185 ad
689 1148 818 1184 Arbela
837 1148 936 1190 vicit.
961 1147 1098 1195 Olymp.
1111 1157 1198 1184 exn.
1213 1158 1308 1183 anno
1330 1145 1500 1188 secundo,
1523 1145 1596 1180 sive
1611 1144 1715 1192 Iphiti

154 1216 363 1250 ooocuvl„
383 1218 455 1254 per.
471 1207 536 1244 Iul.
549 1206 670 1250 4383„
691 1206 788 1252 cyclo
803 1206 906 1242 lunae
921 1216 998 1242 xm.
1009 1232 1018 1247 ,
1034 1205 1118 1241 solis
1131 1217 1208 1248 xv.,
1230 1205 1276 1240 ab
1291 1207 1461 1240 autumno
1471 1230 1479 1246 ,
1500 1206 1575 1239 tam
1592 1202 1714 1238 Graeci

153 1264 190 1300 in
209 1264 417 1300 Macedonia
437 1274 544 1311 quam
566 1263 863 1310 Syromacedones
883 1263 921 1299 in
935 1262 1021 1299 Asia
1036 1262 1183 1298 eandem
1204 1262 1302 1298 illam
1322 1261 1456 1297 decimo
1476 1272 1588 1304 nono,
1607 1271 1714 1307 quam

154 1333 176 1356 a
191 1322 336 1369 Galippo
352 1322 552 1369 excogltata
564 1321 695 1365 fuerat,
718 1332 810 1357 anno
832 1321 1086 1364 instaurarunt,
1108 1320 1292 1356 duodecim
1314 1319 1415 1355 annis
1430 1322 1511 1366 post
1526 1318 1716 1355 Alexandri

154 1384 302 1415 mortem
310 1406 320 1423 ,
334 1379 468 1427 periodi
479 1380 545 1417 Iul.
553 1379 667 1422 4402„
682 1379 780 1425 cyclo
795 1379 898 1415 lunae
911 1390 997 1422 xm.,
1013 1378 1097 1414 solis
1108 1390 1166 1421 vu,
1182 1388 1330 1424 eamque
1342 1387 1364 1412 a
1375 1376 1714 1423 Syromacedouibus

155 1436 336 1480 Chaldaei,
350 1437 485 1479 Iudaei,
499 1437 676 1484 Hagareni
685 1463 694 1480 ,
710 1436 843 1472 Arabes
857 1436 1020 1472 traditam
1034 1439 1253 1482 acceperunt.
1277 1434 1396 1471 Iudaei
1408 1445 1490 1470 vero
1502 1446 1621 1470 aeram
1633 1446 1714 1471 con-

154 1498 330 1530 tractuum
349 1497 513 1536 ΙἾἿἾὉὉ
535 1497 631 1554 Τῇη
653 1495 761 1540 vulgo
777 1497 990 1543 nuncupant.
1036 1494 1078 1529 ln
1092 1493 1383 1529 Maccahaeorum
1397 1492 1494 1528 libris
1510 1493 1593 1528 anni
1609 1492 1715 1528 Grae·

154 1568 274 1593 corum
289 1557 518 1605 appellantur,
533 1556 706 1604 iidemque
721 1557 980 1593 Seleucidarum
996 1557 1094 1601 dicti,
1110 1557 1205 1604 qnod
1221 1556 1342 1592 eodem
1358 1567 1452 1592 anno
1468 1567 1537 1603 quo
1552 1556 1714 1603 periodus

154 1615 214 1651 illa
227 1614 306 1650 iniit
317 1614 484 1650 Seleucus
497 1614 677 1661 Babylone
693 1618 895 1662 recuperata
907 1625 1084 1661 emergere
1096 1618 1201 1661 atque
1216 1614 1402 1661 imperium
1417 1613 1572 1649 stabilire
1587 1614 1714 1661 coepit.

243 1671 399 1708 Lunaris'
413 1672 497 1707 anni
516 1672 643 1708 modus
667 1675 721 1707 est
741 1671 873 1707 dierum
893 1671 979 1715 354,
1001 1671 1040 1715 8,
1069 1670 1143 1715 5‘3,
1165 1669 1216 1706 6''
1236 1671 1328 1719 ¹⁸s47,
1354 1671 1487 1706 mensis
1504 1671 1559 1706 29.
1579 1671 1630 1706 12.
1645 1668 1716 1707 44'.

155 1726 224 1765 25⁰
242 1729 331 1776 ²¹7⁴?-
372 1729 466 1765 Anni
481 1729 689 1776 principium
705 1730 750 1764 ab
766 1733 935 1765 autumno
956 1733 991 1764 et
1005 1729 1145 1776 quidem
1161 1729 1322 1764 Octobris
1337 1740 1399 1765 vu.
1443 1727 1533 1764 Nam
1549 1727 1717 1775 Tekupha

155 1786 247 1822 Tisri
260 1786 382 1822 incidit
396 1787 434 1822 in
449 1786 612 1822 Octobris
628 1798 706 1822 vm:
728 1787 788 1833 qui
802 1786 875 1822 dies
891 1787 1024 1833 primus
1041 1791 1115 1823 erat
1129 1787 1213 1822 anni
1228 1786 1362 1822 solaris.
1407 1785 1500 1821 Nam
1515 1789 1551 1820 et
1564 1784 1715 1821 solarem

154 1846 335 1890 praeterea
359 1854 490 1880 annum
514 1843 763 1889 observabant,
787 1846 827 1879 ut
848 1844 885 1879 in
907 1845 967 1879 lib.
979 1856 1027 1881 rv.
1045 1844 1087 1879 de
1102 1843 1247 1880 Emend.
1270 1844 1406 1887 scribit,
1433 1844 1531 1879 cuius
1555 1843 1716 1878 bisextus

155 1903 236 1937 ante
256 1900 409 1948 primum
425 1901 517 1936 Tisri
532 1912 594 1938 vn.
617 1900 774 1936 Octobris
794 1900 1038 1938 infindebatur.
1085 1901 1154 1936 Sed
1176 1905 1300 1951 postea
1321 1901 1491 1936 translato
1512 1901 1549 1936 in
1569 1912 1716 1937 vernum

155 1962 292 2005 tempus
307 1958 406 1994 initio
422 1958 512 1994 inter
526 1958 677 2006 primam
689 1961 725 1993 et
736 1957 927 1993 secundam
939 1958 1066 2006 Aprilis
1079 1959 1230 1994 insertus
1246 1962 1310 1994 est.
1340 1958 1467 1994 Postea
1481 1958 1618 1994 Iuliana
1633 1959 1716 1995 anni

153 2015 268 2051 forma
290 2018 446 2062 recepta,
469 2016 561 2051 inter
583 2027 665 2051 xxv.
690 2019 725 2050 et
740 2027 836 2052 xxvr.
854 2016 972 2051 Martii
993 2016 1218 2051 intercalatus
1242 2020 1296 2051 est
1318 2016 1403 2052 dies.
1450 2016 1562 2062 Igitur
1584 2017 1715 2052 lunaris

154 2073 238 2109 anni
253 2072 436 2120 dispositio
451 2072 544 2120 apud
558 2072 706 2109 Iudaeos
720 2072 1049 2118 Syromacedonica,
1066 2074 1140 2109 sive
1153 2073 1346 2121 Calippica,
1363 2074 1446 2116 fuit,
1462 2074 1561 2109 cuius
1576 2074 1715 2110 initium

155 2131 200 2166 ab
217 2129 376 2166 Octobris
392 2141 455 2167 vu.

244 2187 376 2223 Verum
391 2197 471 2222 cum
486 2187 605 2234 cyclus
621 2187 820 2234 Calippicus
835 2188 966 2229 lunaris
981 2188 1074 2223 idem
1090 2192 1144 2224 est
1158 2199 1239 2224 cum
1254 2188 1390 2224 Iuliano
1399 2215 1408 2232 ,
1431 2189 1588 2224 lunarem
1604 2189 1716 2224 Iudai·

155 2255 251 2288 cum,
279 2255 386 2291 quem
407 2244 627 2280 verissimum
647 2248 749 2291 putat
770 2244 937 2291 Scaliger,
961 2246 1107 2281 excedat
1128 2245 1221 2281 horis
1236 2246 1287 2289 5.‚
1315 2257 1430 2293 semp.
1455 2246 1604 2281 Iudaicis
1627 2246 1715 2288 760„

155 2301 325 2349 quoniam
341 2301 430 2348 cycli
445 2301 770 2338 decemnovennalis
787 2313 953 2338 excessus
969 2306 1024 2338 est
1039 2303 1112 2339 hor.
1129 2304 1158 2338 1.
1173 2303 1257 2346 485,
1274 2308 1355 2350 post
1369 2304 1486 2350 cyclos
1502 2314 1584 2338 vero
1601 2303 1716 2350 Calip-

153 2359 251 2406 picos
268 2371 332 2402 η,
355 2359 417 2405 qui
437 2358 696 2407 Hipparcheum
718 2371 828 2394 unum
843 2359 992 2403 faciunt,
1015 2361 1059 2395 ad
1080 2360 1184 2396 horas
1201 2360 1256 2395 22.
1273 2360 1357 2403 880,
1380 2360 1445 2395 hoc
1468 2364 1522 2395 est
1536 2361 1608 2396 fere
1624 2361 1716 2396 diem

155 2416 306 2452 solidum
321 2426 488 2452 excessus
502 2416 561 2451 ille
576 2416 772 2463 perveniat,
787 2415 906 2452 Iudaei
920 2418 1091 2464 paulatim
1105 2418 1220 2453 labem
1237 2418 1321 2452 anni
1336 2418 1392 2452 sui
1404 2417 1713 2463 deprehenderunt.
1773 2443 1780 2452 .

154 2473 293 2509 Etenim
308 2472 523 2520 Calippicam
544 2474 651 2508 istam
673 2473 824 2508 formam
840 2473 883 2508 ad
899 2485 1028 2509 annum
1046 2473 1176 2510 Christi
1190 2474 1269 2510 344.
1285 2475 1519 2517 retinuerunt,
1544 2478 1583 2510 ut
1597 2476 1657 2512 lib.
1670 2476 1712 2511 11.

155 2531 199 2566 de
212 2530 356 2567 Emend.
373 2531 543 2577 scriptum
558 2534 622 2565 est.
653 2529 754 2565 Circa
768 2529 860 2565 hunc
880 2541 1012 2566 annum
1026 2542 1108 2566 vero
1131 2531 1227 2566 bidui
1242 2531 1365 2566 vitium
1389 2531 1715 2577 animadverterunt,

156 2598 236 2623 cum
257 2588 330 2623 iam
350 2587 395 2623 ab
415 2588 516 2623 initio
533 2586 795 2623 Seleucidarum
818 2598 932 2623 annus
947 2587 1024 2623 656.
1040 2588 1222 2630 laberetur,
1245 2588 1306 2633 qui
1329 2591 1383 2622 est
1397 2600 1520 2624 xnvm.
1536 2593 1617 2636 post
1631 2590 1713 2637 Hip-

156 2644 323 2692 parcheas
342 2644 503 2692 periodos
522 2644 621 2681 duas.
653 2645 775 2690 Itaque
791 2655 871 2679 cum
882 2645 973 2680 Tisri
984 2645 1192 2680 Iudaeorum
1204 2645 1444 2680 Alexandreus
1460 2649 1556 2681 esset
1569 2647 1606 2682 in
1618 2659 1713 2684 xxvr.

158 2701 253 2748 Sept.
266 2701 354 2737 feris
366 2713 434 2744 1v.,
457 2713 502 2737 ex
524 2701 731 2748 epilogismo
755 2700 940 2744 hodierno,
964 2702 1037 2736 sive
1059 2702 1174 2736 lunari
1190 2699 1314 2748 ἀκριβεῖ
1321 2729 1330 2747 ,
1352 2701 1528 2739 character
1543 2708 1618 2739 erat
1633 2704 1665 2741 2.
1681 2705 1714 2748 4,

159 2757 236 2795 240.
254 2757 348 2806 Sept.
363 2770 459 2796 xxrv.
490 2758 548 2793 En
564 2759 659 2793 labes
674 2759 778 2794 bidui.
811 2758 969 2793 Nondum
986 2761 1072 2792 enim
1086 2761 1252 2793 rationem
1267 2758 1485 2806 Calippicam
1501 2762 1542 2795 de
1556 2763 1636 2796 sede
1651 2774 1714 2797 sua

159 2816 417 2850 sol-'citaverant
426 2816 567 2859 Iudaei,
583 2817 644 2850 sed
655 2828 729 2850 eam
742 2815 855 2849 adhuc
876 2816 1074 2850 incolumem
1085 2823 1317 2852 servaverant.
1349 2816 1435 2852 Sero
1449 2818 1559 2864 igitur
1573 2819 1715 2854 tandem

161 2882 274 2906 errore
299 2872 455 2918 cognito,
479 2872 634 2908 adhibita
654 2873 691 2907 in
708 2873 879 2907 auxilium
903 2872 1112 2918 astrologia,
1135 2883 1215 2907 eum
1237 2883 1370 2909 aunum
1390 2875 1616 2911 instituerunt
1644 2888 1712 2922 quo

160 2931 304 2963 utuntur
317 2927 429 2966 hodie.
475 2928 710 2972 Quamobrem
733 2941 778 2964 ex
803 2929 966 2976 opinione
982 2928 1152 2975 Scaligeri
1173 2940 1287 2966 annus
1302 2931 1361 2967 ille
1377 2931 1712 2978 Syromacedonicus

161 2989 196 3019 et
209 2985 448 3021 Alexandrou
463 2986 659 3034 Calippicus
675 2998 746 3021 non
762 2987 876 3021 solum
892 2987 956 3021 sub
972 2987 1089 3032 ipsum
1103 2987 1278 3033 passionis
1293 2992 1446 3035 tempus,
1469 3000 1590 3025 verum
1606 2991 1711 3026 etiam

162 3041 219 3077 diu
234 3045 356 3089 postea
371 3041 462 3089 apud
475 3043 622 3080 Iudaeos
638 3043 797 3079 obtinuit.
844 3043 914 3078 Sed
935 3043 1057 3078 eodem
1079 3044 1116 3078 in
1133 3055 1234 3091 opere
1251 3045 1292 3080 de
1308 3045 1558 3083 Emendatione
1575 3052 1711 3083 senten-
