2008 3294
295 214 451 253 GCLXX

294 320 440 356 Ooncilii
455 320 685 366 Aquileiensis
702 319 746 354 ad
763 319 982 364 Gratianum,
998 321 1170 356 Valentin.
1187 323 1221 355 et
1237 320 1471 358 Theodosium
1486 322 1570 369 imp.
1585 321 1791 358 Ambrosius
1803 332 1847 358 ac

294 378 422 412 caeteri
437 377 591 423 episcopi
605 377 656 411 ita
671 377 737 412 sub
753 377 861 412 finem
876 378 1101 424 scripserunt:
1133 378 1358 412 Photinianos
1380 391 1519 426 quoque,
1543 391 1624 426 quos
1635 386 1669 414 et
1679 382 1850 426 superiori

294 435 365 479 leye
383 436 558 468 censuistis
574 435 815 480 nullossacere
839 435 960 470 debere
981 443 1175 477 convenam,
1194 441 1302 480 prout
1321 438 1392 470 iam
1417 442 1449 471 et
1469 438 1682 472 sacerdotum
1706 438 1848 471 concilio

292 494 458 525 sententia
479 493 515 525 in
537 503 592 525 eos
615 492 688 525 lata
710 497 768 527 est.
802 491 950 526 Petimus
965 495 1112 538 insuper,
1130 498 1166 526 ut
1180 495 1335 537 quoniam
1349 495 1388 527 in
1401 492 1581 528 Sirmiensi
1595 495 1718 540 oppido
1735 494 1848 528 adhuc

293 554 471 582 conventus
487 554 616 582 tentare
634 560 688 582 eos
704 551 928 593 coqnovimua,
947 550 1123 584 clementia
1139 556 1252 583 restra
1269 557 1330 586 etc.

383 603 523 652 Ἀνυσίῳ
540 605 683 650 διακόνῳ
700 608 759 639 τοῦ
776 605 961 651 βασιλέως.]
989 606 1132 642 Videtur
1148 605 1318 640 Βασιλείου
1334 607 1402 653 leg.
1445 607 1515 642 Sed
1530 607 1687 643 nonnihil
1703 618 1848 654 suspen-

292 673 350 697 sos
366 673 431 697 nos
447 666 559 705 tenet,
576 662 669 708 qnod
683 661 738 698 hic
754 662 876 698 Basilii
890 663 1056 698 diaconus
1074 664 1274 710 appelletur,
1290 664 1458 699 nimirum
1474 665 1663 711 Ancyrani,
1680 666 1740 711 qui
1755 669 1848 700 acto-

292 720 339 754 ris
354 723 470 765 partes
485 719 695 763 sustinebat,
712 730 752 754 ac
769 720 913 767 proinde
929 725 1110 767 suspectus
1128 732 1204 756 esse
1220 719 1368 756 Photino
1385 721 1551 757 diaconus
1569 723 1663 757 illius
1678 726 1826 768 poterat.

382 775 598 822 Καλλικράτει
609 775 826 823 exoniam-opu]
851 775 1025 825 Ἔπαρχος
1038 778 1250 824 praefectum
1263 779 1434 824 praetorio
1448 779 1636 825 significat.
1662 779 1848 815 Cornan-ius

290 845 372 869 vero
382 836 581 880 praesidem
596 833 719 869 reddit.
750 834 960 870 Crediderim
976 835 1187 882 praefectum
1203 836 1372 881 praeterio
1389 835 1517 881 Illyrici
1530 835 1650 872 fuisse.

381 890 443 925 Καὶ
460 890 622 938 Βασιλείῳ
639 891 876 938 μεμοραδίοις.]
901 892 1062 927 Fortasse
1081 892 1289 939 μεμοραρίοις
1306 893 1408 939 quasi
1422 897 1641 928 memor-arios
1655 897 1772 936 vocet,
1784 894 1849 940 qui

291 951 372 983 sunt
387 950 613 992 memoriales,
631 959 777 994 quorum
792 949 968 996 proprium
985 961 1113 985 munus
1130 953 1204 984 erat
1214 950 1310 996 leges
1324 953 1358 985 et
1368 950 1536 996 rescripta
1548 951 1708 997 excipere
1719 961 1760 985 ac
1770 961 1848 998 per·

291 1005 450 1040 scribere.
482 1005 586 1041 Aliud
602 1010 655 1041 est
670 1006 905 1053 μεμοροφύλαξ
921 1010 955 1042 et
971 1006 1146 1054 μεμορίτης
1162 1007 1198 1042 in
1215 1007 1360 1042 concilio
1377 1007 1539 1042 Ohalced.
1552 1008 1627 1044 Act.
1639 1019 1699 1052 nn,
1713 1007 1779 1043 hoc
1795 1011 1849 1043 eet

293 1060 359 1096 ὅέν
377 1062 542 1110 μεμορίοις
557 1065 730 1106 κατοικῶν,
755 1064 815 1110 qui
839 1064 884 1099 ad
906 1065 1094 1100 memorias
1116 1068 1310 1110 martyrum
1333 1068 1367 1099 et
1388 1065 1425 1099 in
1449 1065 1604 1100 ecclesiis
1626 1065 1756 1100 ibidem
1779 1066 1848 1101 col-

290 1119 413 1155 locatis
427 1119 572 1156 habitat.

381 1177 551 1224 Νοταρίοις
567 1180 626 1212 τοῦ
643 1177 838 1223 Bacchium]
883 1178 976 1214 Gerr.
994 1178 1164 1224 βασιλέως.
1210 1179 1415 1214 Habuerunt
1437 1182 1556 1214 tamen
1577 1180 1615 1214 in
1635 1179 1790 1214 conciliis
1813 1182 1849 1214 et

291 1234 446 1281 episcopi
460 1235 616 1270 notarios
631 1246 714 1270 suos
737 1239 840 1282 atque
857 1239 1060 1283 exceptores
1076 1247 1118 1271 ac
1131 1235 1242 1271 ferme
1259 1236 1438 1278 diaconos,
1454 1239 1494 1271 ut
1509 1247 1555 1271 ex
1567 1235 1728 1272 Chalced.
1741 1235 1847 1273 Gonc.

290 1295 439 1327 constat.
486 1291 556 1327 Sed
578 1296 614 1327 et
635 1292 727 1338 apud
743 1293 892 1339 August.
909 1293 970 1328 lib.
982 1305 1035 1329 ni.
1054 1297 1175 1328 contra
1199 1292 1373 1330 Grescent.
1391 1304 1467 1340 cap.
1481 1305 1578 1329 xxrx.
1594 1294 1632 1328 in
1652 1293 1742 1329 actis
1764 1304 1848 1329 con-

289 1349 463 1384 sularibus
479 1349 545 1384 sub
561 1348 768 1396 Zenophi10‚
785 1349 1019 1386 Nundinarius
1036 1349 1170 1385 Silvani
1183 1349 1370 1386 Cirthensis
1383 1350 1586 1386 Donatistae
1603 1350 1769 1387 diaconus
1785 1362 1848 1386 ex·

290 1410 407 1452 ceptor
423 1406 558 1442 dicitur.

590 1510 650 1546 AD
674 1510 907 1547 nAEsssm
927 1509 1085 1554 Lxxn„
1108 1495 1541 1550 MARCELLIANQRUM.

378 1578 420 1616 N.
436 1591 475 1615 ιι.
499 1577 715 1626 Ἀντίγραφον
727 1578 927 1626 ἐπιστολῆς]
950 1579 1066 1614 Edidit
1077 1578 1167 1615 hanc
1178 1579 1260 1615 fidei
1275 1579 1527 1626 professionem
1538 1579 1735 1624 Marcellus,
1750 1583 1845 1628 post-

289 1647 396 1684 quam
411 1637 455 1672 ab
471 1637 610 1672 Arianis
626 1636 709 1671 sede
723 1647 789 1671 sua
802 1637 925 1683 pulsus
939 1636 1089 1672 Romam
1110 1637 1155 1672 ad
1169 1637 1296 1672 Iulium
1317 1648 1446 1684 papam
1469 1637 1643 1684 confugit,
1667 1637 1711 1673 ab
1734 1648 1845 1684 eoque

288 1705 360 1729 una
373 1704 455 1730 cum
470 1693 660 1729 Athanasio
677 1694 855 1729 restitutus
871 1698 934 1729 est.
968 1693 1054 1729 Vide
1070 1693 1222 1730 Annales
1238 1694 1365 1730 Baron.
1382 1705 1414 1729 a.
1432 1704 1576 1731 cccxnr.
1623 1693 1692 1737 Qui
1712 1694 1756 1730 de
1777 1693 1845 1731 hoe

287 1751 366 1799 ipso
380 1749 498 1788 libello
515 1751 667 1795 dubitat,
682 1751 758 1786 isne
775 1751 822 1786 sit
837 1762 941 1798 quem
956 1751 1045 1786 Iulio
1061 1753 1137 1787 tum
1153 1751 1294 1794 obtulit,
1310 1762 1390 1787 cum
1404 1752 1442 1787 in
1458 1762 1499 1787 eo
1514 1751 1612 1787 nulla
1627 1752 1674 1787 sit
1686 1754 1746 1787 τοῦ
1764 1750 1845 1799 ὁμο-

288 1814 328 1859 eii
382 1807 558 1859 bisantio.
586 1809 716 1844 Verum
731 1819 802 1844 non
819 1819 957 1855 semper
971 1808 1008 1844 in
1023 1807 1215 1844 catholicae
1229 1808 1311 1844 fidei
1325 1809 1600 1856 professionibus
1611 1835 1620 1852 ,
1635 1810 1749 1845 autin
1764 1819 1844 1846 con·

378 1863 390 1910 'y
479 1865 680 1909 haereticis,
703 1866 833 1901 recenti
847 1865 958 1901 adhuc
973 1865 1011 1901 in
1026 1865 1178 1902 Nicaeno
1194 1866 1339 1902 concilio
1349 1891 1359 1909 ,
1382 1869 1515 1901 tessera
1534 1866 1596 1901 illa
1609 1865 1708 1910 fidei,
1729 1868 1769 1902 ae
1782 1867 1845 1902 tus

286 1806 467 1968 {Q
483 1923 576 1958 clara
590 1926 626 1958 et
641 1923 766 1958 diserta
782 1923 955 1959 confessio
972 1923 1108 1983 sqlebat
1123 1923 1230 1970 exigi.
1277 1923 1447 1970 Exemplo
1463 1923 1510 1958 sit
1524 1922 1657 1959 Ursaoii
1668 1927 1708 1959 et
1718 1923 1844 1960 Valen-

288 1979 333 2015 tis
349 1978 496 2015 Arianae
511 1979 673 2015 factionis
689 1980 884 2027 principum
898 1980 1054 2023 libellus,
1071 1991 1174 2027 quem
1190 1979 1276 2016 Iulio
1291 1990 1404 2027 papae
1421 1980 1634 2024 obtulerunt,
1657 1990 1727 2027 quo
1742 1983 1778 2016 et
1791 1986 1844 2015 er»

288 2038 375 2073 roris
388 2037 443 2073 sui
454 2037 592 2072 veniam
604 2036 776 2083 deprecati
788 2042 880 2080 sunt,
896 2040 932 2075 et
942 2037 1023 2072 Ario
1037 2036 1201 2072 damnato
1218 2036 1424 2072 catholicam
1435 2036 1540 2072 fidem
1555 2035 1715 2088 professi.
1735 2036 1844 2072 Extat

288 2094 379 2142 apud
395 2093 621 2130 Athanasium
640 2094 738 2140 Apol.
756 2105 793 2129 n.
839 2093 878 2128 In
902 2104 943 2129 eo
959 2104 1040 2129 vero
1058 2093 1100 2128 de
1117 2091 1286 2140 ὁμοουσίῳ
1302 2094 1447 2129 verbum
1462 2094 1608 2130 nullum:
1654 2093 1744 2129 Nam
1757 2094 1843 2130 etin

288 2152 432 2188 concilio
445 2151 676 2199 Aquileiensi,
692 2151 728 2186 in
742 2162 810 2198 quo
824 2150 999 2186 adnitente
1008 2150 1191 2187 Ambrosio
1204 2150 1377 2186 Palladius
1391 2153 1425 2186 et
1436 2149 1676 2187 Secundianus
1686 2151 1843 2198 episcopi

287 2209 442 2244 damnati
457 2212 556 2252 suut,
572 2219 650 2246 cum
666 2211 740 2243 tam
755 2207 910 2243 studiose
924 2207 959 2243 id
975 2210 1094 2254 ageret
1106 2207 1328 2251 Ambrosius,
1344 2210 1384 2243 ut
1398 2207 1443 2243 ab
1458 2207 1502 2242 iis
1518 2207 1684 2243 indicium
1700 2207 1842 2255 aliquod

288 2266 435 2302 Arianae
451 2265 676 2313 professionis
693 2265 845 2309 eliceret,
861 2264 1008 2312 ideoque
1025 2264 1129 2300 variis
1146 2264 1477 2312 interrogationibus
1492 2264 1693 2307 lacesseret,
1708 2265 1841 2301 nullam

288 2323 591 2359 consubstantialis
605 2316 817 2359 mentionem
833 2322 959 2369 attigit,
976 2321 1036 2357 sed
1053 2321 1136 2357 haec
1152 2325 1287 2357 tantum
1305 2321 1513 2365 communia,
1529 2322 1652 2369 ecquid
1667 2322 1760 2358 filius
1776 2322 1840 2358 im-

287 2381 454 2424 mortalis,
471 2381 585 2416 bonus
600 2389 640 2415 ac
655 2389 758 2415 verus
774 2383 877 2423 esset,
893 2389 934 2416 ac
950 2378 1084 2426 reliqua
1099 2379 1237 2426 generis
1254 2379 1420 2417 eiusdem.
1445 2378 1644 2422 Quinetiam
1660 2378 1840 2415 Athanasii

244 2465 251 2473 .
286 2438 485 2485 symbolum
499 2448 578 2473 cum
590 2437 637 2473 sit
649 2435 819 2484 quaedam
829 2435 912 2472 fidei
923 2436 1095 2484 expositio
1113 2436 1157 2472 ab
1174 2447 1215 2472 eo
1232 2436 1339 2480 edita,
1356 2435 1416 2483 qul
1431 2435 1468 2471 rb
1482 2433 1658 2483 ὁμοούσιον
1674 2437 1839 2473 acerrime

287 2499 538 2543 propugnaret,
555 2494 709 2531 eiusdem
722 2493 882 2530 vocabuli
898 2493 1110 2529 mentionem
1127 2494 1254 2530 omisit.

377 2552 418 2589 N.
437 2564 469 2589 v.
501 2550 585 2587 ’Υπδ
603 2550 639 2586 ai
655 2548 768 2585 ἄλλων
784 2549 908 2596 ndo-zm]
956 2549 1138 2598 Utcunque
1159 2551 1258 2587 licuit
1273 2562 1317 2587 ex
1335 2550 1591 2598 corruptissimo
1608 2550 1684 2586 loco
1701 2554 1838 2586 senten·

286 2611 370 2645 tiam
387 2608 597 2645 extudimus.
629 2608 680 2645 De
696 2607 749 2644 his
765 2611 901 2651 autem,
918 2618 1005 2655 quos
1019 2609 1194 2652 nominat,
1211 2608 1356 2653 Acacio,
1372 2606 1518 2651 Basilio,
1536 2606 1686 2654 Georgio
1704 2618 1744 2643 ac
1760 2608 1838 2643 reli-

287 2667 382 2713 quis,
397 2670 520 2713 agetur
535 2667 570 2702 in
587 2666 747 2713 sequenti
762 2665 897 2701 haeresi
913 2665 1080 2712 pluribus.

376 2722 416 2759 Ν.
430 2736 476 2760 vi.
518 2722 631 2757 Ταῦτα
648 2721 705 2770 μὶν
723 2718 778 2757 οὖν
796 2722 848 2757 καὶ
866 2719 905 2757 τὰ
922 2724 1081 2768 τοιαῦται]
1123 2723 1278 2759 Asterius
1302 2721 1457 2770 sophista
1479 2720 1710 2758 Christianam
1732 2722 1836 2759 fidem

286 2780 467 2826 amplexus
484 2780 653 2817 nonnulla
667 2779 851 2827 scripserat
867 2780 1014 2815 Arianae
1031 2779 1195 2827 perfidiae
1211 2782 1452 2816 consentanea.
1483 2777 1579 2821 Quae
1595 2790 1674 2815 cum
1690 2779 1835 2816 refutas-

285 2840 339 2871 set
355 2836 555 2880 Marcellus,
578 2837 717 2883 longius
739 2835 900 2884 progredi
923 2841 958 2872 et
972 2837 1008 2872 in
1025 2836 1259 2873 SabellIansm
1276 2835 1444 2873 haeresim
1459 2835 1646 2872 desciscere
1659 2837 1755 2873 visus
1770 2841 1833 2875 est.

285 2892 382 2936 Quae
397 2894 515 2929 omnis
529 2894 767 2941 copiosissime
784 2892 890 2929 habes
905 2893 941 2930 in
958 2894 1083 2930 Annsl.
1098 2893 1296 2931 Ecclesiast.
1311 2893 1479 2942 exposita.

375 2948 416 2987 N.
435 2962 467 2986 a.
497 2949 556 2984 itai
572 2948 785 2998 προστάτης.]
834 2951 1048 2997 Defensores·
1070 2950 1292 2988 reddidimus.
1338 2949 1427 2987 Nam
1438 2952 1633 2997 praem'dem
1656 2962 1735 2988 curn
1753 2951 1834 2989 Ocr-

286 3007 382 3044 nario
397 3007 614 3054 interpretari
630 3018 700 3043 non
716 3007 840 3054 placet.
862 3007 944 3044 Fuit
956 3011 1072 3044 antem
1085 3007 1244 3044 defensor
1255 3018 1326 3045 non
1338 3005 1478 3051 ordinis,
1495 3007 1556 3043 sed
1573 3008 1680 3044 officii
1693 3006 1837 3053 nornen,

285 3064 377 3112 qued
393 3063 486 3101 Lsiei
502 3064 685 3111 gerebant,
709 3065 768 3111 qui
791 3064 957 3101 ecelesiae
973 3065 1099 3101 lurein
1116 3064 1209 3101 civili
1223 3064 1298 3101 toro
1314 3065 1591 3112 propugnabant.
1639 3065 1838 3102 Concilium·
