2008 3294
317 221 557 259 GCLXXXIV

405 326 447 361 N.
462 338 516 362 m.
549 325 706 371 Καθαρῶς
723 324 780 369 τὴν
796 328 855 360 τοῦ
871 324 906 366 ἐξ
919 324 1122 373 ἀσωμάτου]
1154 324 1239 372 Leg.
1256 323 1298 365 εἰς
1314 324 1371 370 τὴν
1387 326 1458 360 τοῦ.

405 383 446 418 N.
464 396 496 417 v.
527 381 586 422 Ὡς
604 380 621 415 ὁ
638 380 780 423 τετοκὼς
797 381 916 428 βόλους
938 383 1087 430 speum]
1129 382 1307 424 Quaedam
1331 382 1543 429 exemplaria
1565 393 1627 429 pro
1653 381 1771 428 βόλους
1793 391 1870 428 per-

315 451 435 487 peram
451 438 579 485 βώλους
595 438 777 482 exhibent,
800 439 866 475 hoc
881 443 936 474 est
947 441 1077 485 ylebas.
1125 439 1217 474 Nam
1232 439 1400 474 Hebraico
1415 440 1584 486 scriptum
1599 443 1652 475 est
1673 418 1740 487 ξι)
1763 419 1868 488 'bne

314 498 427 532 stillas
441 499 543 531 roris.
573 496 675 543 Apud
689 496 933 532 Nazanzenum
949 495 1043 533 Orat.
1057 509 1176 532 xxxiv.
1195 496 1286 531 circa
1306 495 1415 531 finem
1435 496 1604 543 interpres
1620 497 1744 542 *qlebas
1758 495 1870 539 vertit,

315 555 416 601 quasi
432 553 559 599 βώλους
576 553 800 600 exscripserit
813 552 1052 590 nazanzenus,
1083 554 1190 600 Atqui
1205 564 1277 588 non
1292 552 1396 588 modo
1412 553 1450 588 in
1465 554 1619 597 excusis,
1636 553 1698 588 sed
1714 553 1818 588 etiam
1833 553 1872 588 iu

313 611 552 646 vetustissimo
568 611 654 657 Reg.
672 606 791 656 βόλους
807 611 899 657 apud
914 610 1074 654 Nazanz.‚
1097 622 1168 646 non
1190 609 1334 656 βώλους,
1359 613 1466 645 extat.
1514 609 1702 657 Gregorius
1717 610 1879 656 Magnus.

313 669 373 704 lib.
382 680 480 704 xxxx.
491 669 615 703 Moral.
628 678 704 714 cap.
713 679 770 702 xv.
785 669 902 703 stellas
913 671 1003 703 roris
1017 669 1148 714 legisse
1162 667 1307 710 videtur,
1323 667 1416 714 quod
1431 667 1637 703 mendosum
1653 671 1717 704 est.
1742 666 1872 702 Contra

314 725 437 761 Ezech.
449 738 546 768 xm„
564 725 617 760 10.
635 724 734 771 βόλος
751 725 844 772 apud
859 737 942 761 axx.
958 725 1130 768 scribitur,
1146 725 1208 760 ubi
1224 724 1332 771 βῶλος
1349 724 1627 760 substituendum
1643 724 1701 759 σὺν
1712 726 1762 771 τῷ
1777 723 1871 771 βόλῳ

314 785 371 827 τῆς
386 781 546 826 ἀνατολῆς
563 781 661 826 αὑτῆς
678 781 918 828 ξηρανθήσεται.
957 781 1096 818 Hieron.
1113 793 1158 817 ex
1173 794 1256 817 Lxx.
1274 794 1348 816 oum
1362 782 1464 827 qleba
1477 784 1641 827 qerminis
1655 784 1710 816 aui
1725 787 1871 824 arescet,

314 841 408 888 quod
420 845 454 875 et
464 839 702 875 Theodoretus
714 840 886 886 agnoscit.
907 839 1048 875 Rectius
1065 839 1169 874 editio
1185 843 1319 874 nostra:
1337 841 1374 873 in
1387 841 1481 874 areis
1489 841 1653 884 qermim's
1664 841 1718 873 eui
1729 844 1871 873 arescet.

315 898 405 934 Nam
420 897 590 932 Hebraico
611 901 666 932 est
686 900 848 940 ’.Ἴδη-13,
870 897 905 932 id
929 900 982 932 est
1004 909 1100 933 area.
1131 897 1238 943 Atqui
1254 896 1418 931 articulus
1434 896 1509 942 ipse
1525 896 1709 931 masculini
1723 895 1874 942 generis,

316 956 376 1002 qui
391 955 497 990 etiam
512 953 606 1001 apud
619 953 874 990 'theodoretum
891 954 994 1000 βώλῳ
1009 953 1224 1001 praefigitur,
1250 953 1342 1000 βόλῳ
1367 953 1548 1001 scripsisse
1571 964 1653 989 axx.
1668 953 1872 1000 interpretes

316 1013 541 1048 demonstrat.

405 1069 448 1106 N.
466 1081 500 1104 x.
524 1068 587 1103 Kal
601 1067 674 1108 εἴτις
690 1071 730 1116 τῇ
745 1068 871 1115 σοφίᾳ]
902 1068 1102 1115 Sequuntur
1116 1067 1415 1111 anathematismi,
1430 1068 1612 1115 paululum
1627 1067 1672 1102 ab
1686 1067 1730 1103 iis
1746 1066 1874 1103 diversi

300 1138 403 1177 'quos
420 1137 466 1162 ex
481 1126 604 1162 eadem
619 1125 916 1161 Semiarianorum
931 1126 1064 1172 synodo
1081 1126 1203 1161 recitat
1217 1126 1381 1162 Hilarius.

406 1183 449 1219 N.
466 1196 516 1220 n.
548 1182 610 1217 Kal
626 1182 653 1217 εἶ
667 1194 714 1223 τις
729 1182 858 1224 ἐξουσία
881 1182 935 1217 καὶ
958 1183 1079 1230 οὐσίᾳ]
1124 1183 1326 1218 Postremus
1353 1182 1410 1217 hic
1439 1182 1752 1218 anathematismus
1780 1181 1875 1228 apud

315 1241 486 1277 Hilarium
500 1251 572 1276 non
584 1244 769 1287 comparet,
786 1241 847 1286 qui
857 1241 933 1276 sine
945 1240 1050 1276 dubio
1061 1240 1255 1276 haereticus
1272 1243 1336 1283 est,
1352 1243 1526 1287 quatenus
1541 1239 1875 1277 consubstantialem

316 1309 394 1334 esse
408 1298 499 1345 patri
512 1297 625 1333 filium
639 1301 764 1344 negat,
786 1297 853 1332 hoc
868 1301 922 1332 est
935 1308 1049 1344 neque
1066 1296 1254 1344 ὅμοοόσιον,
1277 1308 1390 1344 neque
1412 1297 1602 1331 ταυτούσιον
1625 1306 1720 1340 esse,
1743 1295 1878 1331 definit..

317 1356 386 1392 Sed
401 1354 578 1402 ὁμοοόσιον
593 1360 775 1402 propterea
794 1354 967 1401 repudiari
989 1366 1010 1390 a
1033 1365 1071 1390 se
1093 1354 1241 1401 professi
1263 1359 1346 1389 sunt
1369 1354 1591 1397 Samiarium,
1607 1356 1688 1401 quia
1699 1365 1767 1400 per
1780 1353 1876 1388 verbi

317 1414 416 1449 huius
437 1415 704 1448 enunciationem
720 1412 910 1447 substantia
921 1414 1024 1458 prior
1039 1413 1295 1458 intelligeretur,
1317 1424 1417 1458 quam
1441 1413 1504 1446 duo
1525 1414 1615 1446 inter
1635 1423 1670 1445 se
1680 1413 1811 1458 partiti
1824 1422 1874 1446 ee-

316 1477 403 1513 sent,
427 1471 478 1505 ait
499 1469 661 1506 Hilarius.
691 1469 783 1504 Tum
806 1469 899 1515 quod
917 1475 1039 1515 patres
1061 1470 1132 1511 illi,
1155 1471 1214 1516 qui
1233 1469 1378 1503 Paulum
1392 1468 1646 1504 samosatenum
1667 1468 1875 1504 haereticum:

311 1530 602 1575 proviniacum-unt,
631 1529 733 1562 etiam
756 1526 946 1561 homousion
969 1529 1174 1570 reiecerunt,
1199 1529 1280 1572 quia
1296 1538 1363 1572 per
1379 1526 1469 1561 hanc
1490 1528 1590 1560 unius
1607 1528 1770 1561 essentiae
1791 1537 1874 1560 nnn-

317 1587 544 1632 capationem,
566 1585 758 1619 solitarium
777 1590 876 1630 atque
891 1587 1024 1619 unicum
1040 1583 1107 1618 eibi
1122 1595 1192 1618 esse
1205 1589 1339 1630 patrem
1356 1590 1386 1618 et
1393 1584 1506 1628 filium
1515 1583 1762 1630 praedicabat.
1809 1582 1875 1618 Po·

317 1647 446 1679 stremo
462 1642 546 1689 quia
566 1652 698 1677 novum
720 1651 785 1676 nec
806 1641 843 1676 in
866 1640 1046 1687 scripturis
1068 1643 1275 1687 usurpatum
1295 1639 1361 1675 hoc
1376 1640 1585 1676 vocabulum
1608 1643 1695 1677 erat.
1742 1638 1874 1682 Quibus

318 1700 480 1736 omnibus
497 1698 629 1734 erudite
643 1698 794 1733 Hilarius
811 1698 968 1733 occurrit.
995 1698 1126 1734 Verum
1141 1708 1222 1733 cum
1238 1697 1279 1733 de
1294 1708 1332 1733 re
1347 1697 1425 1744 ipsa
1441 1708 1521 1733 cum
1536 1696 1715 1733 catholicis
1731 1707 1876 1733 consen-

316 1758 381 1793 tire
395 1757 603 1799 viderentur,
627 1755 670 1790 de
692 1766 778 1790 voce
801 1755 973 1790 duntaxat
995 1754 1178 1798 dissidere,
1201 1755 1391 1802 plurimum
1412 1765 1434 1790 a
1455 1755 1584 1790 sanctis
1607 1754 1765 1802 patribus
1781 1764 1876 1790 com-

317 1814 471 1850 mendati
491 1824 532 1849 ac
548 1824 612 1861 pro
635 1812 837 1848 orthodoxis
858 1812 1111 1859 propemodum
1132 1812 1245 1859 agniti
1259 1816 1359 1856 sunt,
1382 1815 1421 1847 ut
1444 1823 1489 1847 ex
1512 1812 1634 1848 eodem
1643 1811 1778 1854 Hilario
1794 1821 1876 1847 cen-

318 1876 397 1908 stat.
430 1870 522 1914 Quin
542 1874 578 1906 et
592 1869 803 1905 Athanasius
823 1869 884 1906 lib.
902 1869 944 1904 de
967 1869 1119 1916 Synodis
1134 1869 1242 1905 Arim.
1259 1873 1294 1904 et
1316 1869 1452 1907 Selene.
1479 1869 1520 1905 de
1543 1869 1612 1904 iilis
1634 1870 1685 1904 ita
1706 1868 1875 1916 loquitur:

318 1928 400 1975 πρὸς
417 1927 452 1963 ὀὶ
471 1926 546 1968 τοὺς
568 1925 831 1974 ἀποδεχομένους
853 1925 894 1961 τὰ
911 1926 968 1974 μὶν
993 1924 1080 1961 ἄλλα
1104 1924 1211 1960 πάντα
1233 1928 1300 1960 τῶν
1324 1924 1356 1961 ἐν
1380 1926 1498 1974 Nimia
1520 1925 1722 1974 γραφέντων,
1745 1925 1818 1974 περὶ
1841 1923 1878 1960 δὲ

320 1987 420 2033 μόνον
436 1986 474 2020 τὸ
492 1984 669 2031 ὁμοούσιον
685 1981 968 2031 ἀμφιβάλλοντας,
987 1982 1031 2030 μὴ
1048 1981 1093 2024 ὡς
1110 1983 1191 2030 πρὸς
1207 1981 1344 2030 ἐχθροὺς
1362 1983 1549 2018 διακεῖσθαι·
1566 1982 1621 2018 καὶ
1635 1982 1699 2030 γὰρ
1716 1982 1769 2018 καὶ
1784 1981 1877 2029 ἡμᾶς

320 2043 381 2078 οὒκ
396 2040 442 2083 ὡς
457 2041 538 2089 προς
555 2040 811 2088 Ἀρειομανίτας,
837 2039 909 2075 οὐδ’
926 2039 971 2081 ὡς
988 2040 1196 2087 μαχομένους
1213 2040 1295 2087 πρὸς
1312 2040 1387 2080 τοὺς
1403 2040 1544 2088 πατέρας
1561 2038 1766 2088 ἔνιστάμεθα,
1788 2037 1879 2075 ἀλλὰ

320 2099 365 2140 ὡς
381 2098 516 2146 ἀδελφοὶ
528 2098 610 2146 πρὸς
623 2095 783 2144 ἀδελφοὺς
797 2097 1027 2145 διαλεγόμεθα,
1043 2096 1101 2142 τὴν
1118 2096 1219 2142 αὐτὴν
1236 2095 1293 2144 μὶν
1309 2096 1388 2143 ἡμῖν
1406 2095 1547 2132 διάνοιαν
1569 2095 1723 2144 ἔχοντας,
1746 2094 1819 2143 aspi
1841 2095 1879 2132 δὲ

319 2158 359 2192 τ“ο
379 2154 485 2204 ὄνομα
505 2156 606 2204 μόνον
629 2152 840 2196 διστάζοντας
862 2158 927 2191 etc.
974 2153 1182 2201 Quanquam
1204 2154 1361 2201 superior
1382 2153 1695 2190 anathematismus
1710 2153 1878 2189 Arianam

319 2214 500 2263 perfidiam
515 2213 664 2256 redolet,
680 2223 761 2248 cum
776 2212 915 2255 asserit,
930 2215 1065 2259 patrem
1080 2222 1152 2247 non
1168 2209 1296 2257 ἐξουσίᾳ
1312 2210 1444 2254 solum,
1460 2210 1522 2246 sed
1538 2209 1648 2258 οὐσίᾳ,
1665 2210 1730 2247 filii
1743 2213 1878 2258 patrem

321 2282 414 2315 esse,
431 2269 523 2318 quod
539 2270 681 2307 omnino
697 2269 827 2305 laisum
843 2272 898 2304 est
913 2273 948 2304 et
963 2268 1185 2304 haereticum.
1232 2267 1352 2315 Neque
1369 2268 1461 2303 enim
1477 2272 1574 2315 pater
1589 2268 1626 2303 in
1641 2268 1770 2312 filium,
1792 2278 1878 2315 qua·

320 2334 422 2366 tenus
439 2328 524 2364 deus
541 2331 595 2364 est
609 2331 644 2364 et
658 2327 703 2363 ab
719 2327 793 2363 eius
810 2325 906 2374 οὐσίᾳ
920 2325 1091 2374 procedit,
1108 2323 1253 2366 ἐξουσίαν
1270 2325 1394 2367 ullam,
1418 2329 1479 2361 aut
1492 2328 1700 2372 potestatem
1717 2325 1862 2362 obtinet.

412 2385 452 2423 N.
469 2397 533 2422 ιιι.
565 2384 613 2420 'rb
636 2386 693 2430 τῆς
718 2383 830 2425 οὐσίας
854 2380 986 2431 dimum]
1031 2382 1110 2419 Non
1132 2382 1342 2418 mediocrem
1364 2381 1558 2430 Epiphanio
1581 2382 1739 2418 fraudem
1762 2382 1879 2419 attulit

322 2444 453 2480 omissa
467 2443 503 2479 in
518 2442 585 2479 hoc
600 2442 676 2478 loco
694 2451 716 2477 a
730 2441 880 2478 librariis
893 2440 1135 2489 interpunctio.
1178 2438 1267 2475 Nam
1286 2443 1366 2487 post
1381 2438 1591 2486 synodicam
1606 2440 1781 2486 Ancyrani
1797 2450 1878 2475 con-

321 2501 490 2544 ciliabuli,
506 2510 596 2547 quse
608 2500 652 2534 ab
664 2498 730 2535 hoc
745 2509 891 2535 numero
904 2498 1066 2545 deinceps
1077 2500 1280 2544 sequuntur,
1293 2500 1396 2544 prout
1405 2495 1512 2543 vulgo
1525 2500 1690 2543 concepta
1700 2496 1801 2533 lectio
1814 2499 1878 2539 est,

322 2557 503 2605 Epiphanii
520 2567 597 2593 esee
609 2556 785 2599 videntum
802 2566 866 2592 nec
882 2555 981 2591 aliter
997 2565 1040 2591 ex
1056 2554 1197 2591 Graecis
1213 2554 1404 2598 codicibus,
1419 2556 1493 2589 tam
1508 2553 1600 2600 typis
1616 2553 1754 2590 excusis
1771 2563 1877 2600 quam

322 2615 475 2663 scriptis,
492 2614 647 2661 sdeoque
663 2624 708 2650 ex
721 2613 879 2649 Ceruarii
893 2611 1174 2660 interpretatione
1187 2611 1356 2659 suspicari
1373 2610 1496 2658 possis.
1519 2608 1617 2652 Quod
1634 2621 1698 2646 nos
1715 2609 1783 2657 ipsi
1798 2620 1879 2646 cum

324 2672 447 2707 Latius
462 2670 669 2707 dictaremus
685 2671 931 2718 expressimus.
980 2669 1070 2713 Quid
1086 2669 1179 2705 enim
1194 2673 1268 2705 tum
1285 2667 1379 2704 aliud
1394 2677 1592 2715 possemus,
1613 2677 1692 2702 cum
1710 2666 1753 2702 ad
1772 2666 1879 2703 Grae·

324 2740 402 2764 cnm
418 2732 620 2764 contextum
637 2728 778 2771 Latina,
802 2727 917 2774 quoad
932 2726 1007 2763 fleri
1022 2730 1155 2774 potest,
1177 2723 1471 2762 accommodanda
1485 2724 1570 2767 sint,
1595 2727 1629 2759 et
1651 2724 1682 2759 si
1705 2724 1787 2771 quid
1807 2724 1879 2760 illie

325 2786 427 2833 paulo
441 2785 678 2821 vehementius
694 2785 918 2832 depravatum
936 2785 1132 2827 occurrerit,
1148 2783 1183 2819 id
1198 2784 1234 2819 in
1252 2786 1350 2818 notas
1366 2780 1618 2818 coniiciendum
1634 2781 1749 2828 potius
1762 2780 1878 2817 videa-

324 2848 381 2878 tur
404 2852 508 2889 quam
531 2843 607 2878 sine
622 2846 778 2877 veterum
801 2842 984 2877 autoritate
1005 2841 1200 2877 communis
1215 2840 1252 2876 in
1268 2841 1433 2876 contextu
1448 2837 1524 2885 ipso
1542 2837 1746 2873 solicitanda
1761 2838 1875 2875 lectio.

326 2899 412 2935 enm
429 2897 493 2934 hoc
509 2899 614 2942 igitur
629 2900 664 2935 in
681 2899 805 2935 Latina
821 2902 940 2934 nostra
954 2898 1199 2945 inter-pretioue
1215 2895 1430 2934 retinendum
1442 2895 1689 2942 putaverimus,
1705 2894 1762 2931 hic
1772 2895 1878 2931 lecto-

325 2967 398 2992 rem
414 2956 610 3002 grsvissimi
628 2961 662 2990 ct
677 2967 698 2990 a
714 2956 808 2991 nuno
825 2955 1056 2991 animadversi
1072 2954 1238 2991 hacteuus
1254 2953 1378 2990 erroris
1398 2952 1680 2995 admonebimus,
1704 2952 1877 2999 simulque

326 3011 555 3060 Epiphaniam
572 3016 728 3048 nostrum
745 3013 789 3047 ab
805 3012 935 3048 invidia
950 3012 1046 3048 omni
1061 3022 1102 3047 ac
1118 3012 1241 3059 culpae
1261 3009 1457 3058 suspicione
1479 3009 1713 3047 liberabimus.
1757 3007 1877 3056 Neque

328 3070 420 3107 enim
436 3068 589 3119 prolecto
602 3068 830 3106 dubitandum
845 3074 899 3106 est
914 3069 999 3116 quin
1014 3069 1046 3106 sl
1061 3068 1129 3105 ists
1138 3067 1315 3116 scripserit
1324 3065 1556 3116 Epiphanius,
1571 3065 1876 3113 semiarianorum,
