2008 3294
1502 201 1730 239 CLXXXVII

183 316 305 349 natum
317 312 485 355 dicerent,
499 310 567 346 hoc
582 314 636 346 est
646 311 732 346 Maii
742 323 813 354 xx.‚
828 309 1121 346 Basilidianorum
1131 335 1141 352 ‚
1157 309 1218 355 qui
1229 320 1286 344 xv.
1295 308 1402 355 Tybi,
1417 307 1490 343 sive
1501 306 1574 342 Ian.
1583 317 1629 348 x.,
1644 306 1729 341 alio-

183 381 261 406 rum
285 369 432 416 denique
454 368 530 415 qui,
550 372 590 403 ut
610 367 843 415 Epiphanius,
866 379 914 404 xr.
925 366 1026 412 Tybi.
1071 365 1150 413 Ipse
1164 376 1247 401 vero
1264 366 1424 401 Clemens
1441 375 1462 400 a
1477 363 1584 400 natali
1599 362 1731 398 domini

185 427 228 462 ad
245 427 378 462 obitum
394 425 574 462 Commodi
590 435 699 460 annos
715 427 876 460 numerat
890 433 1008 467 oxmv,
1024 433 1182 458 mensem
1198 436 1227 466 1,
1244 423 1319 458 dies
1334 435 1411 459 xm.
1451 420 1549 465 Quod
1564 420 1596 456 si
1610 430 1731 455 verum

184 487 293 527 esset,
308 483 434 520 natalis
451 481 576 517 Christi
591 482 790 518 conveniret
804 481 912 528 Athyr
926 492 1026 523 xxxx„
1048 480 1108 526 qui
1130 485 1183 515 est
1196 480 1284 515 Nov.
1294 491 1394 516 xvm.
1410 478 1622 515 Commodus
1637 477 1732 513 enim

185 541 270 576 obiit
290 551 380 576 anno
403 551 504 575 aerae
527 539 761 586 Dionysianae
785 549 894 575 cxcrr.
909 537 999 586 prid.
1014 536 1091 572 Kal.
1108 537 1179 572 Ian.
1226 537 1336 572 Natus
1362 537 1470 583 igitur
1491 536 1558 572 erit
1577 534 1732 571 Christus

183 598 316 634 Iuliano
337 609 438 633 xuu.
462 596 549 632 Nov.
574 608 674 632 xvm.
721 596 790 632 Sed
810 600 908 632 vetus
935 598 970 631 et
991 595 1036 630 ab
1058 594 1154 629 omui
1177 594 1323 629 ecclesia
1345 597 1483 640 recepta
1504 593 1644 628 traditio
1667 595 1732 635 est,

185 654 358 691 Christum
370 654 450 690 Dec.
460 666 542 690 xxv.
556 657 678 689 natum
690 665 782 696 esse,
799 663 903 700 quam
918 663 1020 688 nemo
1036 651 1187 698 prudens
1203 654 1331 686 temere
1346 651 1595 687 sollicitaverit.
1619 649 1732 692 Quare

183 712 326 748 ridicula
341 714 376 747 et
390 711 607 758 explodenda
623 714 674 746 est
689 710 859 758 Scaligeri
880 709 1063 751 divinatio,
1087 708 1147 755 qui
1168 708 1204 743 in
1228 708 1376 755 append.
1394 708 1508 754 operis
1531 708 1573 743 de
1589 706 1732 742 Emend.

183 770 302 817 Temp.
318 772 354 804 et
367 769 460 815 Isag.
479 768 562 803 Can.
576 781 626 805 ιιι.
645 780 690 803 ex
706 767 980 815 ephemeriarum
995 769 1031 802 et
1051 765 1316 802 sacerdotalium
1335 764 1553 800 functionum
1573 765 1656 800 orbe
1670 774 1732 800 na·

183 827 288 862 talem
304 824 432 862 Christi
453 826 707 861 conficiendum
728 825 853 860 asserit
871 825 908 860 in
924 823 1018 872 Sept.
1034 826 1233 859 exeuntem.
1281 821 1380 864 Quod
1400 833 1535 857 merum
1557 822 1733 857 somnium

181 887 236 919 est
255 893 366 930 neque
382 883 454 918 ulla
471 883 764 918 demonstratione
780 885 843 918 aut
852 884 946 917 certo
957 880 1074 927 aliquo
1086 880 1307 917 firmamento
1319 879 1451 914 nititur.
1479 879 1634 914 Primum
1650 879 1733 926 quia

182 940 336 977 nondum
352 940 437 975 satis
453 941 672 987 exploratum
689 942 742 975 est
757 949 846 987 quae
861 938 966 974 fuerit
979 937 1072 985 apud
1087 937 1232 972 Iudaeos
1254 936 1338 971 anni
1358 946 1399 970 ae
1420 936 1595 972 mensium
1618 936 1733 983 dispo-

182 998 274 1034 sitio.
320 997 452 1033 Deinde
472 1007 537 1032 nec
559 997 644 1032 illud
666 1000 795 1032 certum
817 999 887 1039 est,
910 999 1028 1032 utrum
1047 994 1149 1030 Iudas
1164 994 1394 1030 Maocabaeus
1418 1004 1498 1028 eum
1513 992 1684 1028 sacrificia
1697 996 1734 1028 et

182 1054 399 1091 sacerdotum
413 1054 609 1090 functiones
625 1055 847 1096 instauraret,
864 1050 986 1087 ἄνωθεν
1001 1051 1055 1087 καὶ
1077 1050 1229 1099 ἀπαρχῆς
1250 1050 1524 1098 ephemeriarum
1545 1050 1666 1085 orbem
1679 1061 1733 1085 re-

182 1112 328 1160 petierit,
344 1123 389 1147 an
401 1115 482 1159 post
493 1111 722 1159 interruptum
734 1109 963 1157 ἐνδελεχισμὸν
975 1107 1150 1156 ἐφημερίσιν
1161 1109 1258 1144 illam
1270 1108 1500 1150 substituerit,
1515 1117 1604 1154 quae
1615 1107 1733 1154 priori,

182 1170 246 1205 sub
259 1179 329 1216 qua
339 1169 509 1216 templum
522 1169 566 1204 ab
578 1167 747 1204 Antiocho
759 1168 928 1203 violatum
940 1170 1010 1210 est,
1021 1177 1226 1202 successura
1236 1165 1359 1201 fuerat.
1383 1165 1435 1200 Ad
1447 1164 1533 1200 haec
1544 1165 1700 1200 Maccab.
1709 1177 1733 1199 1.

183 1237 258 1274 cap.
273 1238 318 1262 rv.
335 1237 424 1263 com.
436 1225 491 1263 42.
508 1225 725 1261 sacerdotum
737 1225 909 1260 delectum
920 1223 1085 1259 habuisse
1101 1223 1234 1266 dicitur,
1250 1233 1371 1258 eorum
1386 1222 1517 1257 scilicet
1531 1222 1591 1269 qui
1607 1222 1734 1267 integri

182 1283 463 1330 immaculatique
483 1282 614 1326 forent,
641 1283 762 1330 quales
785 1281 939 1318 nondum
960 1281 1119 1317 fortassis
1142 1283 1242 1316 erant
1261 1280 1394 1327 primae
1415 1280 1501 1315 vicis
1528 1279 1734 1314 sacerdotes.

181 1341 358 1376 Postremo
370 1340 583 1387 baptizatum
597 1351 674 1376 esse
686 1339 862 1375 Christum
877 1339 1010 1374 Iuliano
1023 1350 1129 1381 xxxv„
1143 1338 1200 1373 vel
1215 1338 1339 1373 aetatis
1355 1337 1516 1372 absoluto
1529 1348 1624 1379 xxx„
1639 1347 1734 1372 sum-

182 1401 282 1446 ptum
293 1409 315 1433 a
326 1397 521 1446 Scaligero,
536 1409 608 1433 non
620 1397 893 1433 demonstratum
909 1400 977 1439 est,
992 1399 1032 1431 ut
1047 1406 1112 1431 suo
1127 1396 1203 1431 loco
1219 1395 1455 1442 probavimus.
1480 1393 1580 1436 Quod
1595 1394 1627 1429 si
1642 1393 1735 1441 quod

181 1455 218 1491 in
239 1455 298 1491 illo
314 1455 459 1498 vicium,
480 1458 516 1490 et
536 1453 812 1502 ephemeriarum
834 1454 980 1490 circuitu
1000 1453 1169 1489 momenti
1190 1452 1233 1487 ad
1255 1452 1446 1488 eruendum
1462 1451 1588 1487 Christi
1603 1462 1735 1486 annum

182 1523 260 1548 esse
278 1513 424 1556 videtur,
446 1515 562 1560 potest
584 1511 731 1559 quilibet
749 1511 926 1547 nonnullis
950 1511 1090 1552 eodem,
1114 1521 1183 1557 quo
1205 1509 1373 1556 Scaliger,
1397 1510 1471 1544 iure
1494 1508 1669 1555 usurpatis
1693 1519 1734 1543 ac

181 1570 320 1616 positis,
336 1580 544 1617 quocunque
558 1569 698 1606 libuerit
713 1569 830 1604 orbem
846 1569 946 1604 illum
961 1579 1002 1603 ac
1018 1567 1200 1604 circuitum
1215 1566 1394 1602 deducere.
1418 1566 1507 1602 Nam
1520 1570 1555 1602 et
1564 1566 1734 1613 Keplerua

183 1638 226 1662 ex
243 1627 363 1663 eadem
378 1627 439 1663 illa
455 1627 543 1662 serie
558 1627 711 1662 natalem
727 1626 859 1662 domini
875 1637 955 1662 xxv.
972 1625 1027 1660 die
1042 1624 1243 1660 Decembris
1257 1624 1413 1659 retinuit.

272 1684 340 1720 Sed
357 1687 394 1719 ut
410 1684 454 1719 ad
469 1684 566 1719 illam
581 1689 743 1726 revertar,
760 1693 866 1730 quam
882 1682 1096 1729 Epiphanius
1112 1681 1275 1724 adduxit,
1290 1682 1538 1717 nonnullorum
1553 1681 1735 1723 rationem,

183 1741 242 1788 qui
258 1753 303 1777 ex
317 1753 351 1777 x.
362 1752 484 1778 mense
500 1741 572 1777 dies
589 1741 722 1788 aliquot
730 1741 860 1776 libasse
873 1738 1047 1775 Christum
1062 1739 1099 1775 in
1116 1743 1212 1774 utero
1227 1739 1350 1774 matris
1366 1738 1626 1782 existimarunt,
1642 1738 1735 1785 quod

182 1798 265 1846 Sap.
284 1810 350 1842 vn,
378 1799 409 1834 2.
433 1799 600 1846 scriptum
624 1798 687 1840 sit,
717 1799 828 1833 decem
848 1797 1013 1832 mensibus
1036 1802 1210 1831 concretus
1229 1799 1265 1830 in
1286 1798 1468 1841 sanquine,
1489 1796 1610 1831 eodem
1632 1806 1734 1842 argu-

183 1859 299 1892 mento
315 1855 505 1892 catholicus
522 1855 705 1891 Armeniae
721 1866 805 1891 usus
822 1858 875 1890 est
890 1855 926 1890 in
943 1854 1092 1901 epistola
1106 1864 1212 1900 quam
1235 1853 1319 1889 citat
1339 1852 1469 1900 Scalig.
1486 1853 1523 1888 in
1538 1852 1631 1900 Isag.
1649 1852 1733 1888 Can.

181 1923 262 1962 pag.
277 1912 354 1949 301.

272 1969 333 2005 Kal
349 1969 420 2017 περὶ
437 1968 537 2014 αὐτὴν
549 1968 607 2014 τὴν
623 1968 821 2014 ἑνδεκάτην]
866 1968 1038 2012 Quoniam
1061 1972 1180 2004 natum
1204 1979 1282 2004 esse
1305 1967 1482 2004 Christum
1498 1967 1628 2003 v1.1an.
1644 1967 1734 2003 arbi-

180 2030 291 2063 tratus
308 2031 375 2071 est,
391 2027 604 2074 baptizatum
616 2038 697 2062 vero
714 2039 788 2063 vm.
801 2026 900 2070 Nov.,
916 2026 1018 2061 facile
1033 2026 1100 2061 fuit
1111 2025 1304 2072 Epiphanio
1317 2026 1469 2072 primum
1481 2025 1565 2060 illud
1580 2028 1735 2060 mutatae

182 2095 291 2132 aquae
306 2084 512 2120 miraculum
528 2084 665 2126 eodem,
688 2095 756 2131 quo
779 2088 882 2119 natus
906 2087 995 2126 erat,
1018 2083 1073 2118 die
1094 2082 1225 2118 factum
1241 2093 1406 2118 asserere.
1436 2083 1566 2118 Verum
1582 2093 1661 2118 cum
1678 2093 1734 2117 ve-

181 2142 247 2178 teri
267 2142 432 2178 ecclesiae
455 2142 699 2184 consensione,
721 2152 791 2176 non
807 2141 880 2176 Ian.
894 2153 951 2184 v1.‚
972 2140 1033 2176 sed
1049 2140 1229 2175 Decembr.
1243 2152 1325 2176 xxv.
1344 2139 1471 2175 Christi
1490 2140 1617 2175 natalis
1640 2140 1736 2174 attri-

181 2199 285 2235 butus
309 2199 372 2240 sit,
394 2198 587 2247 baptismus
602 2209 684 2234 vero
700 2198 772 2234 lan.
783 2211 842 2241 v1.,
856 2198 934 2233 fieri
953 2209 1024 2234 non
1046 2201 1177 2245 potest,
1194 2201 1233 2232 ut
1254 2201 1315 2232 aut
1329 2197 1451 2232 eodem
1468 2208 1537 2243 quo
1553 2201 1656 2232 natus
1672 2200 1735 2238 est,

182 2259 243 2292 aut
257 2257 362 2292 etiam
380 2267 448 2303 quo
464 2256 659 2303 baptizatus
675 2259 744 2298 est,
761 2255 816 2290 die
833 2266 959 2302 aquam
972 2255 1009 2290 in
1024 2255 1146 2290 vinum
1157 2255 1308 2291 verterit.
1332 2255 1472 2300 Alioqui
1486 2253 1737 2301 perabsurdum

181 2318 234 2350 est
250 2324 341 2350 anno
357 2313 497 2350 demum
512 2317 593 2360 post
607 2313 820 2360 baptismum
836 2313 972 2359 elapso,
989 2323 1068 2348 cum
1083 2313 1151 2347 iam
1162 2338 1172 2355 ‚
1195 2316 1235 2346 ut
1249 2315 1330 2347 ante
1346 2312 1544 2354 docuimus,
1559 2311 1734 2358 praedica-

180 2371 309 2407 tionem
326 2382 426 2407 orsus
442 2374 550 2413 esset,
566 2371 718 2417 primum
735 2370 779 2404 ab
795 2380 837 2405 eo
854 2370 1060 2405 miraculum
1077 2369 1208 2404 editum
1223 2369 1323 2404 velle.
1370 2369 1443 2404 Hoc
1467 2369 1561 2403 enim
1584 2379 1734 2414 evange-

178 2429 266 2464 licae
281 2427 446 2463 historiae
459 2427 644 2463 manifeste
659 2430 846 2474 repugnat3
869 2427 980 2461 multo
996 2437 1078 2461 vero
1094 2427 1226 2472 magis,
1249 2427 1279 2461 si
1301 2426 1368 2461 tria
1384 2425 1554 2460 duntaxat
1567 2424 1736 2471 paschata

181 2496 262 2520 cum
276 2485 451 2520 veteribus
465 2485 699 2531 assignemus,
742 2482 976 2525 Quamobrem
992 2484 1060 2518 alio
1076 2479 1132 2518 die
1147 2493 1253 2530 quam
1269 2495 1316 2518 vr.
1331 2483 1403 2517 Ian.
1419 2482 1627 2517 miraculum
1641 2482 1735 2517 istud

180 2541 321 2585 accidit,
344 2542 483 2577 tametsi
505 2541 626 2577 eodem
649 2552 718 2587 quo
742 2541 936 2587 baptismus
958 2540 1013 2575 die
1030 2540 1074 2575 ab
1090 2540 1236 2575 ecclesia
1251 2539 1453 2574 celebretur.
1498 2538 1550 2574 De
1572 2549 1641 2585 quo
1657 2539 1734 2575 vide

180 2599 373 2635 Perrerium
388 2599 449 2635 lib.
463 2611 511 2635 ιι.
529 2598 662 2634 Comm.
678 2598 714 2632 iu
730 2597 816 2632 Dan.
834 2600 870 2632 et
883 2596 1010 2632 Baton.
1025 2597 1062 2632 in
1078 2597 1167 2633 Ann.

268 2655 311 2691 N.
325 2668 409 2692 xxx.
442 2655 499 2690 Διὸ
516 2655 570 2690 καὶ
586 2653 618 2689 ἐν
634 2653 772 2694 πολλοῖς
788 2654 930 2698 τόποις]
975 2652 1074 2696 Quod
1094 2652 1219 2688 horum
1240 2652 1390 2688 fontium
1409 2652 1589 2688 historiam
1605 2655 1640 2688 et
1654 2652 1734 2700 Epi-

181 2711 300 2759 phanil
319 2713 424 2748 fidem
444 2713 480 2748 in
505 2713 649 2748 dubium
668 2711 844 2746 revocavit
860 2710 1050 2745 Calvinista
1073 2710 1212 2756 quidam
1232 2720 1387 2755 nuperus
1402 2709 1439 2744 in
1455 2709 1655 2745 Casauboni
1667 2710 1733 2745 De-

181 2769 354 2812 fensione,
376 2769 460 2805 facit
479 2769 787 2816 impudentissime.
835 2766 904 2802 Sed
924 2766 1016 2802 hunc
1031 2766 1216 2814 Epiphanii
1235 2767 1351 2802 locum
1370 2767 1528 2814 pluribus
1548 2767 1736 2802 illustravit

180 2825 381 2861 Heribertus
396 2827 608 2873 Rosweydus
623 2829 741 2861 noster
760 2826 796 2860 iu
811 2825 955 2859 Talione
971 2827 1092 2858 contra
1107 2823 1369 2867 casaubonum,
1391 2834 1413 2859 a
1433 2835 1502 2871 quo
1523 2824 1652 2860 iniuria
1672 2835 1733 2859 no-

181 2885 273 2918 tatus
290 2886 363 2918 erat
374 2883 630 2919 illustrissimus
646 2880 832 2918 Annalium
847 2881 1015 2917 conditor.

272 2939 362 2973 Κανᾶ·
377 2937 440 2986 γὰρ
456 2938 687 2988 ἑρμηνεύεται]
717 2938 886 2974 Vocabuli
901 2937 1004 2973 huius
1021 2938 1192 2984 originem
1207 2948 1230 2973 a
1243 2938 1349 2973 verbo
1366 2940 1455 3000 ’,περ
1473 2938 1624 2982 deducit,
1641 2939 1734 2985 quod

182 2995 359 3044 possidere
374 2996 559 3043 significat.

272 3052 314 3088 N.
326 3064 422 3089 xxxi.
439 3053 564 3088 Φάσκει
577 3052 673 3088 πάλιν
687 3051 704 3087 ὁ
718 3053 870 3097 Λουκᾶς.]
896 3051 1075 3095 Quomodo
1091 3062 1172 3088 cum
1187 3052 1331 3089 caeteris
1347 3053 1571 3100 evangelistis
1587 3053 1733 3088 Ioannes

1771 2215 1799 2241 p.
1810 2206 1869 2234 212.
