2008 3294
1543 193 1683 230 GGLXI

127 303 204 350 pari
218 305 359 350 caepta
376 301 600 339 octaeurides
612 305 685 337 tam
695 300 872 348 simplices
883 309 990 347 quarn
1000 299 1212 346 geminatae,
1228 299 1302 334 sive
1314 297 1683 334 heccaedecaeterides

127 360 265 396 Etenim
279 359 469 406 Dionysius
484 359 740 394 Alexandrinae
757 356 975 394 eetafitnridis
991 367 1161 392 canonem
1176 356 1336 391 institnit.
1377 355 1585 403 Hippolytus
1602 366 1683 390 vero

127 415 486 459 heccaedecaeterida,
511 426 617 462 quam
639 416 677 451 in
698 415 797 453 libris
819 413 863 450 de
882 413 1064 450 Emendat.
1082 414 1202 460 Temp.
1220 413 1377 459 Scaliger
1400 412 1556 460 exponit.
1590 411 1684 455 Quas

126 483 250 509 omues
265 471 447 509 methodos
462 476 637 519 postremo
654 470 952 508 enneadecaeteris
968 471 1135 514 exclusit,
1151 471 1196 506 ab
1210 470 1455 506 Alexandrinis
1471 473 1507 505 et
1520 470 1683 505 Anatolio

127 542 200 566 non
211 530 276 566 ilia
291 529 431 576 quidem
447 530 664 576 excogitata,
687 533 728 565 nt
747 539 871 576 patrum
891 527 1078 575 prudenter
1092 528 1249 574 plerique
1265 528 1453 575 scripsere,
1474 527 1585 563 multo
1601 538 1683 562 vero

127 588 243 629 minus
264 587 308 623 ab
324 586 475 623 Eusebio
493 586 710 622 Caesariensi
730 588 883 633 reperta,
906 584 967 620 sed
991 585 1036 620 ab
1059 585 1102 620 iis
1127 585 1290 620 omnibus
1314 584 1358 620 ad
1380 596 1485 620 usum
1506 583 1684 632 paschatis

127 644 306 682 amdan.
321 644 373 680 Ita
379 643 603 681 octaeterides
611 644 770 690 aliaeque
774 643 952 689 cyclorum
962 642 1101 677 inutiles
1109 642 1242 677 formae
1250 642 1420 688 paulatim
1428 642 1685 677 obsoleverunt.

128 701 336 748 Quanquam
357 701 545 736 nonnullos
568 700 682 736 adhuc
701 699 818 737 Bedae
840 699 1055 746 temporibus
1080 700 1307 735 octaeteridas
1331 700 1517 734 retinuisse
1539 703 1686 734 testatur

126 758 201 805 ipse
215 759 276 795 lib.
290 758 332 794 de
345 758 464 805 Temp.
476 758 622 794 Ratione
637 769 714 805 capt
726 769 820 793 mv.
842 756 913 792 Sed
927 757 1031 809 pauci
1045 756 1098 792 illi
1112 761 1210 791 erant
1226 760 1260 791 et
1276 756 1425 792 obscuri.
1451 756 1684 798 Quamobrem

127 816 212 852 satis
226 815 390 863 equidem
404 815 525 859 mirari
538 826 610 851 non
624 824 783 862 possum,
798 812 1031 861 Epiphaniam
1043 812 1198 849 hocloco
1215 813 1259 848 ad
1272 812 1471 860 paschalem
1483 813 1685 848 methodum

127 873 372 920 explicandam
400 872 509 908 solius
530 872 746 908 octeiteridis
767 871 982 908 mentionem
1002 871 1128 906 fecisse
1151 881 1300 918 eamque
1322 877 1397 906 tam
1419 870 1602 917 diligenter
1625 882 1685 905 ex-

127 930 302 976 posuisse,
320 929 420 976 quasi
434 929 499 965 hac
515 940 586 966 uua
599 928 815 976 paschalium
829 928 1093 964 neomeniarum
1109 927 1292 974 disciplina.
1307 928 1551 964 contineretur.
1594 927 1684 963 Nam

126 986 490 1023 enneadecaeteridem
503 985 663 1023 hocloco
677 997 723 1022 ne
737 985 1023 1023 commemoravit
1046 984 1202 1031 quidem,
1224 985 1366 1020 tametsi
1385 984 1578 1021 Nicaenum
1600 985 1686 1020 illud

127 1043 302 1082 decretum
316 1043 360 1080 de
375 1043 579 1080 celebrando
594 1043 758 1091 paschate
773 1045 954 1090 tantopere
966 1042 1141 1089 praedIcet
1162 1045 1197 1077 et
1217 1043 1262 1077 ab
1279 1041 1534 1077 haereticorum
1546 1042 1686 1077 inscitia

126 1100 410 1148 impudentisque
432 1100 608 1137 vindicare
634 1100 781 1137 studeat.
828 1100 936 1147 Atqui
957 1098 1045 1135 nihil
1067 1099 1112 1135 ad
1134 1098 1216 1134 festi
1237 1099 1331 1134 illius
1355 1098 1611 1134 ordinationem
1633 1099 1685 1134 in·

127 1157 264 1203 signius
280 1158 325 1193 ab
339 1157 400 1194 ina
415 1157 548 1204 synode
563 1157 758 1205 profectum
772 1161 842 1200 est,
857 1167 965 1204 quam
981 1156 1075 1203 quod
1090 1167 1153 1193 x1x
1166 1167 1337 1191 annorum
1354 1156 1483 1191 circulo
1496 1156 1684 1191 constituto

129 1214 312 1252 dissidium
326 1225 430 1252 omne
444 1215 602 1257 sustulit;
619 1214 712 1262 qued
726 1213 780 1250 his
796 1214 910 1250 verbis
925 1217 1073 1250 testatur
1088 1213 1312 1249 Ambrosius:
1346 1214 1444 1248 Inter
1458 1214 1523 1248 illa
1531 1214 1634 1259 fidei,
1651 1220 1688 1247 ut

128 1284 227 1314 vera,
251 1275 304 1308 ita
319 1273 530 1309 meranda
545 1273 700 1314 decreta,
725 1275 826 1307 ouon
841 1283 944 1318 cuper
959 1272 1155 1307 celebritate
1170 1277 1372 1313 memorata,
1385 1274 1615 1316 ‘conqreqatis
1623 1282 1685 1316 pe-

128 1331 300 1365 ritissimis
316 1329 532 1371 calculandi,
546 1328 667 1364 ‘decem
683 1335 717 1364 et
737 1341 850 1364 novem
868 1339 1031 1364 annorum
1048 1329 1213 1374 colleyere
1229 1330 1395 1363 rationem
1419 1334 1453 1362 et
1472 1330 1573 1374 quase*
1587 1340 1685 1374 quen·

129 1388 208 1423 dam
225 1389 428 1423 concussere
442 1387 606 1422 circulum
621 1393 684 1422 ete.
729 1385 823 1422 Nihil
841 1389 918 1422 erat
931 1386 1038 1432 igitur
1054 1385 1147 1432 quod
1162 1386 1303 1421 inanem
1319 1388 1354 1422 et
1369 1385 1556 1420 absurdam
1573 1385 1686 1420 octae-

128 1443 245 1479 teridis
260 1443 440 1490 periodum
457 1453 480 1478 a.
502 1443 572 1479 situ
590 1446 771 1479 revocaret
789 1442 1023 1491 Epiphanius,
1045 1442 1130 1478 dum
1154 1454 1376 1479 communem
1399 1443 1490 1489 cycli
1510 1442 1685 1490 paschalis

127 1499 329 1536 methodum
348 1504 384 1537 et
398 1511 421 1536 a
434 1499 612 1537 catholicis
627 1502 804 1548 receptam
818 1500 983 1536 adversus
998 1499 1191 1536 haereticos
1208 1500 1370 1536 declarat.
1404 1499 1476 1536 Nec
1491 1500 1685 1535 accuratior

130 1560 184 1594 est
198 1557 338 1594 Sozam.
352 1557 413 1593 lib.
425 1568 487 1595 vn.
505 1569 580 1605 cap.
591 1569 703 1600 xvur„
727 1557 788 1604 qui
810 1557 958 1593 eandem
980 1557 1224 1592 ectaeteridem
1248 1557 1292 1592 ad
1312 1556 1489 1604 paschatis
1504 1557 1685 1603 negotium

127 1614 179 1650 sic
194 1615 451 1658 accommodat,
467 1615 569 1661 quasi
582 1615 763 1661 utriusque
778 1614 900 1650 sideris
916 1615 1106 1650 ratiociniis
1123 1615 1298 1650 cumulate
1314 1614 1518 1651 satisfaciat.

218 1671 280 1707 Καὶ
294 1671 461 1718 συμβαίνει
477 1669 561 1706 κατὰ
575 1671 633 1706 τὴν
649 1668 800 1718 ὅγδοον.]
844 1671 951 1714 Depst
973 1671 1175 1707 octaeteridi
1198 1671 1391 1707 secundum
1413 1672 1547 1707 medios
1568 1674 1685 1706 motus

127 1728 338 1765 adselidum
353 1738 510 1764 mensem
525 1729 769 1776 complendum
792 1728 936 1765 biduum
956 1728 1039 1764 sere.
1085 1728 1175 1764 Nam
1198 1733 1340 1776 epactae
1363 1729 1446 1764 anni
1469 1729 1582 1764 octavi
1604 1732 1687 1763 sunt

129 1797 253 1822 xxvrn.
278 1785 466 1822 Oct-,steria
481 1785 613 1822 lunaris
635 1789 799 1822 accurata
821 1785 956 1821 dierum
978 1789 1032 1821 est
1052 1785 1164 1829 2923„
1192 1786 1242 1820 11.
1265 1784 1333 1821 51'.
1357 1785 1423 1821 hoc
1446 1789 1500 1821 est
1521 1785 1686 1820 horarum

127 1842 199 1879 tere
214 1845 332 1885 x11,>ut
347 1842 398 1878 ait
410 1841 590 1878 Geminus.
613 1842 734 1890 Itaque
749 1843 866 1879 minor
881 1847 934 1878 est
949 1842 1132 1878 octacteris
1147 1842 1333 1890 Epiphanii
1347 1843 1462 1878 lunari
1477 1842 1684 1878 octaeteride

128 1899 314 1947 sesqui-iic.
361 1899 405 1936 nt
419 1902 536 1935 tamen
551 1899 798 1947 praecipitatur
812 1899 1056 1943 embolismus,
1072 1900 1166 1946 quod
1182 1900 1364 1936 minimum
1379 1901 1472 1935 absit
1485 1900 1531 1935 ab
1546 1900 1684 1946 integra

128 1957 284 2004 syzygia.
316 1956 416 1999 Quod
429 1957 536 1993 etiam
551 1957 588 1992 in
604 1957 930 1993 enneadecaeteride
946 1961 1112 1994 servatur.
1150 1956 1241 1993 Nam
1257 1957 1483 1993 embolismus
1498 1958 1621 1993 tertius
1637 1957 1682 1992 ab

128 2013 372 2051 Alexmdsinis
387 2017 424 2049 et
436 2013 588 2058 Latinis,
604 2017 640 2049 et
653 2014 691 2049 in
706 2014 801 2050 omni
816 2014 902 2050 adeo
918 2014 1034 2060 cyclo,
1050 2018 1173 2050 octavo
1189 2025 1281 2050 anno
1298 2015 1498 2050 collocatur.
1540 2014 1682 2057 Octavo,

128 2071 291 2118 inquam,
312 2082 384 2109 non
404 2082 515 2114 non03
538 2071 605 2107 etsi
627 2071 838 2107 centrarium
861 2070 1097 2107 mathematici
1117 2072 1257 2118 quidam
1281 2072 1507 2108 eruditissimi
1526 2083 1567 2108 ac
1589 2083 1682 2108 com-

128 2130 291 2174 putaram
305 2128 488 2175 scriptores
503 2132 672 2166 asseram.
711 2127 813 2171 Quod
826 2127 992 2164 adversus
1007 2129 1086 2165 illos
1104 2129 1253 2164 breviter
1267 2128 1333 2165 hoc
1349 2130 1426 2165 loco
1443 2129 1681 2165 demonstran-

130 2185 213 2222 dam
227 2188 290 2223 est.

414 2321 653 2359 SCALIGERI
674 2321 1005 2360 HALLUGINATIO
1028 2323 1087 2359 ΕΤ
1110 2323 1393 2360 ΔΝΤῙΜΑΟΗΙΑ

300 2375 359 2416 ΒΕ
381 2375 1027 2416 TESSARESGAEDEOATITARUM
1049 2380 1193 2416 CYCLO
1218 2379 1508 2416 REFELLITUR.

218 2471 260 2508 In
273 2471 472 2519 primordiis
487 2472 654 2508 ecclesiae
669 2471 735 2517 (ait
748 2470 920 2518 Scaliger)
935 2475 1011 2508 tum
1026 2472 1195 2519 apostoli,
1216 2475 1291 2507 tum
1314 2472 1374 2518 qui
1389 2481 1449 2507 eos
1465 2475 1606 2508 eentum
1621 2483 1681 2509 an·

130 2529 185 2566 nis
194 2533 322 2576 vpostea
335 2529 447 2566 secuti
459 2532 558 2571 sunt,
572 2528 703 2575 pascha
717 2539 854 2575 semper
868 2528 1006 2564 Iudaice
1022 2529 1254 2572 celebrarunt,
1270 2532 1310 2564 ut
1324 2532 1496 2564 testantur
1511 2529 1681 2567 Eusebius

131 2588 167 2621 et
178 2584 325 2623 historia
338 2589 439 2622 vetus
453 2585 707 2628 ecclesiastica,
730 2588 859 2632 etpost
873 2596 994 2621 omnes
1009 2584 1234 2632 Nicephorus.
1273 2585 1342 2620 Sed
1358 2585 1423 2621 sub
1440 2585 1629 2623 Commodo
1644 2589 1681 2631 il,

133 2641 344 2688 quiludaice
357 2641 489 2689 paseha
504 2642 740 2685 celebrabant,
757 2641 912 2677 damnati
926 2645 1008 2677 sunt
1019 2641 1201 2677 haereseos
1214 2643 1382 2678 aVictore
1393 2642 1492 2678 Rom.
1505 2644 1679 2691 pontifice.

132 2697 226 2734 nuo
244 2699 329 2735 ille..
360 2699 456 2742 Quae
479 2699 618 2746 quidem
639 2700 681 2734 de
703 2699 787 2734 solis
803 2698 963 2734 Asiaticis
979 2698 1200 2740 Christianis,
1223 2699 1278 2734 vel
1298 2699 1339 2734 de
1354 2699 1484 2736 Ioanne
1499 2701 1574 2736 solo
1591 2701 1681 2738 dicta

134 2763 211 2790 esse
224 2759 411 2801 nequeunt.
438 2756 529 2792 Nam
544 2767 616 2791 non
631 2756 745 2791 solum
760 2755 880 2802 primis
898 2758 1037 2790 centum
1053 2755 1165 2798 annis,
1182 2755 1243 2791 sed
1259 2760 1293 2792 et
1308 2756 1454 2800 duobus,
1469 2758 1679 2804 pluribusve,

134 2821 215 2846 cum
229 2811 382 2849 maxime
397 2813 489 2859 apud
503 2814 688 2855 Asiaticos,
702 2812 840 2848 Iudaice
856 2811 985 2859 pascha
999 2816 1176 2858 peractum
1191 2823 1279 2856 esse,
1294 2824 1409 2856 nemo,
1425 2814 1485 2860 qui
1498 2813 1681 2852 historiam

134 2867 275 2913 legerit,
288 2868 438 2913 ignorat.
479 2868 592 2912 Quare
607 2869 651 2905 ad
667 2869 844 2916 apostolos
861 2879 981 2904 omnes
997 2879 1188 2915 omnesque
1205 2869 1416 2906 Christianos
1433 2873 1606 2907 sententia
1619 2873 1679 2908 illa

134 2923 296 2970 pertinet,
319 2934 405 2970 quos
427 2930 566 2962 centum
588 2930 670 2974 post
690 2930 838 2961 mortem
859 2925 1095 2972 apostolorum
1116 2926 1216 2962 annis
1239 2928 1677 2964 tessarescaedecatitarum

136 2991 232 3016 more
246 2979 410 3027 paschate
424 2981 560 3019 functos
577 2995 652 3019 esse
669 2983 799 3018 definit.
825 2981 923 3024 Quod
939 2983 968 3017 si
983 2994 1103 3018 verum
1119 2987 1189 3027 est,
1205 2984 1236 3019 si
1249 2996 1320 3020 non
1335 2985 1446 3021 maior
1460 2996 1540 3031 pars
1555 2987 1677 3021 saltem

136 3036 403 3084 apostolicarum
417 3038 639 3077 ecclesiarum
655 3040 752 3076 aliter
768 3050 874 3085 quam
885 3039 1023 3076 Iudaico
1039 3051 1135 3076 more
1150 3041 1279 3088 pascha
1294 3042 1488 3085 celebrarit,
1504 3043 1678 3078 celebran-

1718 2085 1745 2111 p.
1759 2077 1817 2104 299.

1717 2338 1745 2364 p.
1758 2330 1815 2357 458.
