2008 3294
310 216 423 253 LXIV

313 321 457 362 danum,
481 319 602 354 deinde
617 317 888 363 Hispaniarum,
908 317 1034 352 nobiles
1047 319 1201 363 seminas
1223 316 1413 362 decepisse,
1434 317 1609 351 miscentes
1615 314 1752 362 sabulis
1771 314 1864 350 volu-

307 383 438 423 ptatem
455 382 487 411 et
500 377 692 420 imperitiae
706 387 789 409 suae
803 387 920 409 nomen
933 377 1097 410 scientiae
1112 375 1333 409 venditantes.

404 433 533 479 Ἧσυχῇ
547 431 586 466 δέ
600 443 670 471 πως
687 430 820 471 ἑαυτοὺς
837 431 1076 476 ἀπηλπικυῖαι.]
1098 431 1208 466 Plana
1223 434 1258 465 et
1271 430 1410 475 integra
1422 429 1535 474 lectio,
1549 440 1663 476 neque
1679 429 1865 476 quicquam

312 491 524 530 addendum
540 489 680 524 tametsi
695 488 839 535 quidam
852 489 998 525 verbum
1013 488 1192 535 χωρίζουσι
1209 487 1395 523 desiderari
1409 491 1519 534 putet.

401 548 443 583 N.
459 559 507 582 ιν.
532 546 648 586 Οὖτως
661 544 794 593 Μάρκος
807 547 961 593 μῆτραι]
982 546 1034 580 De
1047 545 1234 580 Colorbaso
1247 545 1389 581 Tertull.
1401 545 1561 580 meminit
1570 545 1594 580 1.
1608 543 1650 578 de
1661 543 1865 590 Praescript.

313 617 342 642 c.
359 617 392 641 n.
426 604 521 646 Quae
537 607 730 650 sequuntur
740 604 850 638 Marci
865 604 1019 645 somnia,
1037 602 1128 648 quod
1144 614 1215 636 non
1230 602 1346 636 minus
1358 602 1524 648 perplexe¹
1538 605 1573 636 et
1587 601 1747 636 intricata
1760 611 1867 647 quam

312 662 439 697 stolida.
460 662 647 708 inaniaque
668 661 755 704 sint,
775 661 814 696 in
834 661 878 696 iis
902 659 1117 696 excutiendis
1139 663 1276 706 tempus
1300 669 1509 706 operamque
1530 669 1731 694 consumere
1747 668 1867 705 super-

312 730 504 755 vacaneum
521 718 617 754 duxi.
800 752 809 754 Α

403 776 445 813 N.
463 788 510 812 v1.
533 773 618 822 Παρ’
635 774 716 823 αὐτῇ·
733 774 787 820 καὶ
803 775 956 820 menn-rim]
991 774 1088 821 Lego
1105 785 1185 810 cum
1199 773 1305 809 Billio
1321 784 1366 809 ex
1381 773 1457 810 Vet.
1479 773 1668 820 Interprete
1684 771 1868 819 παραυτίκα

312 836 486 878 συσπ-ἧσαι.

403 889 537 935 Ἐπειδὴ
558 893 617 926 τοῦ
641 889 903 936 ὑστερήσαντος.]
944 889 1116 936 Interpres
1137 889 1242 924 Iren.:
1270 888 1329 923 Ex
1348 890 1474 923 minori
1494 893 1604 922 autem
1626 890 1869 934 computatione

314 952 371 996 qm·
386 955 464 984 erat
478 950 574 995 apud
583 948 722 983 Patrem
739 949 911 982 descendit
925 949 1062 982 emissus
1076 948 1158 981 illuc
1171 948 1258 981 unde
1261 949 1386 992 suerat
1395 951 1579 992 separatus
1589 952 1651 981 etc.
1673 944 1727 980 Ex
1742 943 1868 990 quibus

313 1010 406 1042 recte
422 1005 629 1042 conficiebat
642 1005 767 1040 Billius
782 1005 852 1050 leg.
870 1002 906 1038 ἐκ
923 1003 958 1038 δὲ
973 1006 1031 1038 τοῦ
1048 1003 1300 1050 ὑστερήσαντοςς
1325 1014 1420 1046 cum,
1440 1002 1569 1049 inquit,
1589 1002 1677 1038 ratio
1697 1013 1769 1037 uon
1784 1001 1868 1037 satis

315 1067 505 1107 constaret,
527 1062 594 1098 hoc
615 1065 669 1097 est
690 1073 771 1097 cum
790 1072 854 1109 par
873 1062 912 1097 in
933 1061 1044 1097 tribus
1061 1073 1132 1096 non
1148 1061 1277 1096 inesset
1291 1061 1469 1095 literarum
1484 1070 1667 1102 numerus,
1687 1061 1870 1106 propterea

316 1120 409 1167 quod
424 1121 531 1167 Λόγος
555 1124 591 1155 et
604 1118 785 1163 Ἐκκλησία
800 1131 866 1154 vm
886 1119 996 1154 literis
1019 1122 1232 1161 constarent,
1250 1115 1460 1163 Ἀνθρωπος,
1483 1115 1665 1160 Ἐκκλησία
1680 1127 1747 1159 vn,
1766 1115 1871 1151 Pater

315 1182 351 1213 et
365 1178 501 1213 Veritas
517 1189 572 1220 τις
588 1180 665 1212 tum
680 1176 836 1219 demum,
851 1176 903 1211 uti
917 1176 1016 1222 paria
1029 1175 1199 1219 facerent,
1215 1175 1257 1210 de
1272 1185 1399 1210 novem
1413 1174 1525 1210 Patris
1541 1173 1746 1210 etVeritatis
1759 1173 1869 1209 literis

314 1246 385 1271 una
400 1235 446 1270 ad
459 1234 619 1271 Hominis
635 1238 670 1269 et
683 1233 859 1269 Ecclesiae
873 1237 1007 1280 septem
1021 1233 1099 1268 illas
1115 1233 1268 1268 accessit.

404 1291 549 1327 Ἐκέῖνον
565 1290 622 1325 τὴν
640 1290 721 1337 μετὰ
736 1290 792 1331 τὰς
807 1290 840 1331 ἓξ
854 1289 1002 1336 ἡμέρας.]
1027 1289 1202 1325 Christum
1217 1289 1412 1332 dominum,
1429 1289 1489 1335 qui
1504 1291 1584 1335 post
1599 1301 1635 1323 vr
1651 1288 1724 1324 dies
1738 1288 1775 1323 in
1790 1297 1871 1323 eum

314 1353 489 1393 montem,
510 1349 571 1384 ubi
585 1347 855 1394 transfiguratus
871 1350 942 1391 est,
964 1358 1045 1382 cum
1065 1348 1175 1382 tribus
1200 1347 1377 1393 discipulis
1394 1349 1538 1393 quartus
1560 1345 1730 1389 aseendit,
1751 1345 1870 1391 ibique

314 1407 486 1442 adiunctis
502 1406 579 1442 Elia
593 1416 634 1441 ac
648 1405 772 1451 Moyse
787 1408 908 1440 sextus
925 1408 978 1441 est
990 1404 1105 1439 factus
1114 1430 1123 1447 ‚
1138 1403 1262 1440 Matth.
1278 1415 1365 1440 xvn.

405 1464 517 1499 N.v11.
541 1462 607 1497 Τὸν
623 1461 824 1509 κρατηθέντα
840 1461 894 1496 καὶ
909 1459 1098 1507 καταβάντα
1113 1459 1145 1496 ἐν
1162 1464 1200 1508 τῇ
1214 1459 1398 1507 ἑβδομὰδι]
1423 1459 1567 1496 Videtur
1583 1459 1627 1495 ad
1638 1471 1699 1497 vn.
1716 1459 1808 1495 diem
1819 1459 1870 1495 al-

315 1522 452 1564 ludere,
469 1532 538 1567 quo
555 1519 712 1556 Christus
727 1519 764 1554 in
780 1518 962 1566 sepulchro
978 1518 1085 1554 iacuit
1100 1522 1135 1553 et
1149 1518 1241 1564 apud
1255 1518 1384 1554 inferos
1399 1517 1538 1554 mansit.

407 1577 464 1613 Ἐν
480 1580 519 1625 τῇ
537 1577 612 1623 ἕκτῃ
628 1578 695 1611 τῶν
710 1575 858 1623 ἡμερῶν,
875 1575 896 1619 ἤ
912 1587 959 1616 τις
975 1574 1042 1610 ἐστὶ
1054 1575 1269 1622 παρασκευή]
1288 1575 1432 1610 Coenam
1442 1587 1570 1622 puram
1585 1575 1688 1610 vertit
1699 1574 1871 1621 Interptes

314 1637 404 1673 Iren.
426 1636 466 1671 Id
482 1635 574 1682 quod
589 1634 718 1670 eruditi
731 1633 796 1669 viri
809 1633 943 1680 pridem
959 1633 1196 1669 observarunt.

406 1691 461 1734 Εἰς
478 1693 612 1739 σημεῖον
629 1689 818 1737 αἰνέσεως.],
840 1690 1010 1737 Legeram
1025 1688 1162 1730 ἀνέσεως
1177 1701 1241 1737 pro
1258 1687 1424 1736 αἰνέσεως,
1441 1689 1504 1725 sed
1518 1690 1730 1724 laudationis
1739 1699 1802 1736 pro
1818 1699 1871 1724 re-

316 1753 503 1787 laxationis
516 1750 610 1786 malo
627 1760 708 1784 cum
722 1748 800 1784 Vet.
815 1748 1016 1794 Interprete.

406 1808 449 1845 N.
467 1819 543 1844 vm.
569 1806 610 1841 Ἦ
627 1805 663 1841 δὲ
679 1805 761 1852 Σιγὴ
778 1805 897 1850 πέντε.]
921 1805 1065 1841 Falsum
1080 1809 1148 1849 est,
1163 1805 1231 1840 nisi
1246 1803 1344 1851 Σειγὴ
1358 1805 1468 1852 legas.

405 1863 519 1900 Ὀκτὼ
536 1863 590 1899 καὶ
606 1863 685 1898 δέκα
701 1861 932 1910 γραμμάτων]
969 1862 1163 1910 Scripserat
1175 1862 1265 1899 Iren.
1285 1862 1325 1906 ιή.
1342 1873 1404 1909 pro
1421 1860 1556 1905 Ἰησοῦς.
1591 1860 1739 1897 Librarii
1751 1870 1872 1896 nume*-

315 1934 394 1959 rum
409 1933 487 1958 esse
502 1922 568 1957 rati
583 1921 700 1956 locum
715 1920 954 1968 depravarunt.
982 1919 1103 1955 Scribe
1118 1920 1225 1967 igitur
1240 1917 1384 1966 Ἰησοῦς,
1401 1918 1494 1966 quod
1507 1929 1636 1954 nomeu
1651 1928 1754 1954 senas
1767 1916 1875 1954 habet

314 1981 443 2015 literas.
467 1979 525 2015 Sic
541 1982 576 2014 et
591 1989 634 2013 ea
650 1989 739 2025 quae
751 1981 943 2024 sequuntur
955 1988 1000 2013 ex
1012 1977 1144 2013 Irenaei
1157 1977 1346 2024 Interprete
1360 1987 1423 2023 pro
1440 1987 1480 2012 eo
1497 1979 1602 2023 atque
1617 1975 1662 2011 ad
1675 1975 1876 2022 marginem·

316 2037 562 2084 adscripsimus
579 2035 796 2071 emendanda
810 2039 901 2072 sunt.

407 2094 454 2128 T'o
472 2092 508 2128 δὲ
523 2093 660 2140 Χριστὸς
678 2089 793 2138 ὀκτώ.]
828 2092 975 2128 Proinde
991 2091 1143 2139 Χρειστδς
1159 2091 1228 2138 leg.
1263 2090 1353 2126 Nam
1370 2094 1405 2127 et
1420 2090 1603 2127 Ohrestum
1619 2090 1761 2138 quidm
1777 2089 1873 2126 chri·

317 2156 410 2187 stum
427 2151 656 2198 appellarunt.

409 2208 450 2244 N.
468 2220 515 2244 1¹.
539 2220 559 2251 η
577 2207 630 2242 καὶ
647 2219 670 2241 π
688 2206 741 2241 καὶ
758 2220 802 2252 ω,
825 2205 843 2241 8
861 2205 928 2241 ἐστι
945 2205 1139 2252 δεκαοκτώ]
1174 2205 1257 2251 Leg.
1282 2203 1300 2239 ὃ
1323 2203 1407 2239 ἐστιν
1429 2203 1567 2249 Ἰησοῦς.
1599 2204 1691 2241 ΝειιιιΔ
1708 2216 1872 2241 numerus

319 2267 391 2313 ipse
409 2276 666 2302 occcuxxviu
682 2265 790 2300 literis
807 2264 874 2299 illis
890 2264 999 2300 tribus
1017 2274 1204 2311 expressus
1220 2266 1274 2298 est
1289 2267 1310 2305 ῆ
1327 2267 1350 2297 Ξ
1367 2266 1407 2297 ὦ.
1442 2262 1509 2305 Qui
1532 2266 1566 2298 et
1585 2262 1621 2298 in
1642 2262 1793 2299 nominis
1808 2260 1873 2306 Ἰη-

319 2326 395 2363 σοῦς
413 2323 520 2358 literis
538 2323 744 2358 continetur.

409 2380 466 2415 Διὸ
484 2379 538 2414 καὶ
555 2378 611 2414 τὸν
627 2378 865 2426 Ἀλφάβητον.]
899 2378 952 2414 Ita
973 2389 1017 2414 ex
1033 2378 1111 2415 Vet.
1129 2377 1355 2414 restituimus.
1385 2377 1566 2413 Caeterum
1583 2377 1677 2423 quod
1691 2376 1875 2424 Alphabeti

318 2438 425 2472 literis
448 2438 497 2473 ita
513 2436 704 2480 distribuit,
720 2436 771 2472 uti
785 2448 848 2472 vui
864 2436 936 2471 sint
949 2435 1115 2472 Monades
1125 2461 1133 2477 ‚
1150 2434 1304 2471 Decades
1320 2446 1385 2471 vm
1405 2437 1441 2470 et
1453 2434 1706 2471 Hecatontades
1721 2446 1803 2478 vni,
1823 2434 1874 2470 sie

316 2506 451 2541 accipe:

607 2550 775 2588 Monalos
979 2549 1133 2587 Decades
1335 2548 1587 2585 Hecatontsdes

663 2610 688 2644 Α
1054 2607 1065 2642 l
1447 2605 1472 2641 P

665 2666 689 2701 n
1052 2665 1077 2700 K
1446 2662 1472 2697 Σ

666 2723 688 2758 Γ
1052 2723 1077 2757 Δ
1448 2719 1475 2754 Τ

664 2781 690 2815 Δ
1053 2778 1084 2814 Μ
1453 2775 1476 2810 Υ

664 2837 690 2871 h
1054 2836 1078 2870 Ν
1447 2832 1482 2868 Φ

664 2894 686 2928 Z
1052 2892 1081 2927 Ξ.
1448 2890 1474 2925 Χ

666 2950 692 2985 ΙΙ
1052 2949 1081 2983 0
1451 2946 1485 2981 Ψ

664 3009 691 3042 θ
1053 3005 1081 3040 11
1448 3003 1477 3038 Ω
