2008 3294
1502 178 1722 218 GOLXXVII

164 285 257 322 idem
272 283 470 332 tempus-ad
485 294 613 320 novam
629 283 856 320 dedicandam
869 282 1050 321 basilicam
1063 282 1220 329 Ancyrae
1235 283 1342 320 vicini
1355 294 1379 318 a
1391 282 1524 319 Basilio
1540 285 1722 320 convocati

165 345 283 378 essem
295 341 466 389 episcopi,
489 341 672 388 epistolam
695 341 738 377 ad
754 351 814 377 eos
830 340 970 387 scripsit
983 339 1209 388 hortatusque
1226 345 1279 376 est
1293 344 1334 376 ut
1348 339 1498 377 Eudoxii
1512 344 1617 388 atque
1628 341 1721 376 Astii

164 402 382 446 grassantem
393 399 609 445 impietatem
625 398 810 435 autoritate
824 408 890 435 sua
904 402 1175 443 compescerent.
1199 397 1251 432 Ea
1261 397 1330 433 fuit
1338 397 1515 444 Ancyrani
1530 402 1720 434 conventus

165 457 320 499 occasio,
334 466 357 492 a
372 466 440 503 quo
456 455 564 502 legati
580 455 623 490 ad
638 455 883 503 imperatorem
899 453 1018 496 missi,
1033 453 1184 489 Basilius
1201 455 1293 501 ipse,
1307 454 1511 491 Eustathius
1527 454 1720 498 sebastiae,

163 513 329 550 Leontius
341 511 459 559 Cyzici
470 512 643 559 episcopi,
659 512 720 559 qui
731 511 939 549 nominafim
948 509 1016 546 hoc
1028 514 1202 557 peterent,
1219 515 1258 547 ut
1269 511 1486 548 Sardiceusis
1501 523 1542 548 ac
1554 511 1722 550 Sirmiani

163 570 301 606 concilii
323 569 460 605 decreta
485 572 714 607 servarentur.
758 569 835 606 Iam
855 567 943 605 illud
965 578 1011 604 ex
1034 568 1271 615 superioribus
1294 568 1494 613 didicimus,
1519 569 1721 605 Eudoxium

163 637 256 663 auno
269 637 409 664 cccnvr.
425 637 506 663 cum
518 626 651 663 Romae
662 637 734 663 una
749 637 832 662 cum
841 625 1049 673 imperatore
1065 629 1168 668 esset,
1190 625 1309 661 audita
1319 625 1457 662 Leontii
1472 630 1583 662 morte
1599 627 1720 663 Antio·

163 683 278 720 chiam
297 696 345 720 ιν.
360 684 436 720 Kal.
451 683 528 720 Iun.
553 695 631 719 esse
653 683 858 731 protectum.
903 681 980 725 Qua
1001 683 1039 719 in
1062 682 1146 718 urbe
1162 682 1295 719 Ursacii
1311 687 1346 718 et
1357 683 1512 719 Valentis
1527 684 1646 719 literas
1662 695 1719 719 ac-

162 741 255 788 cepit
267 752 347 777 cum
362 741 445 777 fidei
458 740 628 784 formula,
652 751 741 788 quae
762 742 821 776 τοῦ
837 738 1015 787 &muetos
1031 743 1136 786 atque
1153 737 1341 786 ὁμοιουσίου
1357 751 1461 776 voces
1478 741 1654 777 oblitsrari
1668 741 1719 776 iu-

162 798 277 834 bebat.
307 798 370 834 Est
384 802 513 842 autem,
530 802 568 833 nt
582 809 628 835 ex
638 797 770 834 Hilario
786 797 1069 840 monstravimus,
1085 796 1207 835 eadem
1221 797 1282 832 illa
1297 796 1460 840 formula,
1478 808 1583 844 quam
1598 797 1636 833 in
1647 797 1719 833 Sir-

160 855 287 891 miensi
302 855 436 902 synodo
452 855 603 891 secundo
618 855 696 891 loco
712 854 878 891 dictatam
890 853 1103 891 arbitrantur
1119 865 1252 891 omnes.
1277 853 1376 896 Quod
1393 855 1423 889 si
1439 865 1531 889 anno
1547 855 1720 901 sequenti,

161 912 228 948 boc
243 916 297 948 est
312 921 468 949 cconvrr.
483 911 675 948 sirmiense
697 911 885 948 concilium
906 910 1066 953 habitum
1089 914 1160 954 est,
1184 915 1223 946 ut
1244 911 1369 947 iisdem
1391 911 1572 948 autoribus
1595 912 1718 958 placet,

161 980 275 1016 neque
285 969 476 1013 Eudoxius,
490 969 639 1005 Acacius
654 972 690 1005 et
701 968 863 1012 Urauius,
875 979 990 1016 neque
1004 968 1158 1004 Basilius
1173 969 1251 1016 ipse
1264 978 1305 1003 ac
1319 968 1492 1014 Georgius
1502 967 1718 1005 Laodicenus

161 1025 344 1062 Sirmiensi
358 1026 494 1072 synodo
510 1036 551 1064 ac
565 1024 704 1062 Photini
719 1026 936 1063 damnationi
949 1025 1190 1063 interfuerunt.
1234 1025 1334 1068 Quod
1349 1025 1393 1063 de
1406 1023 1537 1062 Basilio
1553 1036 1638 1061 sane
1654 1026 1718 1063 fal·

161 1083 339 1119 sissimum
362 1087 430 1127 est,
454 1083 514 1130 qui
536 1092 668 1129 magua
689 1093 771 1130 pars
787 1083 987 1120 Sirmiensis
1003 1082 1142 1119 concilii
1156 1082 1240 1126 tuit,
1264 1086 1388 1130 utputa
1402 1083 1500 1118 cuius
1518 1094 1623 1129 opera
1637 1094 1718 1118 con-

159 1141 272 1176 victus
289 1143 343 1176 est
357 1150 399 1176 ac
414 1143 597 1187 superatus
611 1138 790 1176 Photinus.
834 1139 926 1183 Quin
940 1142 981 1176 ut
996 1140 1092 1176 omni
1107 1151 1152 1176 ex
1167 1143 1266 1187 parte
1280 1140 1408 1175 veritas
1425 1140 1613 1182 elucescat,
1634 1140 1718 1174 alte-

159 1208 238 1233 rum
261 1198 391 1245 accipe.
419 1197 604 1244 Ancyrana
625 1196 798 1244 synodus,
823 1196 1115 1244 quemadmodum
1138 1197 1307 1244 synodica
1326 1197 1421 1232 illius
1444 1197 1590 1243 epistola
1607 1197 1718 1239 docet,

160 1258 240 1290 ante
256 1253 571 1301 paschacelebnta
586 1257 650 1297 est,
674 1255 730 1299 τῆς
746 1252 840 1301 ἁγίας
855 1253 978 1301 ἡμέρας
994 1256 1053 1288 τοῦ
1070 1252 1186 1301 πάσχα
1201 1252 1417 1300 ἐπικειμένηςς
1443 1254 1486 1289 ad
1510 1264 1615 1300 quam
1638 1265 1716 1300 pro·

159 1315 278 1358 pterea
293 1311 447 1359 episcopi
460 1311 635 1358 plerique,
659 1312 719 1358 qui
743 1311 924 1349 convocati
943 1311 1098 1354 fuerant,
1122 1311 1245 1347 adesse
1259 1311 1304 1347 ob
1320 1310 1444 1347 hiemis
1459 1311 1717 1347 inclementiam

158 1369 303 1404 minime
317 1371 514 1416 potuerunt.
536 1367 628 1411 Quid
641 1368 750 1415 igitur
763 1368 853 1415 fingi
866 1371 982 1416 potest
997 1368 1180 1404 absurdius
1193 1380 1299 1415 quam
1315 1368 1408 1415 quod
1423 1380 1468 1404 ex
1483 1369 1622 1404 illorum
1638 1379 1716 1404 nar-

158 1426 292 1463 ratione
303 1425 468 1473 sequitur,
480 1426 703 1472 Ancyranam
714 1425 887 1473 synodum
899 1429 980 1463 ants
991 1425 1218 1463 Sirmiensem
1230 1437 1308 1463 esse
1320 1426 1532 1462 celebratam
1540 1429 1555 1460 Ρ
1579 1426 1717 1462 Etenim
1752 1444 1779 1468 p.
1795 1436 1851 1462 313.

159 1483 191 1519 si
205 1493 299 1519 anno
314 1492 456 1520 occur.
473 1482 653 1520 Eudoxias
668 1481 921 1520 Antiochenam
936 1483 1055 1519 sedem
1070 1487 1195 1520 nactus
1211 1487 1280 1527 est,
1299 1484 1524 1529 Ancyranum
1539 1494 1620 1519 vero
1636 1495 1717 1519 con-

158 1540 277 1576 cilium
291 1550 383 1576 anno
398 1540 574 1587 sequenti,
595 1543 635 1576 ut
649 1539 772 1577 eodem
787 1550 879 1578 anno
895 1539 1084 1576 sirmiense
1100 1541 1288 1577 concilium
1302 1540 1472 1577 indictum
1486 1540 1606 1584 fuerit,
1630 1552 1716 1576 non-

158 1597 226 1633 nisi
249 1601 330 1644 post
348 1595 500 1634 hiemem
522 1602 558 1633 et
576 1596 724 1644 pascha,
746 1596 902 1644 adeoque
925 1601 1006 1644 post
1020 1598 1246 1644 Ancyrauum
1269 1598 1436 1634 celebrari
1459 1598 1582 1644 potuit.
1610 1598 1718 1644 Atqui

157 1654 230 1691 iam
243 1657 424 1702 peractum
440 1665 517 1692 esse
533 1655 701 1702 oportuit3
716 1654 748 1691 si
763 1654 904 1702 quidem
919 1654 1013 1690 edita
1027 1654 1072 1691 ab
1088 1654 1171 1691 Osio
1187 1654 1388 1691 Sirmiensis
1409 1654 1545 1691 concilii
1565 1654 1717 1691 formula

158 1711 229 1748 iam
241 1715 420 1750 emanarat
432 1712 471 1749 in
483 1712 673 1759 publicum.
708 1711 821 1755 Quare
833 1714 869 1748 et
879 1711 1023 1749 absente
1035 1711 1166 1748 Basilio
1179 1723 1220 1748 ac
1231 1713 1374 1759 reliquis
1386 1712 1559 1759 episcopis
1575 1712 1715 1747 damna-

159 1770 216 1804 tus
227 1767 395 1805 Photinus
407 1779 448 1804 ac
461 1768 653 1805 sirmiense
668 1768 855 1806 concilium
870 1769 1070 1805 absolutum
1086 1773 1150 1813 est,
1166 1773 1202 1807 et
1215 1774 1356 1817 propter
1371 1770 1458 1805 alias
1474 1779 1615 1805 caussas
1629 1780 1715 1804 non·

160 1824 244 1862 dum
264 1824 423 1862 inchoari
443 1827 574 1872 potuit,
598 1826 764 1873 quoniam
778 1826 1003 1872 Ancyranum
1019 1826 1201 1863 Sirmiensi
1224 1827 1326 1863 debet
1342 1838 1418 1863 esse
1433 1827 1616 1873 posterius.
1646 1826 1715 1873 Ap-

158 1885 258 1928 paret
271 1885 390 1919 autem
404 1886 496 1925 tum,
511 1893 592 1919 cum
607 1882 806 1919 Sirmiensis
820 1883 882 1919 illa
895 1883 1064 1930 posterior
1075 1887 1134 1919 est
1149 1884 1278 1920 emissa
1291 1883 1458 1927 formula,
1473 1894 1586 1929 neque
1601 1882 1714 1919 Eudo·

159 1940 276 1983 xium,
298 1950 412 1987 neque
432 1939 603 1976 Basiliam
626 1943 688 1975 aut
704 1939 895 1987 Georgium
909 1939 1017 1976 fuisse
1033 1940 1167 1984 Sirmii3
1192 1941 1471 1988 quandoquidem
1486 1940 1664 1976 Eudoxius
1680 1944 1716 1975 et

160 1997 220 2032 alii
236 1997 280 2033 ob
297 2000 475 2044 acceptam
490 1997 587 2033 illam
603 1996 800 2044 Sirmioque
814 1997 976 2041 missam,
993 2001 1029 2033 et
1043 2008 1065 2032 a
1079 1998 1164 2033 solis
1176 1998 1336 2035 videlicet
1351 1997 1628 2034 Occidentalibus
1637 2024 1647 2040 ,
1662 1997 1714 2032 id-

160 2064 270 2101 eoque
280 2053 404 2091 Latine
415 2058 629 2102 conceptam,
645 2054 778 2100 gratias
790 2058 938 2101 egerunt
947 2066 1009 2101 per
1020 2055 1155 2091 literas:
1175 2055 1355 2102 Πρόφασιν,
1371 2055 1493 2102 inquit,
1510 2054 1712 2101 ποιούμενος,

161 2108 205 2152 ὧς
221 2110 276 2146 καὶ
290 2110 322 2146 οἱ
335 2109 397 2148 ἀνὰ
412 2111 502 2147 δόσιν
517 2109 690 2147 ἐπίσκοποι
705 2113 808 2147 ταῦτα
823 2109 1040 2158 ἐψηφίσαντοε
1063 2112 1140 2148 Hoc
1163 2115 1272 2159 ipsum
1289 2114 1338 2148 ad
1351 2114 1537 2158 impietatis
1550 2123 1633 2146 suae
1643 2124 1711 2158 pa-

160 2170 336 2205 trocinium
352 2169 522 2214 allegam,
538 2170 627 2214 quod
641 2169 890 2216 eandsmfidem
909 2168 1145 2205 Occidentales
1150 2172 1302 2216 prqfsssi
1301 2172 1462 2215 fuissent.
1494 2169 1597 2203 Mox:
1619 2166 1711 2201 Ἐπι-

161 2223 281 2272 στολὴν
297 2224 378 2272 πρὸς
394 2224 512 2267 αὐτοὺς
529 2224 759 2272 διεπίμψιντο,
776 2224 935 2263 Οὐάλεντι
954 2226 1010 2261 καὶ
1025 2225 1204 2273 Οὖρσακίῳ
1221 2226 1275 2261 καὶ
1290 2225 1458 2272 Γερμανίῳ
1474 2223 1570 2271 χάριν
1587 2222 1712 2271 ὁμολο-

160 2285 309 2328 γοῦντες,
332 2282 386 2318 καὶ
408 2285 467 2318 τοῦ
491 2279 598 2329 ὀρθῶς
621 2280 765 2324 δοξάζειν
787 2281 864 2324 τοὺς
886 2282 920 2318 ἐν
943 2286 983 2330 τῇ
1007 2283 1095 2318 δύσει
1118 2283 1174 2324 τὰς
1199 2281 1348 2329 ἀφορμὰς
1371 2281 1481 2321 αὐτοῖς
1504 2279 1710 2322 ἀνατιθέντες.

159 2340 252 2376 Haec
275 2340 409 2384 omnia,
433 2340 525 2387 quod
549 2344 583 2376 et
605 2339 650 2375 ab
674 2339 849 2375 occidente
869 2344 904 2375 et
917 2340 962 2376 ab
979 2340 1246 2377 occidentalibus
1262 2339 1433 2385 episcopis
1450 2338 1550 2381 Osio,
1566 2338 1711 2374 Valente

160 2400 265 2444 atque
279 2396 423 2433 Ursacio
438 2397 550 2433 missa
571 2399 607 2432 et
620 2396 657 2432 in
674 2395 946 2433 Occidentalium
962 2398 1110 2444 gratiam
1126 2395 1320 2442 conscripta
1333 2395 1415 2430 fidei
1430 2395 1602 2441 expositio
1619 2395 1709 2431 dica-

159 2457 226 2497 tur,
248 2453 334 2490 satis
352 2453 509 2491 indicant
521 2454 590 2489 alio
606 2463 712 2500 quam
727 2452 926 2495 sirmiensis
941 2454 1067 2501 synodi
1081 2458 1235 2500 tempore
1249 2452 1359 2489 fuisse
1374 2455 1585 2487 contextam.
1629 2451 1711 2488 Fuit

161 2511 254 2547 enim
268 2523 342 2547 nou
356 2511 470 2549 solum
486 2510 660 2558 generalia
676 2510 744 2545 ista
759 2509 929 2556 synodus,
951 2511 1013 2546 sed
1028 2511 1073 2546 ab
1089 2509 1320 2545 Orientalibus
1332 2509 1534 2555 praesertim
1553 2508 1709 2545 Graecis-

162 2579 228 2615 que
243 2569 433 2612 celebrata;
455 2579 477 2604 a
500 2568 626 2614 quibus
649 2578 732 2614 prae
755 2568 915 2611 caeteris,
939 2570 978 2603 ιιι
997 2567 1125 2602 dictum
1148 2571 1216 2608 est,
1238 2565 1378 2601 Photini
1393 2577 1486 2601 error
1501 2565 1708 2612 disputando

163 2626 338 2665 convictus
353 2629 417 2661 est.
448 2626 498 2661 Ac
520 2625 551 2660 si
571 2625 660 2659 inter
676 2627 755 2659 acta
770 2623 969 2661 Sir-ruiensis
986 2623 1130 2658 Concilii
1149 2622 1302 2658 secunda
1315 2623 1376 2658 illa
1389 2622 1541 2658 formula
1554 2633 1708 2659 censere-

164 2683 230 2725 tur,
249 2693 430 2729 nunquam
445 2681 653 2718 Semiariani
660 2683 734 2719 .aut
751 2680 836 2716 illud
857 2680 1075 2722 laudassent,
1099 2683 1159 2714 aut
1179 2683 1295 2714 ratum
1316 2679 1438 2715 haberi
1457 2680 1532 2715 sine
1554 2680 1626 2716 ulla
1649 2691 1708 2716 ex-

164 2738 319 2784 ceptione
333 2739 587 2786 postulassent,
609 2737 671 2772 sed
685 2737 891 2774 nominatim
906 2736 1095 2782 repudiatis
1109 2737 1355 2782 posterioribus
1377 2736 1419 2772 de
1438 2737 1612 2784 prioribus
1632 2738 1707 2773 eius

165 2794 252 2830 actis
272 2795 454 2833 cavissent.
483 2796 614 2832 Verum
636 2794 718 2840 quid
733 2793 788 2829 hic
803 2794 1095 2840 tergiversamur?
1125 2793 1187 2828 Est
1201 2794 1294 2828 enim
1308 2793 1448 2829 evidens
1464 2798 1498 2829 et
1513 2804 1597 2830 sane
1613 2794 1707 2830 lucu-

164 2851 296 2887 lentum
307 2851 429 2888 Hilarii
438 2863 481 2888 ea
492 2853 533 2888 de
545 2863 582 2888 re
594 2851 830 2887 testimonium
838 2877 847 2893 ,
863 2850 923 2896 qui
938 2850 975 2885 in
986 2850 1074 2885 libro
1088 2849 1129 2885 de
1140 2849 1291 2896 Synodis
1302 2850 1552 2886 dubitationem
1569 2863 1707 2887 omnem

165 2907 295 2945 eximit.
339 2907 486 2956 Scripsit
504 2909 597 2944 hunc
619 2909 746 2944 librum
768 2907 812 2942 ad
833 2907 1013 2954 episcopos
1031 2906 1229 2943 Gallicanos
1244 2907 1395 2942 Hilarius
1415 2908 1519 2954 paulo
1536 2912 1616 2943 ante
1631 2908 1706 2943 Ari-

166 2965 360 3001 minensem
374 2965 563 3011 synodum,
579 2977 656 3001 cum
673 2965 717 2999 ab
731 2964 800 3000 illis
816 2964 1054 3010 interpellatus
1071 2967 1172 3007 esset,
1188 2968 1227 2999 ut
1241 2963 1283 2999 de
1298 2965 1382 3000 actis
1396 2965 1573 3012 Ancyrani
1589 2965 1705 3000 Orien-

166 3021 290 3058 talium
310 3032 494 3059 consessus
513 3022 625 3070 deque
639 3022 832 3059 Sirmianae
853 3020 1088 3068 blasphemiae
1103 3020 1323 3058 damnatione
1343 3022 1581 3069 perscriberet.v
1625 3021 1706 3063 Qui-
