<?xml version="1.0" encoding="UTF-8"?>
<!DOCTYPE html PUBLIC "-//W3C//DTD XHTML 1.0 Transitional//EN"
    "http://www.w3.org/TR/xhtml1/DTD/xhtml1-transitional.dtd">
<html xmlns="http://www.w3.org/1999/xhtml" xml:lang="en" lang="en">
 <head>
  <title>
</title>
<meta http-equiv="Content-Type" content="text/html;charset=utf-8" />
  <meta name='ocr-system' content='tesseract 3.04.00' />
  <meta name='ocr-capabilities' content='ocr_page ocr_carea ocr_par ocr_line ocrx_word'/>
</head>
<body>
  <div class='ocr_page' id='page_1' title='image "./corporishaereseo03epip_0242.png"; bbox 0 0 2008 3294; ppageno 0'>
   <div class='ocr_carea' id='block_1_1' title="bbox 207 2310 302 2343">
    <p class='ocr_par' dir='ltr' id='par_1_1' title="bbox 207 2310 302 2343">
     <span class='ocr_line' id='line_1_1' title="bbox 207 2310 302 2343; baseline 0 -7"><span class='ocrx_word' id='word_1_1' title='bbox 207 2319 233 2343; x_wconf 84' lang='lat' dir='ltr'><strong>p.</strong></span> <span class='ocrx_word' id='word_1_2' title='bbox 248 2310 302 2337; x_wconf 59' lang='lat'><strong>12³.</strong></span> 
     </span>
    </p>
   </div>
   <div class='ocr_carea' id='block_1_2' title="bbox 342 191 452 227">
    <p class='ocr_par' dir='ltr' id='par_1_2' title="bbox 342 191 452 227">
     <span class='ocr_line' id='line_1_2' title="bbox 342 191 452 227; baseline 0 0"><span class='ocrx_word' id='word_1_3' title='bbox 342 191 452 227; x_wconf 78' lang='lat' dir='ltr'><strong>CXIV</strong></span> 
     </span>
    </p>
   </div>
   <div class='ocr_carea' id='block_1_3' title="bbox 338 292 1892 1027">
    <p class='ocr_par' dir='ltr' id='par_1_3' title="bbox 338 292 1890 626">
     <span class='ocr_line' id='line_1_3' title="bbox 433 292 1889 342; baseline -0.001 -12"><span class='ocrx_word' id='word_1_4' title='bbox 433 294 487 330; x_wconf 85' lang='lat' dir='ltr'><strong>Ex</strong></span> <span class='ocrx_word' id='word_1_5' title='bbox 504 295 548 329; x_wconf 89' lang='lat' dir='ltr'><strong>iis</strong></span> <span class='ocrx_word' id='word_1_6' title='bbox 563 297 742 340; x_wconf 82' lang='lat' dir='ltr'><strong>praeterea</strong></span> <span class='ocrx_word' id='word_1_7' title='bbox 759 294 884 329; x_wconf 90' lang='lat' dir='ltr'><strong>coniici</strong></span> <span class='ocrx_word' id='word_1_8' title='bbox 898 298 1013 341; x_wconf 89' lang='lat' dir='ltr'><strong>potest</strong></span> <span class='ocrx_word' id='word_1_9' title='bbox 1028 295 1110 342; x_wconf 90' lang='lat' dir='ltr'><strong>quid</strong></span> <span class='ocrx_word' id='word_1_10' title='bbox 1131 295 1178 329; x_wconf 89' lang='lat' dir='ltr'><strong>sit</strong></span> <span class='ocrx_word' id='word_1_11' title='bbox 1201 293 1292 340; x_wconf 90' lang='lat' dir='ltr'><strong>quod</strong></span> <span class='ocrx_word' id='word_1_12' title='bbox 1307 292 1521 340; x_wconf 81' lang='lat' dir='ltr'>Epiphanius</span> <span class='ocrx_word' id='word_1_13' title='bbox 1536 293 1572 329; x_wconf 91' lang='lat' dir='ltr'><strong>in</strong></span> <span class='ocrx_word' id='word_1_14' title='bbox 1589 294 1735 329; x_wconf 88' lang='lat' dir='ltr'><strong>obscura</strong></span> <span class='ocrx_word' id='word_1_15' title='bbox 1748 294 1809 329; x_wconf 85' lang='lat' dir='ltr'><strong>illa</strong></span> <span class='ocrx_word' id='word_1_16' title='bbox 1822 294 1889 329; x_wconf 92' lang='lat' dir='ltr'><strong>He-</strong></span> 
     </span>
     <span class='ocr_line' id='line_1_4' title="bbox 340 350 1890 398; baseline -0.001 -11"><span class='ocrx_word' id='word_1_17' title='bbox 340 352 432 387; x_wconf 90' lang='lat' dir='ltr'><strong>rodis</strong></span> <span class='ocrx_word' id='word_1_18' title='bbox 455 362 628 386; x_wconf 85' lang='lat' dir='ltr'><strong>annorum</strong></span> <span class='ocrx_word' id='word_1_19' title='bbox 651 351 881 386; x_wconf 80' lang='lat' dir='ltr'>declaratione</span> <span class='ocrx_word' id='word_1_20' title='bbox 903 356 984 398; x_wconf 87' lang='lat' dir='ltr'><strong>post</strong></span> <span class='ocrx_word' id='word_1_21' title='bbox 1004 365 1042 387; x_wconf 78' lang='grc' dir='ltr'><strong>ιν</strong></span> <span class='ocrx_word' id='word_1_22' title='bbox 1062 352 1163 398; x_wconf 85' lang='lat' dir='ltr'><strong>regni</strong></span> <span class='ocrx_word' id='word_1_23' title='bbox 1186 352 1260 386; x_wconf 87' lang='lat' dir='ltr'><strong>eius</strong></span> <span class='ocrx_word' id='word_1_24' title='bbox 1283 361 1394 385; x_wconf 89' lang='lat' dir='ltr'><strong>annos</strong></span> <span class='ocrx_word' id='word_1_25' title='bbox 1414 350 1580 386; x_wconf 80' lang='lat' dir='ltr'><strong>Iudaeam</strong></span> <span class='ocrx_word' id='word_1_26' title='bbox 1601 351 1638 386; x_wconf 90' lang='lat' dir='ltr'><strong>in</strong></span> <span class='ocrx_word' id='word_1_27' title='bbox 1653 351 1890 386; x_wconf 86' lang='lat' dir='ltr'><strong>Romanorum</strong></span> 
     </span>
     <span class='ocr_line' id='line_1_5' title="bbox 340 408 1888 454; baseline 0 -11"><span class='ocrx_word' id='word_1_28' title='bbox 340 410 507 444; x_wconf 83' lang='lat' dir='ltr'><strong>ditionem</strong></span> <span class='ocrx_word' id='word_1_29' title='bbox 522 408 661 454; x_wconf 90' lang='lat' dir='ltr'><strong>penitus</strong></span> <span class='ocrx_word' id='word_1_30' title='bbox 684 408 831 443; x_wconf 80' lang='lat' dir='ltr'><strong>cessisse</strong></span> <span class='ocrx_word' id='word_1_31' title='bbox 846 408 956 452; x_wconf 86' lang='lat' dir='ltr'><strong>dicat,</strong></span> <span class='ocrx_word' id='word_1_32' title='bbox 977 412 1186 454; x_wconf 88' lang='lat' dir='ltr'><strong>secutosque</strong></span> <span class='ocrx_word' id='word_1_33' title='bbox 1201 419 1287 442; x_wconf 75' lang='lat' dir='ltr'>xxxx</span> <span class='ocrx_word' id='word_1_34' title='bbox 1304 418 1433 451; x_wconf 89' lang='lat' dir='ltr'><strong>annos,</strong></span> <span class='ocrx_word' id='word_1_35' title='bbox 1450 408 1535 443; x_wconf 88' lang='lat' dir='ltr'><strong>adeo</strong></span> <span class='ocrx_word' id='word_1_36' title='bbox 1551 411 1591 444; x_wconf 91' lang='lat' dir='ltr'><strong>ut</strong></span> <span class='ocrx_word' id='word_1_37' title='bbox 1606 419 1732 453; x_wconf 65' lang='lat' dir='ltr'><strong>xxxm,</strong></span> <span class='ocrx_word' id='word_1_38' title='bbox 1749 408 1888 443; x_wconf 82' lang='lat' dir='ltr'><strong>demum</strong></span> 
     </span>
     <span class='ocr_line' id='line_1_6' title="bbox 339 464 1889 511; baseline 0 -11"><span class='ocrx_word' id='word_1_39' title='bbox 339 466 484 500; x_wconf 85' lang='lat' dir='ltr'><strong>Herodis</strong></span> <span class='ocrx_word' id='word_1_40' title='bbox 499 476 593 500; x_wconf 88' lang='lat' dir='ltr'><strong>anno</strong></span> <span class='ocrx_word' id='word_1_41' title='bbox 610 464 765 500; x_wconf 87' lang='lat' dir='ltr'><strong>Christus</strong></span> <span class='ocrx_word' id='word_1_42' title='bbox 779 466 956 500; x_wconf 85' lang='lat' dir='ltr'><strong>natussit.</strong></span> <span class='ocrx_word' id='word_1_43' title='bbox 987 466 1119 501; x_wconf 84' lang='lat' dir='ltr'><strong>Caussa</strong></span> <span class='ocrx_word' id='word_1_44' title='bbox 1135 465 1228 500; x_wconf 89' lang='lat' dir='ltr'><strong>enim</strong></span> <span class='ocrx_word' id='word_1_45' title='bbox 1249 464 1334 499; x_wconf 88' lang='lat' dir='ltr'><strong>haec</strong></span> <span class='ocrx_word' id='word_1_46' title='bbox 1356 469 1426 508; x_wconf 90' lang='lat' dir='ltr'><strong>est,</strong></span> <span class='ocrx_word' id='word_1_47' title='bbox 1449 465 1543 511; x_wconf 91' lang='lat' dir='ltr'><strong>quod</strong></span> <span class='ocrx_word' id='word_1_48' title='bbox 1563 476 1642 500; x_wconf 89' lang='lat' dir='ltr'><strong>cum</strong></span> <span class='ocrx_word' id='word_1_49' title='bbox 1657 465 1808 501; x_wconf 86' lang='lat' dir='ltr'><strong>Eusebio</strong></span> <span class='ocrx_word' id='word_1_50' title='bbox 1822 466 1889 500; x_wconf 85' lang='lat' dir='ltr'><strong>He·</strong></span> 
     </span>
     <span class='ocr_line' id='line_1_7' title="bbox 338 522 1890 569; baseline 0 -12"><span class='ocrx_word' id='word_1_51' title='bbox 338 523 432 557; x_wconf 84' lang='lat' dir='ltr'><strong>rodis</strong></span> <span class='ocrx_word' id='word_1_52' title='bbox 446 522 586 557; x_wconf 87' lang='lat' dir='ltr'><strong>initium</strong></span> <span class='ocrx_word' id='word_1_53' title='bbox 601 522 743 557; x_wconf 87' lang='lat' dir='ltr'><strong>coniicit</strong></span> <span class='ocrx_word' id='word_1_54' title='bbox 756 523 793 557; x_wconf 91' lang='lat' dir='ltr'><strong>in</strong></span> <span class='ocrx_word' id='word_1_55' title='bbox 808 533 940 558; x_wconf 85' lang='lat' dir='ltr'><strong>annum</strong></span> <span class='ocrx_word' id='word_1_56' title='bbox 954 523 1130 558; x_wconf 86' lang='lat' dir='ltr'><strong>Iulianum</strong></span> <span class='ocrx_word' id='word_1_57' title='bbox 1145 533 1224 564; x_wconf 74' lang='lat' dir='ltr'><strong>xm,</strong></span> <span class='ocrx_word' id='word_1_58' title='bbox 1239 522 1295 556; x_wconf 83' lang='lat' dir='ltr'><strong>vel</strong></span> <span class='ocrx_word' id='word_1_59' title='bbox 1309 533 1401 565; x_wconf 65' lang='lat'>1111„</span> <span class='ocrx_word' id='word_1_60' title='bbox 1417 532 1440 556; x_wconf 84' lang='lat' dir='ltr'><strong>a</strong></span> <span class='ocrx_word' id='word_1_61' title='bbox 1455 533 1523 569; x_wconf 87' lang='lat' dir='ltr'><strong>quo</strong></span> <span class='ocrx_word' id='word_1_62' title='bbox 1539 522 1583 557; x_wconf 83' lang='lat' dir='ltr'><strong>ad</strong></span> <span class='ocrx_word' id='word_1_63' title='bbox 1598 534 1669 558; x_wconf 73' lang='lat' dir='ltr'><strong>xvi.</strong></span> <span class='ocrx_word' id='word_1_64' title='bbox 1678 548 1687 565; x_wconf 90' lang='lat'>‚</span> <span class='ocrx_word' id='word_1_65' title='bbox 1705 522 1766 569; x_wconf 88' lang='lat' dir='ltr'><strong>qui</strong></span> <span class='ocrx_word' id='word_1_66' title='bbox 1775 522 1890 558; x_wconf 86' lang='lat' dir='ltr'><strong>Actia-</strong></span> 
     </span>
     <span class='ocr_line' id='line_1_8' title="bbox 339 579 1154 626; baseline 0.001 -12"><span class='ocrx_word' id='word_1_67' title='bbox 339 590 416 615; x_wconf 85' lang='lat' dir='ltr'><strong>cam</strong></span> <span class='ocrx_word' id='word_1_68' title='bbox 432 579 614 614; x_wconf 84' lang='lat' dir='ltr'><strong>victoriam</strong></span> <span class='ocrx_word' id='word_1_69' title='bbox 629 579 784 626; x_wconf 81' lang='lat' dir='ltr'>excepit,</span> <span class='ocrx_word' id='word_1_70' title='bbox 800 580 883 615; x_wconf 89' lang='lat' dir='ltr'><strong>anni</strong></span> <span class='ocrx_word' id='word_1_71' title='bbox 897 583 980 615; x_wconf 89' lang='lat' dir='ltr'><strong>sunt</strong></span> <span class='ocrx_word' id='word_1_72' title='bbox 996 584 1154 626; x_wconf 87' lang='lat' dir='ltr'><strong>quatuor.</strong></span> 
     </span>
    </p>

    <p class='ocr_par' dir='ltr' id='par_1_4' title="bbox 338 635 1892 1027">
     <span class='ocr_line' id='line_1_9' title="bbox 430 635 1889 683; baseline 0 -11"><span class='ocrx_word' id='word_1_73' title='bbox 430 636 664 672; x_wconf 83' lang='lat' dir='ltr'><strong>Concludatur</strong></span> <span class='ocrx_word' id='word_1_74' title='bbox 685 647 731 671; x_wconf 88' lang='lat' dir='ltr'><strong>ex</strong></span> <span class='ocrx_word' id='word_1_75' title='bbox 750 635 890 683; x_wconf 85' lang='lat' dir='ltr'><strong>Iosephi</strong></span> <span class='ocrx_word' id='word_1_76' title='bbox 908 640 944 672; x_wconf 92' lang='lat' dir='ltr'><strong>et</strong></span> <span class='ocrx_word' id='word_1_77' title='bbox 956 637 1077 672; x_wconf 88' lang='lat' dir='ltr'><strong>Dionis</strong></span> <span class='ocrx_word' id='word_1_78' title='bbox 1099 636 1272 671; x_wconf 87' lang='lat' dir='ltr'><strong>sententia</strong></span> <span class='ocrx_word' id='word_1_79' title='bbox 1290 638 1467 671; x_wconf 89' lang='lat' dir='ltr'><strong>mortuum</strong></span> <span class='ocrx_word' id='word_1_80' title='bbox 1481 636 1652 683; x_wconf 81' lang='lat' dir='ltr'><strong>Herodem</strong></span> <span class='ocrx_word' id='word_1_81' title='bbox 1667 636 1777 672; x_wconf 80' lang='lat' dir='ltr'><strong>videri</strong></span> <span class='ocrx_word' id='word_1_82' title='bbox 1797 647 1889 672; x_wconf 87' lang='lat' dir='ltr'><strong>anno</strong></span> 
     </span>
     <span class='ocr_line' id='line_1_10' title="bbox 338 692 1892 737; baseline 0 -9"><span class='ocrx_word' id='word_1_83' title='bbox 338 694 472 728; x_wconf 89' lang='lat' dir='ltr'><strong>Iuliano</strong></span> <span class='ocrx_word' id='word_1_84' title='bbox 489 705 576 729; x_wconf 71' lang='lat' dir='ltr'><strong>nn.</strong></span> <span class='ocrx_word' id='word_1_85' title='bbox 607 692 707 735; x_wconf 86' lang='lat' dir='ltr'><strong>Quod</strong></span> <span class='ocrx_word' id='word_1_86' title='bbox 722 693 754 728; x_wconf 90' lang='lat' dir='ltr'><strong>si</strong></span> <span class='ocrx_word' id='word_1_87' title='bbox 767 704 889 729; x_wconf 82' lang='lat' dir='ltr'><strong>verm</strong></span> <span class='ocrx_word' id='word_1_88' title='bbox 903 698 972 737; x_wconf 89' lang='lat' dir='ltr'><strong>est,</strong></span> <span class='ocrx_word' id='word_1_89' title='bbox 988 694 1116 729; x_wconf 86' lang='lat' dir='ltr'><strong>natalis</strong></span> <span class='ocrx_word' id='word_1_90' title='bbox 1133 692 1262 728; x_wconf 82' lang='lat' dir='ltr'><strong>Christi</strong></span> <span class='ocrx_word' id='word_1_91' title='bbox 1275 693 1313 727; x_wconf 89' lang='lat' dir='ltr'><strong>in</strong></span> <span class='ocrx_word' id='word_1_92' title='bbox 1327 703 1459 728; x_wconf 83' lang='lat' dir='ltr'><strong>annum</strong></span> <span class='ocrx_word' id='word_1_93' title='bbox 1473 705 1544 729; x_wconf 79' lang='lat' dir='ltr'><strong>xm.</strong></span> <span class='ocrx_word' id='word_1_94' title='bbox 1561 705 1642 729; x_wconf 92' lang='lat' dir='ltr'><strong>cum</strong></span> <span class='ocrx_word' id='word_1_95' title='bbox 1656 693 1820 736; x_wconf 88' lang='lat' dir='ltr'><strong>Dekerio,</strong></span> <span class='ocrx_word' id='word_1_96' title='bbox 1835 693 1892 729; x_wconf 76' lang='lat' dir='ltr'><strong>vel</strong></span> 
     </span>
     <span class='ocr_line' id='line_1_11' title="bbox 338 750 1891 797; baseline -0.001 -11"><span class='ocrx_word' id='word_1_97' title='bbox 338 763 396 787; x_wconf 73' lang='lat' dir='ltr'><strong>xa.</strong></span> <span class='ocrx_word' id='word_1_98' title='bbox 414 762 495 786; x_wconf 90' lang='lat' dir='ltr'><strong>cum</strong></span> <span class='ocrx_word' id='word_1_99' title='bbox 509 751 673 797; x_wconf 82' lang='lat' dir='ltr'><strong>Keplero,</strong></span> <span class='ocrx_word' id='word_1_100' title='bbox 690 750 918 786; x_wconf 80' lang='lat' dir='ltr'><strong>conferendus</strong></span> <span class='ocrx_word' id='word_1_101' title='bbox 935 751 1016 794; x_wconf 90' lang='lat' dir='ltr'><strong>erit,</strong></span> <span class='ocrx_word' id='word_1_102' title='bbox 1031 762 1104 786; x_wconf 92' lang='lat' dir='ltr'><strong>non</strong></span> <span class='ocrx_word' id='word_1_103' title='bbox 1119 754 1158 785; x_wconf 89' lang='lat' dir='ltr'><strong>ut</strong></span> <span class='ocrx_word' id='word_1_104' title='bbox 1169 750 1293 796; x_wconf 85' lang='lat' dir='ltr'><strong>vulgo,</strong></span> <span class='ocrx_word' id='word_1_105' title='bbox 1308 750 1347 785; x_wconf 89' lang='lat' dir='ltr'><strong>in</strong></span> <span class='ocrx_word' id='word_1_106' title='bbox 1358 762 1438 785; x_wconf 68' lang='grc' dir='ltr'><strong>ην.</strong></span> <span class='ocrx_word' id='word_1_107' title='bbox 1460 750 1512 786; x_wconf 92' lang='lat' dir='ltr'><strong>De</strong></span> <span class='ocrx_word' id='word_1_108' title='bbox 1529 761 1597 797; x_wconf 87' lang='lat' dir='ltr'><strong>quo</strong></span> <span class='ocrx_word' id='word_1_109' title='bbox 1614 751 1780 786; x_wconf 84' lang='lat' dir='ltr'><strong>attentius</strong></span> <span class='ocrx_word' id='word_1_110' title='bbox 1796 750 1891 796; x_wconf 84' lang='lat' dir='ltr'><strong>cogi·</strong></span> 
     </span>
     <span class='ocr_line' id='line_1_12' title="bbox 338 807 1892 854; baseline -0.001 -11"><span class='ocrx_word' id='word_1_111' title='bbox 338 809 484 844; x_wconf 86' lang='lat' dir='ltr'><strong>tandum</strong></span> <span class='ocrx_word' id='word_1_112' title='bbox 507 819 648 851; x_wconf 88' lang='lat' dir='ltr'><strong>censeo,</strong></span> <span class='ocrx_word' id='word_1_113' title='bbox 669 818 734 843; x_wconf 88' lang='lat' dir='ltr'><strong>nec</strong></span> <span class='ocrx_word' id='word_1_114' title='bbox 752 808 847 843; x_wconf 88' lang='lat' dir='ltr'><strong>illius</strong></span> <span class='ocrx_word' id='word_1_115' title='bbox 869 808 1042 854; x_wconf 88' lang='lat' dir='ltr'><strong>opinionis</strong></span> <span class='ocrx_word' id='word_1_116' title='bbox 1063 807 1215 842; x_wconf 84' lang='lat' dir='ltr'><strong>fautores</strong></span> <span class='ocrx_word' id='word_1_117' title='bbox 1238 807 1450 842; x_wconf 79' lang='lat' dir='ltr'><strong>accusandos</strong></span> <span class='ocrx_word' id='word_1_118' title='bbox 1474 807 1760 854; x_wconf 85' lang='lat' dir='ltr'><strong>damnandesque</strong></span> <span class='ocrx_word' id='word_1_119' title='bbox 1787 811 1892 843; x_wconf 80' lang='lat' dir='ltr'><strong>antea</strong></span> 
     </span>
     <span class='ocr_line' id='line_1_13' title="bbox 339 864 1891 912; baseline -0.001 -11"><span class='ocrx_word' id='word_1_120' title='bbox 339 877 445 912; x_wconf 88' lang='lat' dir='ltr'><strong>quam</strong></span> <span class='ocrx_word' id='word_1_121' title='bbox 460 876 580 901; x_wconf 90' lang='lat' dir='ltr'><strong>eorum</strong></span> <span class='ocrx_word' id='word_1_122' title='bbox 595 865 795 911; x_wconf 79' lang='lat' dir='ltr'><strong>disceptatis</strong></span> <span class='ocrx_word' id='word_1_123' title='bbox 811 876 852 900; x_wconf 85' lang='lat' dir='ltr'><strong>ac</strong></span> <span class='ocrx_word' id='word_1_124' title='bbox 867 865 1087 899; x_wconf 82' lang='lat' dir='ltr'><strong>labefactatis</strong></span> <span class='ocrx_word' id='word_1_125' title='bbox 1109 864 1303 900; x_wconf 86' lang='lat' dir='ltr'><strong>rationibus</strong></span> <span class='ocrx_word' id='word_1_126' title='bbox 1325 865 1520 900; x_wconf 88' lang='lat' dir='ltr'><strong>communis</strong></span> <span class='ocrx_word' id='word_1_127' title='bbox 1535 864 1697 911; x_wconf 76' lang='lat' dir='ltr'><strong>Dionysii</strong></span> <span class='ocrx_word' id='word_1_128' title='bbox 1716 875 1799 900; x_wconf 84' lang='lat' dir='ltr'><strong>aera</strong></span> <span class='ocrx_word' id='word_1_129' title='bbox 1819 875 1891 900; x_wconf 90' lang='lat' dir='ltr'><strong>cer-</strong></span> 
     </span>
     <span class='ocr_line' id='line_1_14' title="bbox 338 921 1891 969; baseline -0.001 -11"><span class='ocrx_word' id='word_1_130' title='bbox 338 923 408 958; x_wconf 89' lang='lat' dir='ltr'><strong>tius</strong></span> <span class='ocrx_word' id='word_1_131' title='bbox 424 923 640 965; x_wconf 71' lang='lat' dir='ltr'><strong>adstruatur-3</strong></span> <span class='ocrx_word' id='word_1_132' title='bbox 656 922 749 969; x_wconf 90' lang='lat' dir='ltr'><strong>quod</strong></span> <span class='ocrx_word' id='word_1_133' title='bbox 765 933 786 956; x_wconf 88' lang='lat' dir='ltr'><strong>a</strong></span> <span class='ocrx_word' id='word_1_134' title='bbox 801 922 939 957; x_wconf 89' lang='lat' dir='ltr'><strong>nemine</strong></span> <span class='ocrx_word' id='word_1_135' title='bbox 955 921 999 956; x_wconf 86' lang='lat' dir='ltr'><strong>ad</strong></span> <span class='ocrx_word' id='word_1_136' title='bbox 1013 921 1104 957; x_wconf 86' lang='lat' dir='ltr'><strong>hanc</strong></span> <span class='ocrx_word' id='word_1_137' title='bbox 1119 933 1232 968; x_wconf 86' lang='lat' dir='ltr'><strong>usque</strong></span> <span class='ocrx_word' id='word_1_138' title='bbox 1244 921 1335 957; x_wconf 87' lang='lat' dir='ltr'><strong>diem</strong></span> <span class='ocrx_word' id='word_1_139' title='bbox 1346 921 1446 957; x_wconf 82' lang='lat' dir='ltr'><strong>video</strong></span> <span class='ocrx_word' id='word_1_140' title='bbox 1463 933 1540 959; x_wconf 90' lang='lat' dir='ltr'><strong>esse</strong></span> <span class='ocrx_word' id='word_1_141' title='bbox 1554 921 1703 966; x_wconf 71' lang='lat' dir='ltr'><strong>factum,</strong></span> <span class='ocrx_word' id='word_1_142' title='bbox 1718 930 1782 957; x_wconf 90' lang='lat' dir='ltr'><strong>nec</strong></span> <span class='ocrx_word' id='word_1_143' title='bbox 1798 932 1821 957; x_wconf 84' lang='lat' dir='ltr'><strong>a</strong></span> <span class='ocrx_word' id='word_1_144' title='bbox 1833 933 1891 957; x_wconf 88' lang='lat' dir='ltr'><strong>me</strong></span> 
     </span>
     <span class='ocr_line' id='line_1_15' title="bbox 338 979 1225 1027; baseline -0.001 -11"><span class='ocrx_word' id='word_1_145' title='bbox 338 980 507 1027; x_wconf 80' lang='lat' dir='ltr'><strong>praestari</strong></span> <span class='ocrx_word' id='word_1_146' title='bbox 520 990 625 1027; x_wconf 86' lang='lat' dir='ltr'><strong>posse</strong></span> <span class='ocrx_word' id='word_1_147' title='bbox 639 979 792 1026; x_wconf 88' lang='lat' dir='ltr'><strong>ingenue</strong></span> <span class='ocrx_word' id='word_1_148' title='bbox 807 990 848 1014; x_wconf 86' lang='lat' dir='ltr'><strong>ac</strong></span> <span class='ocrx_word' id='word_1_149' title='bbox 862 979 1009 1014; x_wconf 86' lang='lat' dir='ltr'><strong>libenter</strong></span> <span class='ocrx_word' id='word_1_150' title='bbox 1023 979 1197 1026; x_wconf 88' lang='lat' dir='ltr'><strong>profiteor.</strong></span> <span class='ocrx_word' id='word_1_151' title='bbox 1224 1015 1225 1019; x_wconf 69' lang='grc'><strong>,</strong></span> 
     </span>
    </p>
   </div>
   <div class='ocr_carea' id='block_1_4' title="bbox 706 1078 1527 1118">
    <p class='ocr_par' dir='ltr' id='par_1_5' title="bbox 706 1078 1527 1118">
     <span class='ocr_line' id='line_1_16' title="bbox 706 1078 1527 1118; baseline -0.001 0"><span class='ocrx_word' id='word_1_152' title='bbox 706 1081 995 1118; x_wconf 84' lang='lat' dir='ltr'><strong>EXPLICATUR.</strong></span> <span class='ocrx_word' id='word_1_153' title='bbox 1016 1078 1243 1118; x_wconf 84' lang='lat' dir='ltr'><strong>EPIPHANII</strong></span> <span class='ocrx_word' id='word_1_154' title='bbox 1264 1081 1527 1118; x_wconf 82' lang='lat' dir='ltr'><strong>SENTENTIA.</strong></span> 
     </span>
    </p>
   </div>
   <div class='ocr_carea' id='block_1_5' title="bbox 337 1150 1893 3085">
    <p class='ocr_par' dir='ltr' id='par_1_6' title="bbox 337 1150 1893 2114">
     <span class='ocr_line' id='line_1_17' title="bbox 427 1150 1891 1198; baseline -0.001 -10"><span class='ocrx_word' id='word_1_155' title='bbox 427 1152 528 1188; x_wconf 87' lang='lat' dir='ltr'><strong>Nunc</strong></span> <span class='ocrx_word' id='word_1_156' title='bbox 538 1152 724 1198; x_wconf 83' lang='lat' dir='ltr'><strong>Epiphanii</strong></span> <span class='ocrx_word' id='word_1_157' title='bbox 736 1151 918 1194; x_wconf 86' lang='lat' dir='ltr'><strong>sententia,</strong></span> <span class='ocrx_word' id='word_1_158' title='bbox 931 1151 1030 1186; x_wconf 88' lang='lat' dir='ltr'><strong>cuius</strong></span> <span class='ocrx_word' id='word_1_159' title='bbox 1041 1151 1287 1197; x_wconf 86' lang='lat' dir='ltr'><strong>intelligendae</strong></span> <span class='ocrx_word' id='word_1_160' title='bbox 1299 1151 1414 1197; x_wconf 78' lang='lat' dir='ltr'><strong>gratia</strong></span> <span class='ocrx_word' id='word_1_161' title='bbox 1424 1150 1510 1186; x_wconf 85' lang='lat' dir='ltr'><strong>haec</strong></span> <span class='ocrx_word' id='word_1_162' title='bbox 1521 1161 1543 1185; x_wconf 86' lang='lat' dir='ltr'><strong>a</strong></span> <span class='ocrx_word' id='word_1_163' title='bbox 1552 1151 1656 1186; x_wconf 86' lang='lat' dir='ltr'><strong>nobis</strong></span> <span class='ocrx_word' id='word_1_164' title='bbox 1669 1153 1722 1186; x_wconf 90' lang='lat' dir='ltr'><strong>est</strong></span> <span class='ocrx_word' id='word_1_165' title='bbox 1732 1150 1891 1186; x_wconf 85' lang='lat' dir='ltr'><strong>instituta</strong></span> 
     </span>
     <span class='ocr_line' id='line_1_18' title="bbox 339 1208 1891 1256; baseline -0.001 -11"><span class='ocrx_word' id='word_1_166' title='bbox 339 1209 543 1256; x_wconf 84' lang='lat' dir='ltr'><strong>disputatio,</strong></span> <span class='ocrx_word' id='word_1_167' title='bbox 566 1209 774 1255; x_wconf 88' lang='lat' dir='ltr'><strong>exponenda</strong></span> <span class='ocrx_word' id='word_1_168' title='bbox 787 1208 932 1244; x_wconf 85' lang='lat' dir='ltr'><strong>videtur.</strong></span> <span class='ocrx_word' id='word_1_169' title='bbox 975 1208 1074 1243; x_wconf 85' lang='lat' dir='ltr'><strong>Hanc</strong></span> <span class='ocrx_word' id='word_1_170' title='bbox 1089 1208 1183 1243; x_wconf 89' lang='lat' dir='ltr'><strong>enim</strong></span> <span class='ocrx_word' id='word_1_171' title='bbox 1198 1208 1407 1255; x_wconf 89' lang='lat' dir='ltr'><strong>perobscure</strong></span> <span class='ocrx_word' id='word_1_172' title='bbox 1422 1208 1482 1243; x_wconf 90' lang='lat' dir='ltr'><strong>ille</strong></span> <span class='ocrx_word' id='word_1_173' title='bbox 1503 1218 1588 1243; x_wconf 86' lang='lat' dir='ltr'><strong>sane</strong></span> <span class='ocrx_word' id='word_1_174' title='bbox 1609 1211 1714 1254; x_wconf 82' lang='lat' dir='ltr'><strong>atque</strong></span> <span class='ocrx_word' id='word_1_175' title='bbox 1727 1208 1891 1255; x_wconf 88' lang='lat' dir='ltr'><strong>impedite</strong></span> 
     </span>
     <span class='ocr_line' id='line_1_19' title="bbox 339 1264 1890 1312; baseline -0.001 -10"><span class='ocrx_word' id='word_1_176' title='bbox 339 1267 500 1302; x_wconf 79' lang='lat' dir='ltr'><strong>declarat.</strong></span> <span class='ocrx_word' id='word_1_177' title='bbox 531 1266 666 1312; x_wconf 81' lang='lat' dir='ltr'><strong>Quippe</strong></span> <span class='ocrx_word' id='word_1_178' title='bbox 679 1276 775 1300; x_wconf 90' lang='lat' dir='ltr'><strong>num.</strong></span> <span class='ocrx_word' id='word_1_179' title='bbox 787 1277 875 1300; x_wconf 64' lang='grc' dir='ltr'><strong>ηιμ</strong></span> <span class='ocrx_word' id='word_1_180' title='bbox 891 1264 1043 1300; x_wconf 86' lang='lat' dir='ltr'><strong>haeresis</strong></span> <span class='ocrx_word' id='word_1_181' title='bbox 1065 1264 1169 1300; x_wconf 89' lang='lat' dir='ltr'><strong>huius</strong></span> <span class='ocrx_word' id='word_1_182' title='bbox 1185 1264 1361 1300; x_wconf 85' lang='lat' dir='ltr'><strong>Christum</strong></span> <span class='ocrx_word' id='word_1_183' title='bbox 1382 1265 1507 1300; x_wconf 83' lang='lat' dir='ltr'><strong>asserit</strong></span> <span class='ocrx_word' id='word_1_184' title='bbox 1526 1275 1618 1300; x_wconf 83' lang='lat' dir='ltr'><strong>anno</strong></span> <span class='ocrx_word' id='word_1_185' title='bbox 1639 1265 1791 1312; x_wconf 84' lang='lat' dir='ltr'><strong>Augusti</strong></span> <span class='ocrx_word' id='word_1_186' title='bbox 1799 1276 1890 1301; x_wconf 74' lang='lat' dir='ltr'><strong>xmr.</strong></span> 
     </span>
     <span class='ocr_line' id='line_1_20' title="bbox 338 1322 1889 1368; baseline 0 -9"><span class='ocrx_word' id='word_1_187' title='bbox 338 1328 460 1359; x_wconf 87' lang='lat' dir='ltr'><strong>natum</strong></span> <span class='ocrx_word' id='word_1_188' title='bbox 477 1335 571 1366; x_wconf 89' lang='lat' dir='ltr'><strong>esse,</strong></span> <span class='ocrx_word' id='word_1_189' title='bbox 587 1322 731 1359; x_wconf 84' lang='lat' dir='ltr'><strong>Herodis</strong></span> <span class='ocrx_word' id='word_1_190' title='bbox 748 1334 875 1358; x_wconf 83' lang='lat' dir='ltr'>xxxm.</span> <span class='ocrx_word' id='word_1_191' title='bbox 907 1322 1019 1368; x_wconf 80' lang='lat' dir='ltr'><strong>Igitur</strong></span> <span class='ocrx_word' id='word_1_192' title='bbox 1039 1333 1166 1358; x_wconf 74' lang='lat' dir='ltr'><strong>novem</strong></span> <span class='ocrx_word' id='word_1_193' title='bbox 1189 1323 1292 1358; x_wconf 84' lang='lat' dir='ltr'><strong>annis</strong></span> <span class='ocrx_word' id='word_1_194' title='bbox 1307 1322 1489 1368; x_wconf 83' lang='lat' dir='ltr'><strong>Augustus</strong></span> <span class='ocrx_word' id='word_1_195' title='bbox 1504 1322 1676 1357; x_wconf 75' lang='lat' dir='ltr'><strong>Herodem</strong></span> <span class='ocrx_word' id='word_1_196' title='bbox 1690 1322 1889 1359; x_wconf 78' lang='lat' dir='ltr'><strong>antecessit.</strong></span> 
     </span>
     <span class='ocr_line' id='line_1_21' title="bbox 340 1378 1890 1426; baseline -0.001 -10"><span class='ocrx_word' id='word_1_197' title='bbox 340 1382 408 1417; x_wconf 84' lang='lat' dir='ltr'><strong>Sed</strong></span> <span class='ocrx_word' id='word_1_198' title='bbox 431 1381 558 1416; x_wconf 86' lang='lat' dir='ltr'><strong>mirum</strong></span> <span class='ocrx_word' id='word_1_199' title='bbox 580 1391 687 1426; x_wconf 91' lang='lat' dir='ltr'><strong>quam</strong></span> <span class='ocrx_word' id='word_1_200' title='bbox 706 1378 793 1414; x_wconf 86' lang='lat' dir='ltr'><strong>haec</strong></span> <span class='ocrx_word' id='word_1_201' title='bbox 816 1379 980 1426; x_wconf 86' lang='lat' dir='ltr'><strong>perplexe</strong></span> <span class='ocrx_word' id='word_1_202' title='bbox 998 1379 1224 1416; x_wconf 87' lang='lat' dir='ltr'><strong>demonstret.</strong></span> <span class='ocrx_word' id='word_1_203' title='bbox 1251 1379 1444 1426; x_wconf 80' lang='lat' dir='ltr'><strong>imperasse</strong></span> <span class='ocrx_word' id='word_1_204' title='bbox 1459 1382 1560 1426; x_wconf 84' lang='lat' dir='ltr'><strong>putat</strong></span> <span class='ocrx_word' id='word_1_205' title='bbox 1573 1378 1774 1425; x_wconf 81' lang='lat' dir='ltr'><strong>Augustum</strong></span> <span class='ocrx_word' id='word_1_206' title='bbox 1788 1379 1890 1415; x_wconf 87' lang='lat' dir='ltr'><strong>annis</strong></span> 
     </span>
     <span class='ocr_line' id='line_1_22' title="bbox 339 1436 1892 1484; baseline -0.001 -10"><span class='ocrx_word' id='word_1_207' title='bbox 339 1451 405 1474; x_wconf 85' lang='lat' dir='ltr'><strong>xm</strong></span> <span class='ocrx_word' id='word_1_208' title='bbox 426 1441 614 1484; x_wconf 81' lang='lat' dir='ltr'><strong>antequam</strong></span> <span class='ocrx_word' id='word_1_209' title='bbox 635 1437 764 1471; x_wconf 81' lang='lat' dir='ltr'><strong>Iudaea</strong></span> <span class='ocrx_word' id='word_1_210' title='bbox 777 1436 916 1482; x_wconf 86' lang='lat' dir='ltr'><strong>penitus</strong></span> <span class='ocrx_word' id='word_1_211' title='bbox 933 1436 976 1471; x_wconf 86' lang='lat' dir='ltr'><strong>ad</strong></span> <span class='ocrx_word' id='word_1_212' title='bbox 991 1436 1170 1471; x_wconf 86' lang='lat' dir='ltr'><strong>Romanos</strong></span> <span class='ocrx_word' id='word_1_213' title='bbox 1190 1436 1402 1479; x_wconf 69' lang='lat' dir='ltr'><strong>transiisset,</strong></span> <span class='ocrx_word' id='word_1_214' title='bbox 1424 1447 1466 1471; x_wconf 86' lang='lat' dir='ltr'><strong>ac</strong></span> <span class='ocrx_word' id='word_1_215' title='bbox 1485 1439 1568 1483; x_wconf 89' lang='lat' dir='ltr'><strong>post</strong></span> <span class='ocrx_word' id='word_1_216' title='bbox 1587 1436 1726 1472; x_wconf 88' lang='lat' dir='ltr'><strong>initium</strong></span> <span class='ocrx_word' id='word_1_217' title='bbox 1740 1436 1892 1483; x_wconf 79' lang='lat' dir='ltr'><strong>Augusti</strong></span> 
     </span>
     <span class='ocr_line' id='line_1_23' title="bbox 339 1493 1891 1542; baseline -0.001 -11"><span class='ocrx_word' id='word_1_218' title='bbox 339 1499 487 1542; x_wconf 82' lang='lat' dir='ltr'><strong>quatuor</strong></span> <span class='ocrx_word' id='word_1_219' title='bbox 507 1495 587 1542; x_wconf 88' lang='lat' dir='ltr'><strong>plus</strong></span> <span class='ocrx_word' id='word_1_220' title='bbox 607 1494 724 1529; x_wconf 89' lang='lat' dir='ltr'><strong>minus</strong></span> <span class='ocrx_word' id='word_1_221' title='bbox 746 1493 848 1528; x_wconf 90' lang='lat' dir='ltr'><strong>annis</strong></span> <span class='ocrx_word' id='word_1_222' title='bbox 872 1493 999 1540; x_wconf 86' lang='lat' dir='ltr'><strong>elapsis</strong></span> <span class='ocrx_word' id='word_1_223' title='bbox 1013 1493 1103 1528; x_wconf 88' lang='lat' dir='ltr'><strong>inter</strong></span> <span class='ocrx_word' id='word_1_224' title='bbox 1117 1493 1265 1528; x_wconf 86' lang='lat' dir='ltr'><strong>Iudaeos</strong></span> <span class='ocrx_word' id='word_1_225' title='bbox 1281 1503 1322 1528; x_wconf 84' lang='lat' dir='ltr'><strong>ac</strong></span> <span class='ocrx_word' id='word_1_226' title='bbox 1336 1493 1514 1529; x_wconf 89' lang='lat' dir='ltr'><strong>Romanos</strong></span> <span class='ocrx_word' id='word_1_227' title='bbox 1529 1493 1718 1529; x_wconf 81' lang='lat' dir='ltr'><strong>amicitiam</strong></span> <span class='ocrx_word' id='word_1_228' title='bbox 1733 1497 1768 1529; x_wconf 89' lang='lat' dir='ltr'><strong>et</strong></span> <span class='ocrx_word' id='word_1_229' title='bbox 1779 1493 1891 1529; x_wconf 87' lang='lat' dir='ltr'><strong>secie-</strong></span> 
     </span>
     <span class='ocr_line' id='line_1_24' title="bbox 338 1549 1891 1597; baseline -0.001 -9"><span class='ocrx_word' id='word_1_230' title='bbox 338 1557 445 1588; x_wconf 88' lang='lat' dir='ltr'><strong>tatem</strong></span> <span class='ocrx_word' id='word_1_231' title='bbox 459 1551 697 1587; x_wconf 83' lang='lat' dir='ltr'><strong>intercessisse</strong></span> <span class='ocrx_word' id='word_1_232' title='bbox 707 1578 716 1595; x_wconf 91' lang='lat'><strong>,</strong></span> <span class='ocrx_word' id='word_1_233' title='bbox 737 1554 813 1586; x_wconf 90' lang='lat' dir='ltr'><strong>tum</strong></span> <span class='ocrx_word' id='word_1_234' title='bbox 827 1562 909 1586; x_wconf 80' lang='lat' dir='ltr'><strong>vero</strong></span> <span class='ocrx_word' id='word_1_235' title='bbox 925 1554 1186 1597; x_wconf 89' lang='lat' dir='ltr'><strong>procuratorem</strong></span> <span class='ocrx_word' id='word_1_236' title='bbox 1199 1550 1419 1597; x_wconf 81' lang='lat' dir='ltr'><strong>impositum,</strong></span> <span class='ocrx_word' id='word_1_237' title='bbox 1437 1561 1482 1586; x_wconf 54' lang='lat' dir='ltr'><strong>&lt;ac</strong></span> <span class='ocrx_word' id='word_1_238' title='bbox 1503 1550 1712 1586; x_wconf 75' lang='lat' dir='ltr'><strong>tributorum</strong></span> <span class='ocrx_word' id='word_1_239' title='bbox 1732 1549 1891 1586; x_wconf 82' lang='lat' dir='ltr'><strong>nonnihil</strong></span> 
     </span>
     <span class='ocr_line' id='line_1_25' title="bbox 337 1607 1892 1654; baseline -0.003 -8"><span class='ocrx_word' id='word_1_240' title='bbox 337 1610 522 1652; x_wconf 88' lang='lat' dir='ltr'><strong>indictum,</strong></span> <span class='ocrx_word' id='word_1_241' title='bbox 545 1609 655 1644; x_wconf 90' lang='lat' dir='ltr'><strong>donec</strong></span> <span class='ocrx_word' id='word_1_242' title='bbox 675 1609 713 1643; x_wconf 90' lang='lat' dir='ltr'><strong>in</strong></span> <span class='ocrx_word' id='word_1_243' title='bbox 730 1608 925 1643; x_wconf 87' lang='lat' dir='ltr'><strong>Romanam</strong></span> <span class='ocrx_word' id='word_1_244' title='bbox 946 1607 1112 1643; x_wconf 85' lang='lat' dir='ltr'><strong>ditionem</strong></span> <span class='ocrx_word' id='word_1_245' title='bbox 1127 1607 1255 1643; x_wconf 83' lang='lat' dir='ltr'><strong>Iudaea</strong></span> <span class='ocrx_word' id='word_1_246' title='bbox 1274 1608 1412 1654; x_wconf 89' lang='lat' dir='ltr'><strong>penitus</strong></span> <span class='ocrx_word' id='word_1_247' title='bbox 1434 1607 1573 1643; x_wconf 83' lang='lat' dir='ltr'><strong>redacta</strong></span> <span class='ocrx_word' id='word_1_248' title='bbox 1587 1618 1629 1643; x_wconf 80' lang='lat' dir='ltr'><strong>ac</strong></span> <span class='ocrx_word' id='word_1_249' title='bbox 1642 1607 1823 1654; x_wconf 75' lang='lat' dir='ltr'><strong>vectigalis</strong></span> <span class='ocrx_word' id='word_1_250' title='bbox 1839 1610 1892 1642; x_wconf 90' lang='lat' dir='ltr'><strong>est</strong></span> 
     </span>
     <span class='ocr_line' id='line_1_26' title="bbox 337 1664 1890 1712; baseline -0.002 -9"><span class='ocrx_word' id='word_1_251' title='bbox 337 1668 447 1711; x_wconf 81' lang='lat' dir='ltr'><strong>facta,</strong></span> <span class='ocrx_word' id='word_1_252' title='bbox 469 1678 549 1702; x_wconf 90' lang='lat' dir='ltr'><strong>cum</strong></span> <span class='ocrx_word' id='word_1_253' title='bbox 571 1667 643 1701; x_wconf 91' lang='lat' dir='ltr'><strong>iam</strong></span> <span class='ocrx_word' id='word_1_254' title='bbox 661 1665 833 1712; x_wconf 84' lang='lat' dir='ltr'><strong>principes</strong></span> <span class='ocrx_word' id='word_1_255' title='bbox 848 1665 901 1700; x_wconf 90' lang='lat' dir='ltr'><strong>illi</strong></span> <span class='ocrx_word' id='word_1_256' title='bbox 914 1665 957 1700; x_wconf 89' lang='lat' dir='ltr'><strong>de</strong></span> <span class='ocrx_word' id='word_1_257' title='bbox 971 1665 1064 1700; x_wconf 89' lang='lat' dir='ltr'><strong>tribu</strong></span> <span class='ocrx_word' id='word_1_258' title='bbox 1079 1664 1166 1700; x_wconf 87' lang='lat' dir='ltr'><strong>Iuda</strong></span> <span class='ocrx_word' id='word_1_259' title='bbox 1181 1664 1380 1708; x_wconf 85' lang='lat' dir='ltr'><strong>desiissent,</strong></span> <span class='ocrx_word' id='word_1_260' title='bbox 1400 1668 1506 1711; x_wconf 91' lang='lat' dir='ltr'><strong>atque</strong></span> <span class='ocrx_word' id='word_1_261' title='bbox 1519 1664 1672 1700; x_wconf 83' lang='lat' dir='ltr'><strong>Herodes</strong></span> <span class='ocrx_word' id='word_1_262' title='bbox 1687 1665 1890 1711; x_wconf 83' lang='lat' dir='ltr'><strong>peregrinus</strong></span> 
     </span>
     <span class='ocr_line' id='line_1_27' title="bbox 338 1721 1891 1770; baseline -0.002 -10"><span class='ocrx_word' id='word_1_263' title='bbox 338 1729 374 1760; x_wconf 89' lang='lat' dir='ltr'><strong>et</strong></span> <span class='ocrx_word' id='word_1_264' title='bbox 387 1725 585 1770; x_wconf 81' lang='lat' dir='ltr'><strong>alienigena</strong></span> <span class='ocrx_word' id='word_1_265' title='bbox 598 1733 747 1769; x_wconf 85' lang='lat' dir='ltr'><strong>regnum</strong></span> <span class='ocrx_word' id='word_1_266' title='bbox 763 1725 978 1769; x_wconf 83' lang='lat' dir='ltr'><strong>occupasset.</strong></span> <span class='ocrx_word' id='word_1_267' title='bbox 1010 1721 1106 1764; x_wconf 83' lang='lat' dir='ltr'><strong>Quae</strong></span> <span class='ocrx_word' id='word_1_268' title='bbox 1128 1722 1246 1757; x_wconf 85' lang='lat' dir='ltr'><strong>omnia</strong></span> <span class='ocrx_word' id='word_1_269' title='bbox 1261 1722 1377 1768; x_wconf 86' lang='lat' dir='ltr'><strong>(paulo</strong></span> <span class='ocrx_word' id='word_1_270' title='bbox 1393 1725 1475 1768; x_wconf 90' lang='lat' dir='ltr'><strong>post</strong></span> <span class='ocrx_word' id='word_1_271' title='bbox 1488 1722 1616 1768; x_wconf 89' lang='lat' dir='ltr'><strong>inquit)</strong></span> <span class='ocrx_word' id='word_1_272' title='bbox 1631 1721 1786 1769; x_wconf 75' lang='lat' dir='ltr'><strong>perfecta</strong></span> <span class='ocrx_word' id='word_1_273' title='bbox 1799 1725 1891 1764; x_wconf 88' lang='lat' dir='ltr'><strong>sunt,</strong></span> 
     </span>
     <span class='ocr_line' id='line_1_28' title="bbox 338 1779 1891 1826; baseline -0.002 -9"><span class='ocrx_word' id='word_1_274' title='bbox 338 1793 418 1817; x_wconf 89' lang='lat' dir='ltr'><strong>cum</strong></span> <span class='ocrx_word' id='word_1_275' title='bbox 434 1782 479 1817; x_wconf 80' lang='lat' dir='ltr'><strong>ab</strong></span> <span class='ocrx_word' id='word_1_276' title='bbox 497 1785 573 1817; x_wconf 87' lang='lat' dir='ltr'><strong>ortu</strong></span> <span class='ocrx_word' id='word_1_277' title='bbox 590 1779 718 1815; x_wconf 83' lang='lat' dir='ltr'><strong>Christi</strong></span> <span class='ocrx_word' id='word_1_278' title='bbox 732 1780 944 1826; x_wconf 88' lang='lat' dir='ltr'><strong>coepissent,</strong></span> <span class='ocrx_word' id='word_1_279' title='bbox 960 1790 1052 1815; x_wconf 88' lang='lat' dir='ltr'><strong>anno</strong></span> <span class='ocrx_word' id='word_1_280' title='bbox 1068 1779 1220 1826; x_wconf 81' lang='lat' dir='ltr'><strong>Augusti</strong></span> <span class='ocrx_word' id='word_1_281' title='bbox 1230 1791 1335 1821; x_wconf 70' lang='grc' dir='ltr'><strong>ηιμ,</strong></span> <span class='ocrx_word' id='word_1_282' title='bbox 1352 1779 1412 1826; x_wconf 86' lang='lat' dir='ltr'><strong>qui</strong></span> <span class='ocrx_word' id='word_1_283' title='bbox 1427 1782 1462 1814; x_wconf 83' lang='lat' dir='ltr'><strong>et</strong></span> <span class='ocrx_word' id='word_1_284' title='bbox 1476 1789 1590 1814; x_wconf 88' lang='lat' dir='ltr'><strong>nonus</strong></span> <span class='ocrx_word' id='word_1_285' title='bbox 1606 1782 1680 1814; x_wconf 82' lang='lat' dir='ltr'><strong>erat</strong></span> <span class='ocrx_word' id='word_1_286' title='bbox 1694 1789 1717 1815; x_wconf 86' lang='lat' dir='ltr'><strong>a</strong></span> <span class='ocrx_word' id='word_1_287' title='bbox 1730 1789 1891 1826; x_wconf 86' lang='lat' dir='ltr'><strong>procura·</strong></span> 
     </span>
     <span class='ocr_line' id='line_1_29' title="bbox 338 1835 1891 1885; baseline -0.002 -11"><span class='ocrx_word' id='word_1_288' title='bbox 338 1840 432 1875; x_wconf 88' lang='lat' dir='ltr'><strong>tione</strong></span> <span class='ocrx_word' id='word_1_289' title='bbox 447 1838 637 1885; x_wconf 84' lang='lat' dir='ltr'><strong>Antipatri,</strong></span> <span class='ocrx_word' id='word_1_290' title='bbox 661 1848 740 1872; x_wconf 89' lang='lat' dir='ltr'><strong>cum</strong></span> <span class='ocrx_word' id='word_1_291' title='bbox 763 1836 909 1872; x_wconf 86' lang='lat' dir='ltr'><strong>Iudaeos</strong></span> <span class='ocrx_word' id='word_1_292' title='bbox 932 1837 1023 1871; x_wconf 91' lang='lat' dir='ltr'><strong>inter</strong></span> <span class='ocrx_word' id='word_1_293' title='bbox 1045 1840 1082 1872; x_wconf 90' lang='lat' dir='ltr'><strong>et</strong></span> <span class='ocrx_word' id='word_1_294' title='bbox 1100 1836 1277 1872; x_wconf 82' lang='lat' dir='ltr'><strong>Romanos</strong></span> <span class='ocrx_word' id='word_1_295' title='bbox 1299 1846 1371 1882; x_wconf 84' lang='lat' dir='ltr'><strong>pax</strong></span> <span class='ocrx_word' id='word_1_296' title='bbox 1395 1839 1430 1871; x_wconf 90' lang='lat' dir='ltr'><strong>et</strong></span> <span class='ocrx_word' id='word_1_297' title='bbox 1453 1836 1602 1881; x_wconf 85' lang='lat' dir='ltr'><strong>societas</strong></span> <span class='ocrx_word' id='word_1_298' title='bbox 1629 1839 1723 1872; x_wconf 87' lang='lat' dir='ltr'><strong>esset</strong></span> <span class='ocrx_word' id='word_1_299' title='bbox 1748 1846 1790 1875; x_wconf 83' lang='lat' dir='ltr'><strong>ao</strong></span> <span class='ocrx_word' id='word_1_300' title='bbox 1818 1835 1891 1872; x_wconf 82' lang='lat' dir='ltr'><strong>iam</strong></span> 
     </span>
     <span class='ocr_line' id='line_1_30' title="bbox 339 1893 1893 1942; baseline -0.002 -11"><span class='ocrx_word' id='word_1_301' title='bbox 339 1900 500 1942; x_wconf 84' lang='lat' dir='ltr'><strong>quartum</strong></span> <span class='ocrx_word' id='word_1_302' title='bbox 523 1906 653 1930; x_wconf 77' lang='lat' dir='ltr'><strong>annum</strong></span> <span class='ocrx_word' id='word_1_303' title='bbox 675 1898 839 1941; x_wconf 85' lang='lat' dir='ltr'><strong>regnaret</strong></span> <span class='ocrx_word' id='word_1_304' title='bbox 856 1893 1020 1929; x_wconf 87' lang='lat' dir='ltr'><strong>Herodes.</strong></span> <span class='ocrx_word' id='word_1_305' title='bbox 1065 1893 1245 1928; x_wconf 90' lang='lat' dir='ltr'><strong>Postremo</strong></span> <span class='ocrx_word' id='word_1_306' title='bbox 1268 1896 1348 1939; x_wconf 89' lang='lat' dir='ltr'><strong>post</strong></span> <span class='ocrx_word' id='word_1_307' title='bbox 1371 1897 1519 1939; x_wconf 81' lang='lat' dir='ltr'><strong>quatuor</strong></span> <span class='ocrx_word' id='word_1_308' title='bbox 1542 1893 1688 1929; x_wconf 87' lang='lat' dir='ltr'><strong>Herodis</strong></span> <span class='ocrx_word' id='word_1_309' title='bbox 1715 1903 1827 1929; x_wconf 76' lang='lat' dir='ltr'><strong>annos</strong></span> <span class='ocrx_word' id='word_1_310' title='bbox 1857 1896 1893 1928; x_wconf 90' lang='lat' dir='ltr'><strong>et</strong></span> 
     </span>
     <span class='ocr_line' id='line_1_31' title="bbox 339 1950 1889 1999; baseline -0.001 -12"><span class='ocrx_word' id='word_1_311' title='bbox 339 1953 491 1999; x_wconf 86' lang='lat' dir='ltr'><strong>quinque</strong></span> <span class='ocrx_word' id='word_1_312' title='bbox 512 1951 766 1999; x_wconf 83' lang='lat' dir='ltr'><strong>procurationis</strong></span> <span class='ocrx_word' id='word_1_313' title='bbox 787 1951 962 1997; x_wconf 81' lang='lat' dir='ltr'><strong>Antipatri</strong></span> <span class='ocrx_word' id='word_1_314' title='bbox 987 1950 1129 1986; x_wconf 88' lang='lat' dir='ltr'><strong>demum</strong></span> <span class='ocrx_word' id='word_1_315' title='bbox 1149 1950 1277 1986; x_wconf 83' lang='lat' dir='ltr'><strong>Iudaea</strong></span> <span class='ocrx_word' id='word_1_316' title='bbox 1296 1950 1434 1997; x_wconf 88' lang='lat' dir='ltr'><strong>penitus</strong></span> <span class='ocrx_word' id='word_1_317' title='bbox 1461 1950 1628 1986; x_wconf 78' lang='lat' dir='ltr'><strong>Romanis</strong></span> <span class='ocrx_word' id='word_1_318' title='bbox 1649 1953 1703 1986; x_wconf 85' lang='lat' dir='ltr'><strong>est</strong></span> <span class='ocrx_word' id='word_1_319' title='bbox 1720 1950 1889 1993; x_wconf 82' lang='lat' dir='ltr'><strong>subiecta,</strong></span> 
     </span>
     <span class='ocr_line' id='line_1_32' title="bbox 339 2007 1890 2056; baseline -0.001 -11"><span class='ocrx_word' id='word_1_320' title='bbox 339 2020 449 2056; x_wconf 88' lang='lat' dir='ltr'><strong>usque</strong></span> <span class='ocrx_word' id='word_1_321' title='bbox 470 2008 515 2044; x_wconf 77' lang='lat' dir='ltr'><strong>ad</strong></span> <span class='ocrx_word' id='word_1_322' title='bbox 530 2020 656 2045; x_wconf 74' lang='lat' dir='ltr'><strong>xxxin.</strong></span> <span class='ocrx_word' id='word_1_323' title='bbox 672 2007 817 2044; x_wconf 85' lang='lat' dir='ltr'><strong>Herodis</strong></span> <span class='ocrx_word' id='word_1_324' title='bbox 839 2018 988 2051; x_wconf 84' lang='lat' dir='ltr'><strong>annum,</strong></span> <span class='ocrx_word' id='word_1_325' title='bbox 1011 2007 1073 2054; x_wconf 87' lang='lat' dir='ltr'><strong>qui</strong></span> <span class='ocrx_word' id='word_1_326' title='bbox 1095 2010 1148 2043; x_wconf 86' lang='lat' dir='ltr'><strong>est</strong></span> <span class='ocrx_word' id='word_1_327' title='bbox 1164 2007 1317 2054; x_wconf 81' lang='lat' dir='ltr'><strong>Augusti</strong></span> <span class='ocrx_word' id='word_1_328' title='bbox 1330 2019 1436 2051; x_wconf 68' lang='grc' dir='ltr'><strong>ηιμ,</strong></span> <span class='ocrx_word' id='word_1_329' title='bbox 1457 2018 1538 2043; x_wconf 89' lang='lat' dir='ltr'><strong>cum</strong></span> <span class='ocrx_word' id='word_1_330' title='bbox 1559 2018 1650 2043; x_wconf 81' lang='lat' dir='ltr'><strong>xm</strong></span> <span class='ocrx_word' id='word_1_331' title='bbox 1670 2007 1772 2043; x_wconf 83' lang='lat' dir='ltr'><strong>annis</strong></span> <span class='ocrx_word' id='word_1_332' title='bbox 1785 2008 1890 2043; x_wconf 80' lang='lat' dir='ltr'><strong>vecti-</strong></span> 
     </span>
     <span class='ocr_line' id='line_1_33' title="bbox 338 2065 736 2114; baseline -0.005 -12"><span class='ocrx_word' id='word_1_333' title='bbox 338 2067 428 2114; x_wconf 85' lang='lat' dir='ltr'><strong>galis</strong></span> <span class='ocrx_word' id='word_1_334' title='bbox 444 2066 586 2102; x_wconf 87' lang='lat' dir='ltr'><strong>omniuo</strong></span> <span class='ocrx_word' id='word_1_335' title='bbox 602 2065 736 2101; x_wconf 81' lang='lat' dir='ltr'><strong>fuisset.</strong></span> 
     </span>
    </p>

    <p class='ocr_par' dir='ltr' id='par_1_7' title="bbox 338 2120 1890 3085">
     <span class='ocr_line' id='line_1_34' title="bbox 427 2120 1890 2170; baseline -0.002 -11"><span class='ocrx_word' id='word_1_336' title='bbox 427 2124 501 2159; x_wconf 86' lang='lat' dir='ltr'><strong>Ilac</strong></span> <span class='ocrx_word' id='word_1_337' title='bbox 515 2121 701 2170; x_wconf 80' lang='lat' dir='ltr'><strong>Epiphanii</strong></span> <span class='ocrx_word' id='word_1_338' title='bbox 715 2122 870 2158; x_wconf 83' lang='lat' dir='ltr'><strong>oratione</strong></span> <span class='ocrx_word' id='word_1_339' title='bbox 885 2122 1020 2157; x_wconf 87' lang='lat' dir='ltr'><strong>nullum</strong></span> <span class='ocrx_word' id='word_1_340' title='bbox 1032 2120 1199 2168; x_wconf 84' lang='lat' dir='ltr'><strong>Sphingis</strong></span> <span class='ocrx_word' id='word_1_341' title='bbox 1215 2121 1380 2168; x_wconf 78' lang='lat' dir='ltr'><strong>aenigma</strong></span> <span class='ocrx_word' id='word_1_342' title='bbox 1393 2121 1592 2168; x_wconf 84' lang='lat' dir='ltr'><strong>perplexius</strong></span> <span class='ocrx_word' id='word_1_343' title='bbox 1606 2131 1685 2157; x_wconf 85' lang='lat' dir='ltr'><strong>esse</strong></span> <span class='ocrx_word' id='word_1_344' title='bbox 1699 2124 1796 2168; x_wconf 85' lang='lat' dir='ltr'><strong>puto.</strong></span> <span class='ocrx_word' id='word_1_345' title='bbox 1821 2121 1890 2157; x_wconf 85' lang='lat' dir='ltr'><strong>Sed</strong></span> 
     </span>
     <span class='ocr_line' id='line_1_35' title="bbox 338 2178 1890 2225; baseline -0.001 -8"><span class='ocrx_word' id='word_1_346' title='bbox 338 2180 404 2217; x_wconf 87' lang='lat' dir='ltr'><strong>hoc</strong></span> <span class='ocrx_word' id='word_1_347' title='bbox 418 2185 535 2216; x_wconf 85' lang='lat' dir='ltr'><strong>tamen</strong></span> <span class='ocrx_word' id='word_1_348' title='bbox 550 2180 702 2215; x_wconf 82' lang='lat' dir='ltr'><strong>voluisse</strong></span> <span class='ocrx_word' id='word_1_349' title='bbox 717 2179 868 2215; x_wconf 84' lang='lat' dir='ltr'><strong>videtur:</strong></span> <span class='ocrx_word' id='word_1_350' title='bbox 885 2179 1085 2225; x_wconf 81' lang='lat' dir='ltr'><strong>Augustum</strong></span> <span class='ocrx_word' id='word_1_351' title='bbox 1099 2178 1211 2225; x_wconf 80' lang='lat' dir='ltr'><strong>primo</strong></span> <span class='ocrx_word' id='word_1_352' title='bbox 1228 2189 1294 2213; x_wconf 85' lang='lat' dir='ltr'><strong>xm</strong></span> <span class='ocrx_word' id='word_1_353' title='bbox 1308 2178 1410 2213; x_wconf 82' lang='lat' dir='ltr'><strong>annis</strong></span> <span class='ocrx_word' id='word_1_354' title='bbox 1425 2178 1629 2224; x_wconf 83' lang='lat' dir='ltr'><strong>imperasse,</strong></span> <span class='ocrx_word' id='word_1_355' title='bbox 1655 2179 1781 2225; x_wconf 87' lang='lat' dir='ltr'><strong>quibus</strong></span> <span class='ocrx_word' id='word_1_356' title='bbox 1803 2190 1890 2215; x_wconf 87' lang='lat' dir='ltr'><strong>non-</strong></span> 
     </span>
     <span class='ocr_line' id='line_1_36' title="bbox 339 2235 1888 2284; baseline -0.001 -10"><span class='ocrx_word' id='word_1_357' title='bbox 339 2239 423 2274; x_wconf 90' lang='lat' dir='ltr'><strong>dum</strong></span> <span class='ocrx_word' id='word_1_358' title='bbox 434 2238 562 2274; x_wconf 77' lang='lat' dir='ltr'><strong>Iudaea</strong></span> <span class='ocrx_word' id='word_1_359' title='bbox 573 2248 714 2284; x_wconf 89' lang='lat' dir='ltr'><strong>prorsus</strong></span> <span class='ocrx_word' id='word_1_360' title='bbox 727 2236 963 2271; x_wconf 79' lang='lat' dir='ltr'><strong>Romanorum</strong></span> <span class='ocrx_word' id='word_1_361' title='bbox 975 2235 1120 2282; x_wconf 87' lang='lat' dir='ltr'><strong>imperio</strong></span> <span class='ocrx_word' id='word_1_362' title='bbox 1136 2238 1303 2279; x_wconf 82' lang='lat' dir='ltr'><strong>cesserat,</strong></span> <span class='ocrx_word' id='word_1_363' title='bbox 1319 2246 1360 2270; x_wconf 86' lang='lat' dir='ltr'><strong>ac</strong></span> <span class='ocrx_word' id='word_1_364' title='bbox 1375 2238 1455 2282; x_wconf 90' lang='lat' dir='ltr'><strong>post</strong></span> <span class='ocrx_word' id='word_1_365' title='bbox 1470 2239 1618 2281; x_wconf 80' lang='lat' dir='ltr'><strong>quatuor</strong></span> <span class='ocrx_word' id='word_1_366' title='bbox 1631 2236 1763 2282; x_wconf 87' lang='lat' dir='ltr'><strong>priores</strong></span> <span class='ocrx_word' id='word_1_367' title='bbox 1778 2247 1888 2272; x_wconf 82' lang='lat' dir='ltr'><strong>annos</strong></span> 
     </span>
     <span class='ocr_line' id='line_1_37' title="bbox 339 2291 1889 2342; baseline -0.001 -11"><span class='ocrx_word' id='word_1_368' title='bbox 339 2295 488 2342; x_wconf 81' lang='lat' dir='ltr'><strong>Augusti</strong></span> <span class='ocrx_word' id='word_1_369' title='bbox 509 2295 733 2342; x_wconf 78' lang='lat' dir='ltr'><strong>Antipatrum</strong></span> <span class='ocrx_word' id='word_1_370' title='bbox 756 2293 992 2340; x_wconf 87' lang='lat' dir='ltr'><strong>quinquennio</strong></span> <span class='ocrx_word' id='word_1_371' title='bbox 1013 2295 1275 2339; x_wconf 86' lang='lat' dir='ltr'><strong>procuratorem</strong></span> <span class='ocrx_word' id='word_1_372' title='bbox 1296 2291 1422 2335; x_wconf 79' lang='lat' dir='ltr'><strong>fuisse,</strong></span> <span class='ocrx_word' id='word_1_373' title='bbox 1443 2291 1615 2328; x_wconf 85' lang='lat' dir='ltr'><strong>Herodem</strong></span> <span class='ocrx_word' id='word_1_374' title='bbox 1635 2292 1774 2337; x_wconf 90' lang='lat' dir='ltr'><strong>deinde,</strong></span> <span class='ocrx_word' id='word_1_375' title='bbox 1796 2297 1889 2340; x_wconf 89' lang='lat' dir='ltr'><strong>post-</strong></span> 
     </span>
     <span class='ocr_line' id='line_1_38' title="bbox 339 2349 1890 2400; baseline -0.001 -12"><span class='ocrx_word' id='word_1_376' title='bbox 339 2364 446 2400; x_wconf 81' lang='lat' dir='ltr'><strong>quam</strong></span> <span class='ocrx_word' id='word_1_377' title='bbox 461 2353 505 2387; x_wconf 88' lang='lat' dir='ltr'><strong>ab</strong></span> <span class='ocrx_word' id='word_1_378' title='bbox 519 2353 678 2398; x_wconf 84' lang='lat' dir='ltr'><strong>Augusto</strong></span> <span class='ocrx_word' id='word_1_379' title='bbox 694 2360 842 2399; x_wconf 80' lang='lat' dir='ltr'><strong>regnum</strong></span> <span class='ocrx_word' id='word_1_380' title='bbox 859 2349 1024 2393; x_wconf 83' lang='lat' dir='ltr'><strong>obtinuit,</strong></span> <span class='ocrx_word' id='word_1_381' title='bbox 1040 2354 1189 2396; x_wconf 88' lang='lat' dir='ltr'><strong>quatuor</strong></span> <span class='ocrx_word' id='word_1_382' title='bbox 1205 2359 1316 2385; x_wconf 86' lang='lat' dir='ltr'><strong>annos</strong></span> <span class='ocrx_word' id='word_1_383' title='bbox 1329 2349 1492 2385; x_wconf 89' lang='lat' dir='ltr'><strong>tenuisse.</strong></span> <span class='ocrx_word' id='word_1_384' title='bbox 1514 2349 1568 2384; x_wconf 85' lang='lat' dir='ltr'><strong>lta</strong></span> <span class='ocrx_word' id='word_1_385' title='bbox 1579 2349 1727 2385; x_wconf 80' lang='lat' dir='ltr'><strong>fiuntab</strong></span> <span class='ocrx_word' id='word_1_386' title='bbox 1739 2351 1890 2397; x_wconf 83' lang='lat' dir='ltr'><strong>Augusti</strong></span> 
     </span>
     <span class='ocr_line' id='line_1_39' title="bbox 339 2405 1889 2455; baseline -0.002 -9"><span class='ocrx_word' id='word_1_387' title='bbox 339 2410 438 2446; x_wconf 88' lang='lat' dir='ltr'><strong>initio</strong></span> <span class='ocrx_word' id='word_1_388' title='bbox 454 2410 536 2445; x_wconf 76' lang='lat' dir='ltr'><strong>anni</strong></span> <span class='ocrx_word' id='word_1_389' title='bbox 548 2421 625 2445; x_wconf 83' lang='lat' dir='ltr'><strong>xm.</strong></span> <span class='ocrx_word' id='word_1_390' title='bbox 656 2408 793 2455; x_wconf 81' lang='lat' dir='ltr'><strong>Reliqui</strong></span> <span class='ocrx_word' id='word_1_391' title='bbox 808 2410 890 2443; x_wconf 88' lang='lat' dir='ltr'><strong>sunt</strong></span> <span class='ocrx_word' id='word_1_392' title='bbox 901 2418 1003 2450; x_wconf 75' lang='lat' dir='ltr'><strong>xxix,</strong></span> <span class='ocrx_word' id='word_1_393' title='bbox 1027 2406 1154 2453; x_wconf 88' lang='lat' dir='ltr'><strong>quibus</strong></span> <span class='ocrx_word' id='word_1_394' title='bbox 1169 2406 1317 2442; x_wconf 82' lang='lat' dir='ltr'><strong>Romani</strong></span> <span class='ocrx_word' id='word_1_395' title='bbox 1332 2405 1496 2442; x_wconf 80' lang='lat' dir='ltr'><strong>Iudaeam</strong></span> <span class='ocrx_word' id='word_1_396' title='bbox 1511 2406 1653 2453; x_wconf 86' lang='lat' dir='ltr'><strong>penitus</strong></span> <span class='ocrx_word' id='word_1_397' title='bbox 1666 2410 1889 2454; x_wconf 83' lang='lat' dir='ltr'><strong>occuparunt,</strong></span> 
     </span>
     <span class='ocr_line' id='line_1_40' title="bbox 340 2462 1887 2514; baseline -0.002 -12"><span class='ocrx_word' id='word_1_398' title='bbox 340 2478 449 2514; x_wconf 86' lang='lat' dir='ltr'><strong>usque</strong></span> <span class='ocrx_word' id='word_1_399' title='bbox 466 2466 510 2502; x_wconf 82' lang='lat' dir='ltr'><strong>ad</strong></span> <span class='ocrx_word' id='word_1_400' title='bbox 524 2466 674 2512; x_wconf 80' lang='lat' dir='ltr'><strong>Augusti</strong></span> <span class='ocrx_word' id='word_1_401' title='bbox 690 2476 786 2508; x_wconf 71' lang='lat' dir='ltr'><strong>xtra,</strong></span> <span class='ocrx_word' id='word_1_402' title='bbox 801 2463 946 2501; x_wconf 83' lang='lat' dir='ltr'><strong>Herodis</strong></span> <span class='ocrx_word' id='word_1_403' title='bbox 962 2475 1100 2507; x_wconf 68' lang='lat' dir='ltr'><strong>xxxiia,</strong></span> <span class='ocrx_word' id='word_1_404' title='bbox 1115 2475 1184 2510; x_wconf 87' lang='lat' dir='ltr'><strong>quo</strong></span> <span class='ocrx_word' id='word_1_405' title='bbox 1201 2467 1304 2499; x_wconf 82' lang='lat' dir='ltr'><strong>natus</strong></span> <span class='ocrx_word' id='word_1_406' title='bbox 1320 2466 1373 2499; x_wconf 82' lang='lat' dir='ltr'><strong>est</strong></span> <span class='ocrx_word' id='word_1_407' title='bbox 1387 2462 1557 2500; x_wconf 88' lang='lat' dir='ltr'><strong>dominus.</strong></span> <span class='ocrx_word' id='word_1_408' title='bbox 1579 2462 1670 2499; x_wconf 81' lang='lat' dir='ltr'><strong>Nam</strong></span> <span class='ocrx_word' id='word_1_409' title='bbox 1687 2464 1732 2499; x_wconf 85' lang='lat' dir='ltr'><strong>ad</strong></span> <span class='ocrx_word' id='word_1_410' title='bbox 1745 2475 1814 2501; x_wconf 76' lang='lat'><strong>¹111</strong></span> <span class='ocrx_word' id='word_1_411' title='bbox 1827 2464 1887 2500; x_wconf 81' lang='lat' dir='ltr'><strong>ad-</strong></span> 
     </span>
     <span class='ocr_line' id='line_1_41' title="bbox 340 2519 1887 2567; baseline -0.002 -8"><span class='ocrx_word' id='word_1_412' title='bbox 340 2525 401 2560; x_wconf 88' lang='lat' dir='ltr'><strong>diti</strong></span> <span class='ocrx_word' id='word_1_413' title='bbox 418 2535 502 2559; x_wconf 75' lang='lat' dir='ltr'><strong>xxix</strong></span> <span class='ocrx_word' id='word_1_414' title='bbox 524 2523 714 2559; x_wconf 77' lang='lat' dir='ltr'><strong>conficiunt</strong></span> <span class='ocrx_word' id='word_1_415' title='bbox 729 2533 818 2565; x_wconf 75' lang='lat' dir='ltr'><strong>nn,</strong></span> <span class='ocrx_word' id='word_1_416' title='bbox 841 2520 1030 2567; x_wconf 87' lang='lat' dir='ltr'><strong>itidemque</strong></span> <span class='ocrx_word' id='word_1_417' title='bbox 1053 2521 1085 2556; x_wconf 86' lang='lat' dir='ltr'><strong>si</strong></span> <span class='ocrx_word' id='word_1_418' title='bbox 1106 2520 1151 2556; x_wconf 84' lang='lat' dir='ltr'><strong>ad</strong></span> <span class='ocrx_word' id='word_1_419' title='bbox 1174 2523 1322 2567; x_wconf 84' lang='lat' dir='ltr'><strong>quatuor</strong></span> <span class='ocrx_word' id='word_1_420' title='bbox 1338 2519 1444 2556; x_wconf 80' lang='lat' dir='ltr'><strong>addas</strong></span> <span class='ocrx_word' id='word_1_421' title='bbox 1459 2531 1545 2556; x_wconf 77' lang='lat' dir='ltr'><strong>xxix</strong></span> <span class='ocrx_word' id='word_1_422' title='bbox 1559 2519 1646 2556; x_wconf 81' lang='lat' dir='ltr'><strong>fient</strong></span> <span class='ocrx_word' id='word_1_423' title='bbox 1660 2531 1786 2557; x_wconf 75' lang='lat' dir='ltr'>xxxm-</span> <span class='ocrx_word' id='word_1_424' title='bbox 1815 2521 1887 2556; x_wconf 82' lang='lat' dir='ltr'><strong>Hos</strong></span> 
     </span>
     <span class='ocr_line' id='line_1_42' title="bbox 340 2577 1888 2624; baseline -0.002 -7"><span class='ocrx_word' id='word_1_425' title='bbox 340 2586 456 2617; x_wconf 81' lang='lat' dir='ltr'><strong>sutem</strong></span> <span class='ocrx_word' id='word_1_426' title='bbox 473 2592 556 2617; x_wconf 77' lang='lat' dir='ltr'><strong>uu</strong></span> <span class='ocrx_word' id='word_1_427' title='bbox 574 2590 685 2615; x_wconf 83' lang='lat' dir='ltr'><strong>annos</strong></span> <span class='ocrx_word' id='word_1_428' title='bbox 702 2579 746 2614; x_wconf 89' lang='lat' dir='ltr'><strong>ab</strong></span> <span class='ocrx_word' id='word_1_429' title='bbox 762 2590 804 2614; x_wconf 90' lang='lat' dir='ltr'><strong>eo</strong></span> <span class='ocrx_word' id='word_1_430' title='bbox 820 2578 959 2614; x_wconf 85' lang='lat' dir='ltr'><strong>deducit</strong></span> <span class='ocrx_word' id='word_1_431' title='bbox 974 2578 1034 2624; x_wconf 91' lang='lat' dir='ltr'><strong>qui</strong></span> <span class='ocrx_word' id='word_1_432' title='bbox 1048 2578 1226 2613; x_wconf 80' lang='lat' dir='ltr'><strong>Actiacam</strong></span> <span class='ocrx_word' id='word_1_433' title='bbox 1239 2577 1416 2613; x_wconf 75' lang='lat' dir='ltr'><strong>victoriam</strong></span> <span class='ocrx_word' id='word_1_434' title='bbox 1431 2580 1571 2614; x_wconf 85' lang='lat' dir='ltr'><strong>secutus</strong></span> <span class='ocrx_word' id='word_1_435' title='bbox 1586 2581 1656 2621; x_wconf 86' lang='lat' dir='ltr'><strong>est,</strong></span> <span class='ocrx_word' id='word_1_436' title='bbox 1672 2578 1806 2614; x_wconf 83' lang='lat' dir='ltr'><strong>Iuliano</strong></span> <span class='ocrx_word' id='word_1_437' title='bbox 1821 2578 1888 2614; x_wconf 83' lang='lat' dir='ltr'><strong>soi-</strong></span> 
     </span>
     <span class='ocr_line' id='line_1_43' title="bbox 341 2634 1886 2683; baseline -0.002 -9"><span class='ocrx_word' id='word_1_438' title='bbox 341 2640 420 2674; x_wconf 86' lang='lat' dir='ltr'><strong>licet</strong></span> <span class='ocrx_word' id='word_1_439' title='bbox 443 2650 530 2680; x_wconf 64' lang='lat' dir='ltr'><strong>xva,</strong></span> <span class='ocrx_word' id='word_1_440' title='bbox 554 2647 575 2672; x_wconf 89' lang='lat' dir='ltr'><strong>a</strong></span> <span class='ocrx_word' id='word_1_441' title='bbox 592 2648 659 2683; x_wconf 90' lang='lat' dir='ltr'><strong>quo</strong></span> <span class='ocrx_word' id='word_1_442' title='bbox 684 2636 868 2671; x_wconf 84' lang='lat' dir='ltr'><strong>vicesimus</strong></span> <span class='ocrx_word' id='word_1_443' title='bbox 893 2646 1004 2671; x_wconf 87' lang='lat' dir='ltr'><strong>nonus</strong></span> <span class='ocrx_word' id='word_1_444' title='bbox 1029 2638 1084 2670; x_wconf 85' lang='lat' dir='ltr'><strong>est</strong></span> <span class='ocrx_word' id='word_1_445' title='bbox 1105 2634 1260 2670; x_wconf 85' lang='lat' dir='ltr'><strong>lulianus</strong></span> <span class='ocrx_word' id='word_1_446' title='bbox 1277 2646 1386 2677; x_wconf 64' lang='lat' dir='ltr'><strong>mv„</strong></span> <span class='ocrx_word' id='word_1_447' title='bbox 1411 2644 1479 2680; x_wconf 90' lang='lat' dir='ltr'><strong>quo</strong></span> <span class='ocrx_word' id='word_1_448' title='bbox 1502 2637 1603 2669; x_wconf 85' lang='lat' dir='ltr'><strong>natus</strong></span> <span class='ocrx_word' id='word_1_449' title='bbox 1626 2634 1670 2670; x_wconf 83' lang='lat' dir='ltr'><strong>ab</strong></span> <span class='ocrx_word' id='word_1_450' title='bbox 1693 2634 1886 2682; x_wconf 78' lang='lat' dir='ltr'><strong>Epiphanio</strong></span> 
     </span>
     <span class='ocr_line' id='line_1_44' title="bbox 341 2690 1887 2741; baseline -0.003 -10"><span class='ocrx_word' id='word_1_451' title='bbox 341 2694 497 2731; x_wconf 82' lang='lat' dir='ltr'><strong>Christus</strong></span> <span class='ocrx_word' id='word_1_452' title='bbox 518 2694 668 2741; x_wconf 87' lang='lat' dir='ltr'><strong>ponitur,</strong></span> <span class='ocrx_word' id='word_1_453' title='bbox 690 2693 848 2739; x_wconf 81' lang='lat' dir='ltr'><strong>Augusto</strong></span> <span class='ocrx_word' id='word_1_454' title='bbox 866 2703 940 2729; x_wconf 82' lang='lat' dir='ltr'><strong>xm.</strong></span> <span class='ocrx_word' id='word_1_455' title='bbox 958 2696 993 2728; x_wconf 89' lang='lat' dir='ltr'><strong>et</strong></span> <span class='ocrx_word' id='word_1_456' title='bbox 1006 2691 1127 2728; x_wconf 75' lang='lat' dir='ltr'><strong>Silano</strong></span> <span class='ocrx_word' id='word_1_457' title='bbox 1143 2702 1232 2727; x_wconf 89' lang='lat' dir='ltr'><strong>coss.</strong></span> <span class='ocrx_word' id='word_1_458' title='bbox 1277 2691 1331 2727; x_wconf 71' lang='lat' dir='ltr'><strong>lta</strong></span> <span class='ocrx_word' id='word_1_459' title='bbox 1352 2690 1488 2738; x_wconf 83' lang='lat' dir='ltr'><strong>quidem</strong></span> <span class='ocrx_word' id='word_1_460' title='bbox 1503 2690 1716 2737; x_wconf 80' lang='lat' dir='ltr'><strong>Epiphanius</strong></span> <span class='ocrx_word' id='word_1_461' title='bbox 1736 2692 1887 2728; x_wconf 84' lang='lat' dir='ltr'><strong>miscens</strong></span> 
     </span>
     <span class='ocr_line' id='line_1_45' title="bbox 342 2747 1886 2796; baseline -0.003 -9"><span class='ocrx_word' id='word_1_462' title='bbox 342 2753 474 2794; x_wconf 83' lang='lat' dir='ltr'><strong>omnis,</strong></span> <span class='ocrx_word' id='word_1_463' title='bbox 491 2762 553 2787; x_wconf 86' lang='lat' dir='ltr'><strong>nec</strong></span> <span class='ocrx_word' id='word_1_464' title='bbox 571 2750 735 2786; x_wconf 79' lang='lat' dir='ltr'><strong>historiae</strong></span> <span class='ocrx_word' id='word_1_465' title='bbox 751 2750 836 2786; x_wconf 88' lang='lat' dir='ltr'><strong>satis</strong></span> <span class='ocrx_word' id='word_1_466' title='bbox 853 2750 1041 2785; x_wconf 84' lang='lat' dir='ltr'><strong>consultus.</strong></span> <span class='ocrx_word' id='word_1_467' title='bbox 1065 2748 1129 2785; x_wconf 83' lang='lat' dir='ltr'><strong>Est</strong></span> <span class='ocrx_word' id='word_1_468' title='bbox 1143 2749 1236 2785; x_wconf 85' lang='lat' dir='ltr'><strong>euim</strong></span> <span class='ocrx_word' id='word_1_469' title='bbox 1251 2747 1379 2785; x_wconf 71' lang='lat' dir='ltr'><strong>falsum</strong></span> <span class='ocrx_word' id='word_1_470' title='bbox 1393 2747 1563 2795; x_wconf 83' lang='lat' dir='ltr'><strong>imprimis</strong></span> <span class='ocrx_word' id='word_1_471' title='bbox 1576 2748 1794 2795; x_wconf 82' lang='lat' dir='ltr'><strong>Antipatrum</strong></span> <span class='ocrx_word' id='word_1_472' title='bbox 1808 2760 1886 2796; x_wconf 84' lang='lat' dir='ltr'><strong>pro-</strong></span> 
     </span>
     <span class='ocr_line' id='line_1_46' title="bbox 341 2804 1886 2854; baseline -0.001 -11"><span class='ocrx_word' id='word_1_473' title='bbox 341 2814 533 2844; x_wconf 78' lang='lat' dir='ltr'><strong>curatorem</strong></span> <span class='ocrx_word' id='word_1_474' title='bbox 549 2809 594 2843; x_wconf 84' lang='lat' dir='ltr'><strong>ab</strong></span> <span class='ocrx_word' id='word_1_475' title='bbox 610 2808 768 2854; x_wconf 81' lang='lat' dir='ltr'><strong>Augusto</strong></span> <span class='ocrx_word' id='word_1_476' title='bbox 784 2818 861 2843; x_wconf 83' lang='lat' dir='ltr'><strong>esse</strong></span> <span class='ocrx_word' id='word_1_477' title='bbox 876 2807 1025 2850; x_wconf 69' lang='lat' dir='ltr'><strong>tactum,</strong></span> <span class='ocrx_word' id='word_1_478' title='bbox 1045 2805 1201 2853; x_wconf 75' lang='lat' dir='ltr'><strong>adeoque</strong></span> <span class='ocrx_word' id='word_1_479' title='bbox 1223 2808 1304 2853; x_wconf 87' lang='lat' dir='ltr'><strong>post</strong></span> <span class='ocrx_word' id='word_1_480' title='bbox 1323 2809 1470 2853; x_wconf 73' lang='lat' dir='ltr'><strong>quatuor</strong></span> <span class='ocrx_word' id='word_1_481' title='bbox 1491 2804 1624 2851; x_wconf 89' lang='lat' dir='ltr'><strong>imperii</strong></span> <span class='ocrx_word' id='word_1_482' title='bbox 1640 2805 1748 2852; x_wconf 85' lang='lat' dir='ltr'><strong>ipsius</strong></span> <span class='ocrx_word' id='word_1_483' title='bbox 1762 2816 1886 2849; x_wconf 76' lang='lat' dir='ltr'><strong>annos,</strong></span> 
     </span>
     <span class='ocr_line' id='line_1_47' title="bbox 342 2861 1885 2911; baseline -0.001 -10"><span class='ocrx_word' id='word_1_484' title='bbox 342 2870 382 2902; x_wconf 86' lang='lat' dir='ltr'><strong>ut</strong></span> <span class='ocrx_word' id='word_1_485' title='bbox 396 2876 438 2900; x_wconf 78' lang='lat' dir='ltr'><strong>ex</strong></span> <span class='ocrx_word' id='word_1_486' title='bbox 458 2865 499 2900; x_wconf 84' lang='lat' dir='ltr'><strong>iis</strong></span> <span class='ocrx_word' id='word_1_487' title='bbox 517 2869 612 2911; x_wconf 78' lang='lat' dir='ltr'><strong>patet</strong></span> <span class='ocrx_word' id='word_1_488' title='bbox 626 2875 716 2911; x_wconf 80' lang='lat' dir='ltr'><strong>quae</strong></span> <span class='ocrx_word' id='word_1_489' title='bbox 731 2875 837 2911; x_wconf 84' lang='lat' dir='ltr'><strong>supra</strong></span> <span class='ocrx_word' id='word_1_490' title='bbox 851 2876 870 2899; x_wconf 89' lang='lat' dir='ltr'><strong>e</strong></span> <span class='ocrx_word' id='word_1_491' title='bbox 887 2862 1032 2910; x_wconf 86' lang='lat' dir='ltr'><strong>losepho</strong></span> <span class='ocrx_word' id='word_1_492' title='bbox 1048 2862 1326 2910; x_wconf 84' lang='lat' dir='ltr'><strong>perstrinximus.</strong></span> <span class='ocrx_word' id='word_1_493' title='bbox 1371 2861 1463 2898; x_wconf 76' lang='lat' dir='ltr'><strong>Nem</strong></span> <span class='ocrx_word' id='word_1_494' title='bbox 1474 2862 1655 2909; x_wconf 82' lang='lat' dir='ltr'><strong>Antipater</strong></span> <span class='ocrx_word' id='word_1_495' title='bbox 1666 2862 1810 2899; x_wconf 85' lang='lat' dir='ltr'><strong>Herodis</strong></span> <span class='ocrx_word' id='word_1_496' title='bbox 1825 2873 1885 2910; x_wconf 73' lang='lat' dir='ltr'><strong>ps-</strong></span> 
     </span>
     <span class='ocr_line' id='line_1_48' title="bbox 341 2918 1884 2967; baseline -0.002 -9"><span class='ocrx_word' id='word_1_497' title='bbox 341 2933 421 2959; x_wconf 76' lang='lat' dir='ltr'><strong>renn</strong></span> <span class='ocrx_word' id='word_1_498' title='bbox 438 2922 598 2957; x_wconf 78' lang='lat' dir='ltr'><strong>iudaeam</strong></span> <span class='ocrx_word' id='word_1_499' title='bbox 622 2921 860 2957; x_wconf 86' lang='lat' dir='ltr'><strong>administrare</strong></span> <span class='ocrx_word' id='word_1_500' title='bbox 882 2921 996 2967; x_wconf 87' lang='lat' dir='ltr'><strong>coepit</strong></span> <span class='ocrx_word' id='word_1_501' title='bbox 1017 2931 1109 2957; x_wconf 78' lang='lat' dir='ltr'><strong>anno</strong></span> <span class='ocrx_word' id='word_1_502' title='bbox 1130 2920 1208 2963; x_wconf 87' lang='lat' dir='ltr'><strong>illo,</strong></span> <span class='ocrx_word' id='word_1_503' title='bbox 1231 2930 1299 2967; x_wconf 87' lang='lat' dir='ltr'><strong>quo</strong></span> <span class='ocrx_word' id='word_1_504' title='bbox 1318 2918 1426 2956; x_wconf 81' lang='lat' dir='ltr'><strong>Iulius</strong></span> <span class='ocrx_word' id='word_1_505' title='bbox 1442 2918 1567 2955; x_wconf 83' lang='lat' dir='ltr'><strong>Caesar</strong></span> <span class='ocrx_word' id='word_1_506' title='bbox 1590 2919 1720 2956; x_wconf 87' lang='lat' dir='ltr'><strong>bellum</strong></span> <span class='ocrx_word' id='word_1_507' title='bbox 1733 2919 1884 2957; x_wconf 80' lang='lat' dir='ltr'><strong>Alexan·</strong></span> 
     </span>
     <span class='ocr_line' id='line_1_49' title="bbox 342 2975 1884 3025; baseline -0.002 -9"><span class='ocrx_word' id='word_1_508' title='bbox 342 2980 478 3016; x_wconf 83' lang='lat' dir='ltr'><strong>drinum</strong></span> <span class='ocrx_word' id='word_1_509' title='bbox 503 2979 629 3025; x_wconf 78' lang='lat' dir='ltr'><strong>gessit,</strong></span> <span class='ocrx_word' id='word_1_510' title='bbox 652 2979 711 3024; x_wconf 86' lang='lat' dir='ltr'><strong>qui</strong></span> <span class='ocrx_word' id='word_1_511' title='bbox 735 2982 787 3013; x_wconf 87' lang='lat' dir='ltr'><strong>est</strong></span> <span class='ocrx_word' id='word_1_512' title='bbox 811 2977 912 3013; x_wconf 86' lang='lat' dir='ltr'><strong>Urbis</strong></span> <span class='ocrx_word' id='word_1_513' title='bbox 929 2977 1012 3021; x_wconf 69' lang='lat'><strong>7073</strong></span> <span class='ocrx_word' id='word_1_514' title='bbox 1035 2988 1103 3024; x_wconf 86' lang='lat' dir='ltr'><strong>quo</strong></span> <span class='ocrx_word' id='word_1_515' title='bbox 1126 2976 1247 3013; x_wconf 86' lang='lat' dir='ltr'><strong>eodem</strong></span> <span class='ocrx_word' id='word_1_516' title='bbox 1269 2985 1361 3013; x_wconf 83' lang='lat' dir='ltr'><strong>anno</strong></span> <span class='ocrx_word' id='word_1_517' title='bbox 1375 2975 1528 3012; x_wconf 80' lang='lat' dir='ltr'><strong>Herodes</strong></span> <span class='ocrx_word' id='word_1_518' title='bbox 1547 2975 1722 3013; x_wconf 73' lang='lat' dir='ltr'><strong>Galilaeae</strong></span> <span class='ocrx_word' id='word_1_519' title='bbox 1745 2986 1767 3013; x_wconf 76' lang='lat' dir='ltr'><strong>a</strong></span> <span class='ocrx_word' id='word_1_520' title='bbox 1788 2980 1884 3024; x_wconf 84' lang='lat' dir='ltr'><strong>patre</strong></span> 
     </span>
     <span class='ocr_line' id='line_1_50' title="bbox 344 3031 1883 3085; baseline -0.002 -12"><span class='ocrx_word' id='word_1_521' title='bbox 344 3037 555 3085; x_wconf 75' lang='lat' dir='ltr'><strong>praepositus</strong></span> <span class='ocrx_word' id='word_1_522' title='bbox 572 3039 634 3070; x_wconf 76' lang='lat' dir='ltr'><strong>est.</strong></span> <span class='ocrx_word' id='word_1_523' title='bbox 668 3036 822 3070; x_wconf 61' lang='lat' dir='ltr'><strong>Mortuus</strong></span> <span class='ocrx_word' id='word_1_524' title='bbox 847 3039 899 3070; x_wconf 73' lang='lat' dir='ltr'><strong>ont</strong></span> <span class='ocrx_word' id='word_1_525' title='bbox 921 3038 1034 3070; x_wconf 81' lang='lat' dir='ltr'><strong>sutem</strong></span> <span class='ocrx_word' id='word_1_526' title='bbox 1060 3034 1238 3081; x_wconf 80' lang='lat' dir='ltr'><strong>Antipater</strong></span> <span class='ocrx_word' id='word_1_527' title='bbox 1259 3044 1349 3069; x_wconf 85' lang='lat' dir='ltr'><strong>auno</strong></span> <span class='ocrx_word' id='word_1_528' title='bbox 1366 3031 1466 3069; x_wconf 81' lang='lat' dir='ltr'><strong>Urbis</strong></span> <span class='ocrx_word' id='word_1_529' title='bbox 1482 3033 1574 3077; x_wconf 63' lang='lat'><strong>712„</strong></span> <span class='ocrx_word' id='word_1_530' title='bbox 1596 3033 1728 3070; x_wconf 84' lang='lat' dir='ltr'><strong>Iuliano</strong></span> <span class='ocrx_word' id='word_1_531' title='bbox 1751 3038 1883 3081; x_wconf 83' lang='lat' dir='ltr'><strong>quarto.</strong></span> 
     </span>
    </p>
   </div>
  </div>
 </body>
</html>
