2008 3294
1574 203 1725 240 LXXIII

176 309 219 346 de
234 310 396 354 Antinoo,
410 310 586 346 Marcione
602 320 643 346 ac
658 309 798 346 Iudaico
812 309 903 347 bello
917 309 1131 345 mentionem
1145 309 1238 353 fecit,
1253 312 1299 351 et,
1315 308 1408 356 quod
1422 310 1527 356 caput
1541 310 1606 351 est,
1620 306 1723 343 huius

176 367 282 403 etiam
302 367 440 403 initium
460 367 599 402 subiicit
618 368 729 414 capite
745 379 794 404 ιι.
835 366 883 403 At
895 377 977 403 vero
999 377 1073 413 cap.
1089 377 1165 409 xv.,
1187 366 1261 402 sive
1278 364 1332 410 ις’,
1355 366 1500 402 alteram
1515 364 1724 412 Apologiam

175 425 240 460 sub
268 425 317 462 M.
340 424 477 461 Aurelio
501 427 536 459 et
557 424 596 460 L.
611 425 702 460 Vero
725 424 891 471 scriptam
912 422 1080 459 affirmat:
1106 422 1189 458 κατὰ
1212 424 1324 464 τοόςὸε
1347 423 1401 458 καὶ
1422 421 1440 458 ὃ
1458 424 1566 470 μικρῷ
1582 420 1723 469 πρόσθεν

173 480 252 528 ἡμῖν
268 480 423 526 δηλωθεὶς
437 479 613 521 Ἰουστῖνος
630 481 778 528 δεύτερον
794 479 873 528 ὗπὶρ
889 481 954 515 τῶν
970 478 1043 514 καθ’
1059 479 1144 527 ἡμᾶς
1161 479 1337 527 δογμάτων
1354 480 1478 526 βιβλίον
1501 478 1639 520 ἀναδοὺς
1654 480 1723 518 τοῖς

175 537 410 585 δεδηλωμένοις
425 535 579 585 ἄρχουσι,
604 538 680 585 θείῳ
702 539 954 586 κατακοσμεῐται
975 536 1154 584 μαρτυρίῳ.
1193 537 1267 572 Sub
1282 538 1422 573 Aurelio
1445 537 1553 584 igitur
1573 540 1607 572 et
1621 536 1724 579 Vero,

174 606 262 642 quos
277 605 351 643 cap.
368 607 450 638 xm,
473 595 546 630 sive
563 593 617 638 ιδ’,
639 595 816 631 Antonino
830 595 897 631 Pio
908 594 1120 631 successisse
1135 594 1406 641 significaverat,
1428 594 1617 631 secundam
1631 594 1724 641 Apo-

173 652 303 698 logiam
320 652 461 696 obtulit,
484 655 519 688 et
539 663 664 699 passus
681 657 734 688 est
748 652 911 690 Iustinus.
941 651 1091 688 Eusebio
1107 652 1295 687 assentitur
1309 652 1449 687 Hieron.
1465 652 1502 687 in
1518 651 1644 698 Script.
1660 651 1724 694 ne-

173 709 252 744 oles.
269 712 305 744 et
317 708 470 745 Photius.
502 709 610 745 Hodie
626 710 750 746 Iustini
765 710 854 746 dnae
868 712 992 745 extant
1005 708 1209 756 Apologiae.
1241 708 1373 744 Harum
1387 709 1480 756 prior
1496 708 1539 743 ad
1555 708 1723 744 Senatum

172 766 380 802 inscribitur.
402 766 575 802 Posterior
590 768 738 803 eundem
752 767 901 814 praefert
914 766 1066 809 titulum,
1082 776 1187 812 quem
1201 766 1333 812 primae
1345 766 1538 813 Apologiae
1552 765 1723 802 Eusebius

171 823 343 867 attribuit,
364 834 490 871 nempe
510 822 731 871 Αὐτοκράτορι
754 823 844 871 Τίτῳ
865 821 968 871 Αἰλίῳ
990 821 1152 870 Ἀδριανῷ
1175 821 1359 869 Ἀντωνίνῳ
1388 821 1525 868 Εὐσεβεῖ
1532 850 1540 868 ,
1564 822 1722 869 Σεβαστῷ

171 879 325 927 Καίσαρι,
341 879 395 915 καὶ
411 879 625 928 Οὖηρισσίμῳ
642 880 702 928 υἱῷ
719 881 922 928 Φιλοσόφῳ,
935 879 998 915 οιαὶ
1013 879 1144 926 Λουκίῳ
1161 878 1348 926 Φιλοσόφῳ
1364 879 1526 926 Καίσαρος
1543 880 1634 926 φύσει
1649 879 1722 926 υἱῷ,

171 936 226 972 καὶ
245 935 407 984 Εὐσεβοῦς
429 936 609 985 εἰςποιητῷ.
640 938 771 975 Neutra
791 937 915 974 harum
935 937 1002 974 soli
1016 937 1191 973 Antonino
1213 940 1268 972 est
1289 937 1465 984 inscripta.
1504 937 1610 972 Porro
1633 948 1724 984 quae

170 994 359 1041 posteriore
375 996 451 1031 loco
469 999 638 1039 censetur,
663 1007 704 1032 ea
725 996 841 1044 prima
856 1006 901 1030 ex
917 994 1052 1030 duabus
1067 992 1193 1030 oblatis
1209 1004 1231 1028 a
1246 994 1378 1029 Iustino
1393 994 1500 1029 videri
1517 1005 1587 1029 non
1603 995 1722 1030 imme-

170 1051 235 1087 rito
256 1055 381 1099 potest.
411 1052 566 1088 Primum
590 1054 673 1100 quia
693 1054 861 1101 priorem,
885 1063 930 1088 ex
945 1051 1102 1095 Eusebii,
1123 1051 1326 1097 Hieronymi
1347 1054 1383 1086 et
1404 1050 1517 1086 Photii
1540 1052 1722 1087 autoritate

168 1108 344 1145 Antonino
367 1109 445 1154 Pio,
465 1110 692 1158 posteriorem
714 1113 794 1158 post
815 1110 890 1146 eius
912 1112 1060 1145 mertem
1090 1108 1229 1144 Aurelio
1253 1119 1293 1143 ac
1310 1109 1400 1143 Vero
1422 1107 1532 1155 Impp.
1554 1108 1722 1144 exhibuit.

167 1165 300 1204 Deinde
317 1167 482 1214 quoniam
497 1168 668 1204 Eusebius
685 1178 760 1215 cap.
773 1179 830 1204 xv.
845 1167 952 1203 verba
974 1166 1143 1213 quaedam
1165 1177 1210 1202 ex
1232 1166 1421 1213 posteriore
1436 1166 1609 1213 Apologia
1629 1177 1722 1201 com-

168 1226 356 1267 memorat,
373 1225 500 1272 quibus
515 1228 663 1261 mortem
679 1225 745 1261 sibi
761 1236 782 1260 a
797 1223 981 1262 Crescente
997 1224 1119 1270 cynico
1135 1223 1333 1271 impendere
1348 1223 1454 1266 dixit,
1477 1234 1566 1270 quae
1582 1223 1722 1270 quidem

168 1281 205 1316 in
226 1291 268 1316 ea
289 1281 465 1328 leguntur,
486 1293 574 1329 quae
595 1281 697 1318 hodie
719 1282 830 1330 primo
853 1282 929 1318 loco
953 1281 1103 1328 ponitur.
1134 1281 1317 1316 Praeterea
1335 1291 1424 1327 quae
1447 1280 1601 1316 secunda
1616 1282 1721 1327 vulgo

169 1338 379 1392 nominatur,
401 1339 542 1375 ineunte
563 1339 731 1376 Antonini
752 1334 896 1386 imperio
920 1339 1050 1386 scripta
1070 1338 1222 1382 videtur,
1250 1349 1291 1373 ac
1313 1337 1460 1373 subinde
1481 1341 1562 1385 post
1581 1338 1723 1374 Adriani

169 1399 326 1433 mortem.
358 1395 492 1444 Quippe
507 1397 649 1432 Antinoi
663 1397 758 1433 velut
771 1407 890 1432 recens
906 1397 1099 1432 consecrati
1113 1396 1151 1432 in
1165 1396 1227 1431 illa
1241 1395 1414 1438 meminit,
1437 1398 1497 1430 τοῦ
1518 1398 1573 1430 νῦν
1589 1408 1723 1442 γεγενη-

168 1453 276 1500 μένου.
318 1453 407 1489 Item
421 1454 552 1490 Iudaici
566 1454 665 1498 belli,
687 1453 779 1501 quod
801 1454 941 1502 perinde
957 1456 1012 1489 νῦν
1028 1453 1241 1500 γεγενημένον
1265 1454 1433 1500 appellat3
1454 1454 1553 1489 cuius
1578 1454 1661 1490 belli
1681 1465 1722 1490 ac

168 1510 369 1546 defectionis
393 1514 494 1546 autor
513 1511 580 1547 fuit
595 1510 870 1548 Barchochebas.
900 1511 954 1548 Ad
969 1510 1055 1547 haec
1070 1511 1249 1559 inscriptio
1265 1511 1359 1558 ipsa,
1383 1521 1490 1558 quam
1512 1512 1617 1558 paulo
1640 1515 1721 1547 ante

167 1568 391 1615 protulimus,
406 1568 557 1615 idipsum
573 1568 716 1604 suadere
732 1572 856 1616 potest.
889 1568 979 1605 Nam
994 1569 1190 1612 Aurelium,
1205 1568 1545 1615 quemVerissimum
1560 1570 1722 1615 appellat,

166 1625 322 1661 nondum
338 1625 522 1661 Caesarem
535 1632 648 1663 vocat.
679 1625 768 1662 Cum
784 1630 900 1662 tamen
911 1626 1011 1662 Lucii
1018 1626 1099 1662 Veri
1110 1630 1254 1673 patrem,
1271 1626 1332 1673 qui
1347 1626 1392 1661 ab
1405 1625 1556 1661 Adriano
1569 1626 1721 1672 primum

167 1681 351 1729 adoptatus
366 1682 496 1726 fuerat,
512 1694 553 1719 eo
569 1684 710 1719 nomine
725 1684 904 1731 insigniat.
935 1684 1042 1731 Atqui
1056 1687 1136 1731 post
1147 1683 1289 1719 Adriani
1304 1686 1451 1719 mortem
1462 1683 1624 1719 Aurelius
1637 1683 1722 1720 Cae-

167 1739 254 1775 saris
270 1751 399 1776 nomen
415 1740 574 1776 obtinuit.
605 1739 774 1784 Quocirca
789 1742 908 1777 statim
923 1744 1004 1788 post
1019 1741 1162 1777 Adriani
1177 1751 1298 1776 necem
1313 1740 1418 1787 paulo
1435 1743 1620 1787 antequam
1637 1741 1721 1776 Cae-

167 1807 226 1832 sar
240 1797 470 1844 appellaretur
484 1797 663 1841 Aurelius,
683 1798 834 1845 priorem
850 1798 1058 1846 Apologiam
1073 1799 1179 1846 (quae
1201 1808 1382 1845 perperam
1398 1798 1552 1833 secundo
1567 1799 1644 1834 loco
1659 1810 1722 1845 po-

166 1854 274 1901 nitur)
297 1853 459 1891 habuisse
481 1855 625 1891 videtur.
672 1856 827 1902 Apparet
847 1856 989 1902 iusuper
1014 1856 1190 1892 Verissimi
1209 1866 1338 1891 nomen
1358 1855 1464 1890 etiam
1486 1859 1567 1902 post
1586 1856 1721 1892 virilem

165 1914 287 1958 togam
301 1922 408 1959 penes
424 1912 582 1948 Marcum
598 1912 776 1948 Aurelium
791 1913 977 1956 resedisse3
994 1914 1134 1949 tametsi
1149 1913 1364 1960 Capitolinus
1381 1915 1569 1959 antequam
1585 1913 1720 1949 vin'lem

166 1972 286 2016 togam
308 1972 477 2012 sumeret,
493 1969 737 2016 Verissimum,
760 1982 802 2006 ea
821 1975 1006 2018 usurpata,
1027 1970 1316 2006 AnniumVerum
1329 1970 1489 2016 deinceps
1501 1970 1722 2007 nominatum

166 2036 242 2062 esse
258 2026 443 2074 scripserit.
485 2026 623 2062 Virilem
642 2035 750 2062 autem
767 2034 878 2074 toqam
894 2031 1036 2075 sumpsit
1049 2029 1290 2075 quintodecimo
1306 2031 1431 2063 aetatis
1448 2040 1554 2069 anno,
1574 2031 1614 2063 ut
1627 2028 1721 2063 idem

165 2085 321 2119 testatur.
345 2082 444 2126 Quod
459 2084 644 2131 superstite
656 2084 768 2121 adhuc
781 2085 932 2121 Adriano
945 2085 1087 2122 factum.
1113 2085 1292 2132 Siquidem
1308 2089 1467 2121 mortuus
1483 2088 1536 2120 est
1547 2084 1721 2120 Adrianus

165 2140 348 2177 Camerino
370 2145 406 2176 et
430 2140 539 2188 Nigro
563 2140 660 2179 Coss.
669 2154 715 2178 vr.
731 2142 806 2179 Eid.
821 2142 902 2186 Iul.‚
924 2154 1015 2178 anno
1031 2142 1134 2179 Urbis
1150 2153 1332 2179 rocccxcr.
1362 2143 1502 2178 Marcus
1519 2154 1599 2178 vero
1616 2148 1720 2178 natus

166 2201 220 2234 est
233 2198 324 2235 Vero
347 2201 382 2234 et
401 2198 544 2246 Augure
565 2197 682 2242 Coss„
705 2210 796 2235 anno
814 2210 1041 2236 rocccnxxiv.
1087 2201 1198 2246 Igitur
1219 2211 1350 2236 annum
1371 2200 1500 2246 agebat
1518 2212 1617 2236 xvur.
1640 2211 1721 2235 cum

164 2254 336 2291 Adrianus
351 2256 512 2291 excessit.
545 2255 640 2298 Quae
657 2256 699 2292 de
714 2257 904 2304 Apologiae
928 2258 1108 2305 utriusque
1128 2262 1284 2304 tempore
1299 2261 1404 2304 atque
1420 2257 1539 2292 ordine
1556 2257 1720 2299 diximus,

166 2312 272 2348 dubia
293 2324 365 2349 non
387 2316 502 2356 erant,
525 2313 594 2348 nisi
615 2313 786 2360 quaedam
808 2325 855 2350 ex
868 2314 1020 2350 Eusebio
1044 2318 1079 2350 et
1094 2315 1172 2350 aliis
1188 2315 1450 2356 intervenirent,
1475 2325 1565 2360 quae
1586 2314 1720 2360 negotii

165 2370 384 2416 aliquantum
401 2370 566 2406 facerent.
597 2370 647 2406 Ac
667 2371 819 2418 primum
839 2371 1010 2408 Eusebius
1033 2383 1108 2419 cap.
1124 2384 1214 2416 xvi„
1237 2372 1312 2407 sive
1329 2370 1381 2414 ιζ’,
1403 2370 1618 2406 Christianae
1640 2382 1719 2406 mu-

164 2427 258 2463 lieris
273 2425 454 2463 historiam
471 2427 646 2474 quandam
661 2438 707 2463 ex
721 2428 836 2474 priore
851 2427 976 2464 Iustini
990 2429 1164 2476 Apologia
1178 2432 1351 2472 recenset,
1374 2439 1462 2474 quae
1478 2428 1515 2462 in
1531 2428 1644 2474 prima
1659 2427 1720 2463 ho-

166 2484 285 2519 dierna
300 2484 503 2522 continetur.
526 2484 659 2520 Deinde
674 2484 766 2520 idem
782 2485 857 2531 ipse
873 2485 1024 2521 Iustinus
1037 2487 1138 2533 Apol.
1154 2498 1190 2521 11.
1207 2497 1317 2521 annos
1331 2495 1393 2528 cn,
1410 2485 1454 2520 ab
1472 2496 1512 2520 eo
1529 2496 1633 2529 anno,
1649 2497 1718 2532 quo

165 2541 401 2578 defensionem
413 2542 517 2577 istam
529 2542 712 2584 scribebat,
730 2541 905 2577 Christum
917 2553 992 2578 esse
1004 2547 1127 2578 natum
1138 2546 1316 2579 memorat.
1341 2542 1429 2578 Cum
1445 2553 1528 2588 ergo
1543 2553 1714 2578 cxxxvm.

166 2597 294 2634 Christi
309 2609 399 2634 anno
408 2598 604 2634 Antoninus
615 2599 698 2634 Pius
711 2599 836 2642 inierit,
852 2609 940 2636 coss.
951 2599 1131 2635 Camerino
1145 2611 1185 2635 ac
1197 2599 1317 2646 Nigro,
1333 2611 1550 2646 consequens
1563 2604 1616 2635 est
1627 2611 1718 2636 anno

164 2655 332 2691 Antonini
343 2667 420 2695 xm.
442 2655 531 2692 hanc
550 2667 639 2703 quae
658 2655 810 2691 secunda
824 2660 1035 2700 numeratur,
1051 2667 1210 2703 quaeque
1227 2667 1248 2691 a
1262 2657 1363 2691 nobis
1379 2657 1472 2703 prior
1487 2658 1719 2700 constituitur,

163 2712 374 2759 Apologiam
396 2724 473 2749 esse
497 2714 672 2761 scriptam.
702 2713 885 2748 Praeterea
898 2713 1085 2748 Marcionis
1100 2713 1265 2748 haeretici
1280 2713 1417 2749 duobus
1439 2714 1476 2750 in
1497 2715 1582 2750 Iocis
1598 2716 1718 2750 memi-

165 2769 228 2804 nit.
269 2769 369 2805 Hunc
386 2774 502 2806 autem
518 2771 583 2806 sub
599 2771 775 2806 Antonino
790 2770 851 2805 Pio
867 2773 948 2817 post
970 2781 1081 2805 annos
1098 2771 1142 2805 ab
1159 2770 1256 2806 obitu
1273 2769 1399 2806 Christi
1415 2781 1498 2807 cxvi
1522 2771 1594 2807 fere
1610 2783 1718 2807 emer-

167 2826 255 2861 sisse
271 2826 502 2863 Tertullianus
517 2827 701 2863 confirmat
715 2827 775 2862 lib.
789 2839 812 2862 1.
829 2830 950 2862 contra
971 2827 1079 2864 Marc.
1097 2838 1126 2862 ο.
1142 2839 1215 2864 xix.
1245 2826 1324 2863 Non
1344 2829 1458 2875 potuit
1478 2828 1586 2875 igitur
1607 2830 1717 2876 primo

166 2883 334 2918 Antonini
347 2883 509 2931 Imperat.
526 2896 618 2920 anno
635 2884 789 2920 defensio
805 2885 865 2919 illa
881 2884 924 2919 ab
939 2883 1072 2919 Iustino
1089 2895 1165 2920 esse
1181 2885 1318 2931 scripta.
1349 2884 1418 2920 Sed
1441 2888 1480 2920 ut
1503 2897 1547 2920 ex
1563 2886 1606 2921 iis
1623 2886 1717 2922 tricis

166 2944 342 2986 utcunque
357 2951 396 2976 se
406 2941 533 2977 veritas
546 2942 713 2988 explicet,
729 2940 816 2976 mihi
827 2941 1014 2976 admodum
1025 2942 1204 2988 probabile
1215 2942 1360 2986 videtur,
1376 2943 1444 2978 nisi
1455 2943 1572 2989 plures
1586 2943 1718 2979 duabus

168 3008 230 3044 pro
247 2996 450 3033 Christianis
464 2998 654 3046 Apologias
669 2998 822 3033 Iustinus
839 2997 999 3041 ediderit,
1022 2999 1163 3034 omnino
1182 2999 1330 3046 primam
1346 3010 1421 3035 esse
1437 3011 1527 3047 quae
1542 3001 1649 3047 vulgo
1665 3012 1718 3035 se-

169 3053 280 3090 cunda
294 3058 512 3103 numeratur3
534 3055 689 3103 adeoque
704 3056 770 3092 sub
785 3055 924 3091 initium
938 3055 1107 3092 Antonini
1119 3056 1280 3104 Imperat.
1296 3057 1462 3105 scriptam
1475 3057 1603 3101 fuisse;
1625 3057 1718 3104 quod

1772 2570 1780 2579 .
1796 2553 1838 2580 83.
