2008 3294
176 933 204 958 p.
219 926 274 952 17⁵.

314 236 416 272 CLVI

312 340 455 375 modum
477 339 699 384 deflexerint,
722 344 763 376 ut
785 342 888 389 paulo
910 345 992 390 post
1015 343 1154 390 copiose
1178 342 1417 388 declarabitur,
1441 345 1524 389 alia,
1552 345 1582 381 si
1609 346 1782 393 sapimus,
1810 346 1862 382 in-

312 397 465 432 sistenda
478 397 536 432 via
551 401 623 441 est,
644 402 684 433 ut
707 398 891 434 autoritate
912 400 1027 446 magis
1049 401 1256 447 scriptorum
1273 403 1427 437 veterum
1442 412 1482 438 ac
1500 413 1668 438 consensu
1686 414 1791 450 quam
1806 414 1863 438 ac-

314 458 434 489 curata
449 454 650 490 coelestium
665 458 823 491 motuum
840 456 1069 504 descriptione
1083 457 1246 492 nitamur.

402 511 448 545 At
462 523 544 547 vero
566 511 635 546 fuit
654 512 716 549 illa
737 513 891 548 maxime
914 515 1110 551 communis
1133 515 1367 561 antiquiorum
1389 515 1522 562 opinio,
1547 516 1722 552 Christum
1737 516 1865 552 Tiberii

312 579 404 603 anno
420 581 536 612 xvnr.,
558 569 695 605 Iuliano
711 581 829 606 nxxvr.
851 582 995 618 passum
1018 583 1112 615 esse3
1135 571 1228 618 quod
1250 571 1463 619 Epiphanius
1484 574 1668 620 amplexus
1689 578 1762 617 est,
1783 585 1864 610 cnm

311 636 443 660 annum
462 626 561 661 illum
582 626 780 673 designavit
801 639 869 674 quo
885 629 1043 664 Tiberius
1060 641 1106 665 vr.
1133 631 1168 663 et
1183 628 1332 664 Seianus
1349 640 1438 667 coss,
1457 629 1615 674 fuerunt,
1639 631 1736 676 cyclo
1759 630 1865 667 lunae

310 695 404 726 xm.,
427 683 510 718 solis
528 695 607 727 x11.;
629 684 695 719 etsi
708 683 882 720 Vinicium
897 689 933 720 et
947 685 1147 732 Longinum
1162 697 1344 733 perperam
1360 687 1548 731 adscribat,
1571 688 1663 735 quod
1677 699 1740 735 par
1755 699 1866 724 unum

311 751 400 776 coss.
416 741 453 775 in
469 740 537 776 duo
554 741 766 779 distraxerit.
809 742 874 778 Est
888 747 1004 778 autem
1020 744 1050 778 is
1068 754 1180 778 annus
1197 743 1334 791 Olymp.
1348 754 1432 781 ocu.
1444 744 1614 780 secundus
1629 745 1770 789 exiens,
1790 757 1863 793 per.

309 797 464 832 Iulianae
479 797 579 834 4744.
626 798 829 835 Cuiusmodi
847 811 1019 836 annorum
1033 812 1165 835 nexum
1180 801 1411 837 certissimum
1428 813 1503 837 esse
1519 802 1693 842 rationum
1707 803 1866 838 omnium

310 857 488 890 momenta
509 855 730 902 persuadent.
777 857 877 899 Quod
899 861 1016 892 autem
1040 858 1169 892 Tiberii
1188 870 1274 894 xvir.
1299 862 1465 901 exeunte,
1490 858 1623 894 Iuliano
1640 871 1776 903 nxxvn,
1799 859 1866 896 hoc

311 916 364 947 est
380 913 477 958 cyclo
493 925 570 949 xm.
586 923 712 960 passus
728 914 791 956 sit,
812 914 1087 950 demonstratum
1103 918 1156 950 est
1171 926 1192 949 a
1206 915 1392 962 plerisque.
1437 915 1525 960 Nos,
1549 917 1714 963 quoniam
1735 917 1785 952 ita
1805 929 1865 953 ne-

312 981 406 1004 cesse
423 972 492 1013 est,
509 981 647 1006 summa
661 971 907 1017 probationum
923 972 1037 1018 capita
1051 972 1249 1007 libabimus.
1756 968 1762 976 ’

402 1026 565 1063 Omnium
579 1028 690 1075 primo
707 1031 807 1063 vetus
822 1028 881 1063 illa
896 1029 1035 1064 traditio
1052 1033 1122 1072 est,
1147 1040 1253 1076 quam
1272 1030 1310 1064 in
1327 1029 1544 1066 Caesariensi
1559 1031 1705 1068 concilio
1728 1034 1865 1067 secutos

311 1095 387 1119 esse
398 1089 514 1131 patres
525 1085 763 1131 fragmentum
774 1086 860 1120 illud
878 1086 1023 1129 indicat,
1040 1086 1131 1132 quod
1144 1086 1239 1121 Beda
1251 1086 1448 1133 descripsit,
1463 1087 1525 1123 ubi
1537 1087 1692 1124 Christus
1709 1099 1751 1123 ea
1764 1091 1866 1124 nocte

310 1141 456 1177 traditus
473 1141 597 1177 dicitur
614 1153 702 1188 quae
723 1142 879 1188 sequitur
901 1155 950 1179 x1.
967 1143 1042 1178 Kal.
1058 1144 1156 1190 Apr.,
1179 1155 1306 1190 passus
1322 1155 1402 1179 vero
1424 1157 1458 1181 x.
1475 1144 1550 1181 Kal.
1566 1145 1647 1192 Apr.
1671 1148 1775 1192 atque
1791 1157 1867 1182 vm.

310 1199 387 1234 Kal.
403 1199 646 1234 resurrexisse.
674 1199 784 1245 Igitur
798 1200 934 1235 literam
950 1199 1143 1236 dominicae
1159 1201 1268 1236 fuisse
1287 1200 1317 1236 G
1332 1212 1475 1237 necesse
1491 1205 1559 1245 est,
1576 1203 1674 1248 cyclo
1690 1202 1774 1238 solis
1789 1215 1866 1246 xm,

312 1267 414 1302 quem
438 1267 550 1291 annus
573 1256 728 1291 Iulianus
745 1269 863 1292 nxxvx.
887 1257 1039 1294 exhibet.
1085 1258 1154 1294 Sed
1175 1258 1267 1304 quod
1288 1257 1454 1294 Dekerius
1478 1262 1598 1294 noster
1615 1258 1705 1295 hanc
1728 1262 1866 1306 patrum

310 1314 510 1361 opinionem
521 1315 611 1348 aedis
630 1315 840 1360 apostolicae
853 1316 1119 1350 declarationem
1138 1327 1181 1350 ac
1194 1316 1284 1349 velut
1294 1317 1458 1351 ecclesiae
1472 1317 1690 1359 definitionem
1704 1317 1865 1364 appellat,

308 1370 416 1406 nihilo
432 1371 466 1406 id
481 1371 597 1406 verius
613 1374 668 1406 est
682 1381 788 1417 quam
805 1371 897 1418 quod
913 1371 1034 1407 eadem
1055 1372 1092 1407 in
1115 1372 1248 1418 synodo
1269 1373 1399 1408 dictum
1421 1379 1488 1417 est,
1510 1373 1768 1420 aequinoctium
1783 1385 1865 1410 xxv.

308 1429 426 1464 Martii
441 1428 628 1472 committi,
648 1438 740 1463 anno
757 1427 885 1463 Christi
901 1439 1063 1472 cxcvrn„
1081 1433 1131 1472 et,
1147 1429 1240 1476 quod
1254 1430 1360 1476 longe
1375 1430 1557 1466 absurdius
1573 1434 1643 1474 est,
1666 1431 1789 1466 eodem
1802 1431 1864 1467 illo

310 1487 364 1522 die
379 1486 478 1521 initio
495 1485 625 1520 conditi
638 1486 731 1521 orbis
742 1485 910 1523 haesisse.
934 1485 1064 1522 Notum
1080 1487 1173 1522 enim
1189 1490 1243 1522 est
1257 1487 1409 1523 rationes
1424 1488 1536 1535 ipsas,
1553 1498 1642 1534 quae
1657 1489 1694 1524 in
1710 1488 1865 1524 conciliis

309 1544 509 1585 afferuntur,
526 1554 639 1589 neque
655 1554 754 1578 veras
771 1554 848 1578 esse
864 1547 1048 1590 perpetuo,
1070 1555 1182 1590 neque
1204 1544 1292 1579 inter
1314 1544 1395 1580 fidei
1417 1545 1554 1580 decreta
1568 1546 1710 1582 censeri.
1753 1545 1866 1582 Habet

308 1606 426 1637 tamen
443 1601 611 1636 autoritas
626 1600 687 1636 illa
703 1612 924 1636 communem
941 1601 982 1636 de
994 1601 1166 1648 passionis
1181 1602 1510 1651 resurrectionisque
1523 1602 1577 1638 die
1589 1602 1694 1638 fidem
1703 1603 1865 1643 vetustis·

309 1660 477 1694 simorum
492 1661 705 1704 temporum;
730 1657 773 1693 ad
796 1669 902 1704 quam
925 1660 960 1693 et
974 1658 1034 1694 illa
1055 1658 1276 1704 adiungenda
1296 1659 1495 1694 testimonia
1509 1663 1592 1695 sunt
1607 1659 1732 1706 quibus
1747 1660 1864 1707 passio
1892 1675 1897 1679 ·

309 1717 440 1752 domini
457 1727 488 1751 a.
505 1715 537 1750 d.
554 1727 588 1752 x.
605 1715 682 1752 Kal.
699 1715 781 1762 Apr.
792 1742 801 1758 ,
816 1715 882 1750 hoc
900 1719 954 1750 est
968 1727 1069 1751 xxm.
1086 1715 1220 1759 Martii,
1235 1717 1440 1752 resurrectio
1456 1727 1536 1752 vero
1553 1716 1589 1752 in
1606 1729 1680 1752 vm.
1691 1717 1768 1752 Kal.
1784 1728 1866 1753 con·

308 1774 439 1817 iicitur;
455 1784 563 1820 quam
580 1772 721 1808 Graecis
737 1772 858 1808 tribuit
872 1772 1000 1808 Paulus
1016 1773 1280 1820 Forosempron.
1291 1800 1300 1817 ‚
1317 1777 1352 1809 et
1365 1773 1566 1810 Lactantius
1581 1777 1722 1811 secutus
1737 1778 1792 1810 est
1805 1774 1865 1811 lib.

308 1844 373 1874 ιι,
397 1842 473 1878 cap.
490 1843 524 1868 x.
572 1830 639 1866 Ubi
660 1830 787 1866 asserit
809 1841 900 1866 anno
917 1842 974 1867 xv.
991 1830 1137 1873 Tiberii,
1163 1829 1320 1867 Geminis
1342 1830 1476 1867 duobus
1497 1842 1605 1875 coss„
1628 1834 1709 1867 aute
1725 1831 1816 1868 diem
1830 1844 1865 1868 x.

308 1889 385 1924 Kal.
398 1890 480 1935 Apr.
497 1887 672 1924 Christum
688 1888 783 1923 cruci
797 1887 957 1923 affixum.
989 1887 1058 1924 Sed
1073 1899 1136 1935 pro
1153 1900 1186 1924 x.
1198 1888 1275 1927 Kal.
1294 1888 1436 1935 quidam
1452 1889 1586 1925 codices
1602 1900 1663 1925 vn.
1678 1888 1818 1926 habent.

398 1945 528 1981 Paulus
543 1957 626 1981 vero
642 1945 907 1991 Forosempron.
924 1948 1005 1980 ante
1021 1944 1113 1980 diem
1129 1945 1298 1982 decimam
1313 1945 1546 1982 Kalendarum
1562 1945 1751 1982 idemresse
1766 1948 1867 1993 putat

311 2002 402 2050 quod
419 2015 467 2040 xr.
482 2002 570 2047 Kal„
586 2006 621 2038 et
634 2002 733 2038 Pauli
747 2002 935 2038 Iuriscons.
951 2002 1066 2038 verbis
1083 2003 1201 2046 utitur,
1218 2003 1279 2050 qui
1293 2003 1358 2039 ait:
1377 2004 1466 2039 Ante
1482 2005 1570 2039 diem
1582 2015 1616 2039 x.
1624 2003 1864 2039 Kalendarum

310 2067 343 2095 ee
354 2066 432 2107 pose
446 2061 532 2095 diem
555 2072 589 2096 x.
606 2060 689 2095 Kal.
706 2071 810 2106 aeque
826 2065 963 2105 utroque
978 2071 1127 2095 sermone
1147 2072 1194 2096 xr.
1211 2062 1284 2095 dice
1299 2062 1502 2106 st'qm'fiears‘.
1550 2060 1678 2096 Verum
1699 2059 1867 2096 mendosa

309 2118 411 2154 lectio
427 2117 573 2154 Paulum
587 2116 975 2163 Forosemproniensem
990 2116 1027 2152 in
1043 2127 1194 2153 errorem
1210 2117 1358 2153 induxit.
1388 2116 1478 2153 Nam
1497 2117 1558 2154 lib.
1577 2127 1710 2155 cxxxn.
1729 2118 1761 2162 ξ.
1776 2116 1805 2153 1.
1822 2116 1864 2154 de

309 2175 411 2212 Verb.
426 2174 554 2221 Signis.
568 2173 838 2211 Iurisconsultus
853 2174 903 2209 ita
917 2174 1134 2220 pronunciat.
1158 2175 1205 2211 A.
1217 2175 1250 2210 d.
1262 2186 1296 2210 x.
1310 2174 1394 2210 Kal.
1405 2180 1485 2221 poet
1499 2175 1585 2210 diem
1601 2186 1634 2210 x.
1647 2174 1685 2208 K
1685 2170 1730 2210 al.
1749 2180 1864 2211 neutro

309 2245 458 2268 sermone
475 2244 524 2268 xr.
536 2233 609 2267 dies
623 2233 871 2278 significantur.
917 2229 1017 2267 Certe
1041 2241 1073 2267 a.
1090 2230 1123 2267 d.
1147 2242 1180 2267 x.
1196 2230 1273 2267 Kal.
1294 2231 1387 2267 idem
1403 2231 1563 2278 estquod
1578 2244 1612 2267 x.
1627 2231 1721 2275 Kal„
1745 2243 1864 2279 quem-

310 2290 498 2327 admodum
520 2293 601 2326 ante
622 2288 701 2326 Kal.
725 2288 904 2336 proximas
925 2288 1016 2324 idem
1037 2293 1092 2324 est
1111 2287 1204 2335 quod
1223 2288 1300 2324 Kal.
1322 2289 1490 2336 proximis
1509 2289 1569 2324 lib.
1588 2288 1644 2324 56.
1668 2291 1698 2334 §-
1723 2289 1792 2331 Qus·
1811 2292 1864 2326 ita

309 2348 503 2395 stipulatur.
527 2346 568 2382 D.
585 2346 627 2382 de
643 2346 744 2382 Verb.
758 2345 835 2382 obl.
858 2344 1072 2382 Subeuditur
1087 2346 1179 2382 enim
1195 2345 1342 2393 aliquid,
1359 2349 1397 2382 nt
1412 2345 1458 2381 sit
1472 2346 1606 2392 integra
1622 2346 1768 2383 locutio:
1786 2354 1865 2383 ante

312 2407 399 2440 diem
417 2405 615 2440 absolutum.
638 2403 726 2440 Hinc
742 2407 796 2439 est
811 2402 904 2450 quod
917 2402 1118 2439 Gallicanae
1134 2403 1299 2439 ecclesiae
1315 2403 1572 2439 resurrectionis
1588 2403 1716 2440 festum
1730 2404 1766 2440 in
1782 2416 1863 2442 xxv.

309 2462 428 2499 Martii
444 2461 643 2503 defixerint,
668 2465 707 2497 nt
729 2465 839 2508 autes
853 2464 908 2496 est
929 2459 1040 2504 Beda3
1065 2461 1125 2507 qui
1140 2465 1176 2496 et
1197 2461 1271 2507 ipse
1295 2460 1354 2496 lib.
1371 2459 1413 2496 de
1428 2460 1548 2507 Temp.
1564 2460 1640 2497 Rat.
1665 2472 1738 2508 cap.
1755 2473 1863 2499 uvir.

311 2520 443 2556 decimo
458 2518 535 2556 Kal.
553 2529 696 2566 passum
713 2518 894 2554 existimat
909 2517 1100 2561 Ghristum;
1122 2518 1188 2554 etsi
1203 2528 1278 2565 cap.
1291 2529 1400 2554 amr.
1420 2516 1455 2553 id
1476 2529 1551 2554 vm.
1567 2518 1643 2554 Kal.
1663 2518 1794 2555 fectum
1808 2529 1863 2555 ss-

311 2581 456 2614 severet.
503 2576 607 2612 Plura
622 2575 714 2623 apud
730 2574 917 2612 Dekerium
933 2575 1040 2612 videri
1055 2580 1211 2623 possunt.
1259 2573 1392 2618 Quibus
1408 2574 1615 2611 testimoniis
1631 2575 1789 2620 efficitur,
1807 2576 1863 2612 Iu-

311 2636 403 2671 liano
420 2646 540 2671 axxvr.
564 2644 710 2681 passum
731 2643 807 2669 esse
832 2633 1029 2676 dominum,
1051 2633 1167 2668 Martii
1184 2644 1285 2669 xxm.
1329 2632 1442 2678 Atque
1457 2630 1542 2667 haec
1558 2632 1696 2679 insuper
1710 2632 1863 2670 Africani

313 2691 540 2728 vetustissimi
556 2690 710 2738 theologi
725 2690 898 2726 sententia
912 2690 995 2733 ruit,
1019 2690 1078 2736 qui
1099 2700 1243 2737 passum
1258 2689 1368 2726 voluit
1383 2686 1556 2725 Christum
1579 2700 1669 2726 anno
1686 2702 1708 2726 ι.
1725 2689 1862 2738 Olymp.

313 2760 413 2791 ceu..
431 2753 470 2785 nt
484 2748 589 2784 refert
600 2748 781 2784 Eusebius.
806 2746 870 2783 Cui
887 2751 922 2783 et
937 2747 1055 2783 Patres
1071 2747 1120 2783 illi
1135 2745 1318 2793 suffragati
1333 2748 1431 2790 sunt,
1448 2746 1507 2792 qui
1524 2758 1620 2782 xvm.
1630 2747 1756 2783 Tiberii
1771 2758 1861 2784 anno

313 2806 500 2850 contigisse
517 2809 667 2841 narrant.
715 2804 805 2841 Nam
820 2804 948 2840 Tiberii
970 2814 1080 2839 annos
1103 2803 1240 2840 Iudaico
1258 2803 1312 2839 vel
1335 2802 1567 2839 ecclesiastico
1592 2815 1686 2840 more
1707 2805 1751 2841 ab
1767 2808 1862 2842 ante-

312 2862 453 2898 cedente
470 2862 578 2898 Nisan
595 2866 788 2898 numerant.
835 2861 939 2908 Atqui
961 2871 1053 2897 anno
1076 2861 1208 2897 Iuliano
1225 2872 1342 2897 nxxvr.
1362 2859 1540 2896 desinente
1561 2860 1692 2898 decimo
1715 2862 1860 2909 septimo

312 2919 439 2955 Tiberii
457 2931 555 2957 xvm.
573 2919 660 2956 iniit.
697 2918 789 2961 Quin
812 2918 918 2955 etiam
934 2918 1145 2966 Apollinaris
1160 2917 1374 2954 Laodicena·
1395 2916 1487 2964 apud
1503 2917 1751 2964 Hieronymum
1769 2929 1861 2955 eom-

312 2980 419 3013 ment.
437 2976 480 3011 ad
496 2988 570 3023 cap.
585 2988 633 3013 rx.
651 2976 738 3013 Dan.
757 2987 835 3012 cum
858 2979 936 3023 post
956 2987 1088 3012 aunum
1111 2974 1283 3022 passionis
1305 2974 1496 3011 dominicae
1518 2987 1581 3010 sex
1603 2975 1730 3012 Tiberii
1751 2986 1860 3013 annos

313 3037 509 3075 enumerat,
532 3034 672 3069 omnine
695 3044 836 3080 passum
853 3033 1036 3069 arbitratur
1052 3036 1200 3069 exeunte
1218 3043 1301 3069 xvu.
1332 3031 1508 3067 Accedunt
1523 3036 1557 3067 et
1573 3036 1743 3069 certorum
1759 3033 1861 3069 inter-

314 3091 405 3127 valia
417 3095 609 3138 temporum
620 3116 628 3134 ,
646 3101 734 3138 quse
746 3100 767 3126 a
779 3090 940 3138 passione
954 3094 1206 3137 computantur.
1231 3088 1275 3125 Ut
1286 3099 1366 3125 cum
1379 3088 1523 3125 lacobus
1537 3090 1647 3126 minor
1661 3101 1741 3127 xxx.
1750 3100 1859 3127 anuos
