2008 3294
1492 183 1679 220 CXXXIX

130 297 288 333 videlicet
303 295 337 334 5.
357 295 410 333 15.
428 294 522 338 158..
543 293 766 341 deprehendit
785 292 894 328 Nisau
914 291 998 327 anni
1017 290 1175 326 hodierni
1196 289 1351 337 computi
1367 288 1486 331 4010..
1506 286 1678 333 nempe·6.

133 355 185 392 10.
203 353 299 397 620„
321 353 363 389 de
384 363 452 400 quo
475 352 505 387 si
528 351 715 387 deducatur
735 350 913 386 character
927 360 978 384 vrr
993 348 1184 391 mensium,
1205 346 1399 383 remanebit
1413 345 1504 382 Tiari
1523 344 1679 381 eiusdem

130 411 212 446 anni
227 410 258 446 2.
278 410 332 447 17.
348 409 428 445 469.
457 408 555 455 Cycli
572 418 657 444 ccxr
672 408 743 443 iam
759 407 868 455 elapsi
882 409 995 448 erant,
1019 417 1168 452 quorum
1183 404 1361 440 character
1376 403 1410 439 7.
1428 403 1479 439 12.
1495 401 1573 439 265.
1588 401 1632 437 de
1647 401 1679 437 2.

133 468 185 504 17.
202 467 280 503 469.
297 466 462 503 deductus
479 466 643 512 relinquit
657 466 808 512 primum
822 464 914 500 Tisri
927 462 960 500 2.
977 462 1011 499 5.
1029 462 1106 498 204.

218 524 396 560 Postremo
411 523 453 560 B..
466 523 570 558 Hillel
584 523 747 570 princeps
763 532 855 558 anno
871 519 998 557 Christi
1009 519 1100 562 344.,
1115 519 1217 554 annis
1229 529 1318 555 xcm
1333 519 1379 554 ab
1395 518 1492 554 obitu
1507 517 1680 553 Samuelis

129 585 311 629 utramque
325 581 513 616 factionem
529 580 712 616 conciliare
728 579 870 615 studens
879 604 888 622 ‚
902 581 944 614 nt
956 580 1108 613 veterem
1121 577 1230 612 Mosis
1245 575 1429 623 epocham,
1446 586 1535 622 quae
1551 579 1604 611 est
1619 587 1679 612 vn.

129 639 280 682 Octobr„
296 642 331 674 et
344 648 474 674 novam
485 637 666 684 Sosigenis
675 663 684 680 ‚
701 646 790 684 quae
802 639 856 672 est
869 634 1079 681 xxrv.Sept.,
1095 634 1389 680 complecteretur,
1405 637 1491 680 quot
1501 633 1585 669 anni
1599 643 1680 668 con-

129 699 259 743 gruunt
274 696 396 731 diebus
411 707 479 732 xur
494 695 710 742 προηγήσεως
727 693 932 739 σεληνιακῆς,
955 692 1016 739 qni
1035 692 1126 727 inter
1142 703 1237 727 xxrv.
1250 691 1346 737 Sept.
1363 695 1398 726 et
1413 703 1472 727 vu.
1487 690 1561 726 Oct.
1577 691 1680 726 inter-

126 754 207 790 iecti
229 755 326 797 sunt,
349 755 403 788 tot
425 763 536 788 annos
559 753 604 787 ab
627 751 725 787 initio
749 750 903 798 computi
924 749 980 785 sui
1002 749 1046 784 ad
1067 748 1153 784 illud
1167 752 1305 795 tempus
1322 748 1533 791 numeravit,
1555 759 1681 794 nempe

127 810 227 848 4104.
238 837 248 854 ,
263 813 304 846 ut
317 809 355 846 in
370 810 430 846 lib.
444 822 482 846 ιι.
500 809 541 845 de
557 809 700 846 Emend.
715 808 828 844 fusius
843 807 1040 855 exponitur,
1056 806 1117 842 ubi
1132 806 1182 842 ita
1197 805 1371 853 proditum
1387 809 1456 840 est:
1483 805 1680 841 Institutam

127 868 218 904 c'irca
239 878 372 903 annum
386 867 464 903 344.
486 866 667 914 periodum
689 877 861 902 annorum
875 864 975 901 6916.
1000 863 1112 899 ductis
1135 862 1175 898 13
1198 863 1235 898 in
1256 863 1373 909 cyclos
1395 862 1479 897 solis
1503 873 1544 897 ac
1566 863 1681 898 lunae.

127 925 234 961 Cuius
249 924 382 972 periodi
397 935 510 959 annus
525 923 626 959 4105.
642 923 708 959 init
722 934 814 959 anno
831 921 958 959 Christi
972 921 1062 964 344.,
1077 921 1177 967 cyclo
1192 919 1296 955 lunae
1311 919 1452 955 Iudaico
1468 932 1506 962 1.,
1522 920 1680 955 Romano

126 994 178 1018 ιιι.
188 1009 197 1025 ,
221 982 305 1018 solis
322 994 407 1018 xvir.
417 1008 426 1024 ,
451 992 519 1028 quo
545 981 684 1028 quidem
707 991 879 1016 annorum
902 979 1015 1027 spatio
1030 978 1211 1025 προήγησις
1226 977 1357 1013 lunaris
1372 977 1465 1012 facta
1480 981 1533 1012 est
1548 977 1681 1012 dierum

129 1039 170 1075 13
185 1038 260 1075 hor.
276 1038 304 1074 l.
313 1065 322 1082 ,
340 1049 428 1085 quae
441 1038 482 1074 de
493 1038 538 1074 37
551 1038 673 1074 diebus
683 1064 692 1081 ‚
709 1038 768 1084 qui
783 1048 805 1072 a
818 1035 962 1073 Kalend.
976 1035 1072 1083 Sept.
1084 1034 1279 1077 fluxerunt,
1295 1034 1466 1076 detracta,
1483 1035 1682 1081 relinquunt

126 1096 198 1132 dies
215 1096 269 1132 24.
315 1096 448 1132 Eodem
469 1106 562 1131 anuo
584 1094 761 1131 character
775 1094 867 1130 Tisri
887 1104 910 1129 a
927 1093 1070 1129 meridie
1090 1092 1144 1129 23.
1158 1092 1254 1140 Sept.
1270 1092 1418 1138 contigit
1432 1091 1505 1127 hor.
1523 1092 1574 1128 10.
1592 1092 1682 1135 204..

126 1154 198 1189 sive
214 1153 352 1189 Iudaice
368 1153 412 1188 ab
428 1153 528 1189 initio
544 1153 656 1189 noctis
673 1152 747 1189 hor.
760 1151 794 1188 4.
810 1151 904 1194 204„
919 1151 1006 1186 feria
1018 1150 1050 1186 2.
1080 1149 1218 1185 Primus
1234 1153 1350 1184 autem
1365 1150 1455 1195 cycli
1471 1160 1584 1185 annus
1601 1161 1681 1185 neo-

125 1211 278 1246 meniam
290 1210 381 1246 Tisri
395 1209 518 1246 habuit
533 1221 556 1246 a
570 1209 711 1245 meridie
724 1221 770 1245 vr.
783 1208 857 1245 Oct.
873 1207 947 1245 hor.
964 1208 1016 1244 11.
1035 1207 1124 1250 204„
1141 1208 1214 1243 sive
1229 1207 1367 1243 iudaice
1382 1206 1415 1243 5.
1432 1207 1520 1250 204„
1536 1207 1623 1242 feria
1636 1208 1681 1250 ⁴2„

125 1279 217 1303 anno
234 1267 367 1315 periodi
380 1267 445 1304 Iul.
461 1266 539 1304 953.
549 1293 558 1311 ,
582 1267 668 1302 adeo
684 1269 723 1302 ut
738 1266 915 1302 character
930 1265 1021 1301 Tisri
1036 1266 1084 1300 sit
1098 1265 1130 1302 2.
1146 1265 1180 1302 5.
1198 1264 1292 1307 204„
1310 1275 1399 1311 quae
1415 1264 1515 1300 radix
1531 1268 1586 1300 est
1601 1277 1681 1300 neo-

125 1325 320 1361 meniarum
333 1325 489 1361 omnium
500 1324 730 1368 Iudaicarum,
742 1323 910 1371 Tekupha
921 1334 1002 1359 vero
1015 1322 1089 1360 hor.
1100 1323 1131 1359 9.
1144 1327 1315 1358 nocturna
1326 1323 1402 1366 fuit,
1415 1322 1480 1358 hoc
1494 1327 1548 1358 est
1559 1323 1591 1358 7.
1604 1323 1636 1358 9.
1648 1323 1682 1358 0.

235 1427 517 1464 REFELLITUR
539 1426 873 1464 SCALIGERIANA
895 1426 1124 1463 DOCTRINA
1147 1426 1207 1462 DE
1230 1426 1353 1462 ANNO
1376 1426 1572 1463 IUDAICO.

214 1498 308 1533 Haec
323 1500 378 1533 eat
389 1497 648 1544 Scaligerianae
663 1497 840 1533 doctrinae
857 1507 1011 1540 summa,
1029 1507 1118 1543 quae
1133 1497 1238 1532 meris
1254 1496 1463 1532 coniecturis
1480 1507 1521 1532 ae
1537 1496 1681 1532 somniis

126 1555 253 1590 referta
268 1565 389 1591 secum
403 1555 481 1602 ipsa
496 1555 673 1590 conciliari
687 1566 758 1590 non
775 1558 900 1602 potest.
927 1554 1042 1601 Atque
1057 1558 1098 1589 ut
1111 1554 1223 1601 primo
1239 1555 1316 1589 loco
1332 1553 1418 1589 illud
1433 1554 1683 1601 expendamus,

127 1612 219 1658 quod
236 1623 280 1648 ex
295 1611 388 1659 Isag.
401 1611 532 1648 Canon.
546 1612 690 1648 allatum
707 1615 778 1654 est,
794 1612 825 1647 si
839 1611 970 1658 templo
987 1610 1098 1647 adhuc
1113 1615 1229 1646 stante
1239 1610 1457 1658 Hipparchea
1472 1611 1556 1646 anni
1570 1611 1684 1647 forma

128 1680 150 1704 a
165 1669 302 1705 Iudaeis
319 1669 473 1708 admissa
488 1673 557 1712 est,
574 1680 679 1717 supra
690 1679 797 1716 quam
809 1669 986 1716 Calippica
999 1669 1161 1716 periodus
1177 1669 1278 1704 annis
1289 1681 1397 1704 axxvr
1413 1680 1598 1704 excessum
1614 1670 1684 1704 col·

124 1727 204 1773 ligit
217 1725 292 1763 hor.
306 1726 339 1762 5.
356 1726 450 1772 760„
472 1726 508 1762 id
531 1730 585 1762 est
605 1726 753 1773 singulis
777 1726 1162 1762 enneadecaeteridibus
1185 1725 1259 1762 hor.
1277 1726 1306 1761 1.
1322 1725 1399 1762 485.
1421 1730 1457 1762 et
1479 1730 1559 1773 post
1575 1737 1682 1762 cccrv

125 1794 237 1819 annos
253 1793 364 1819 unum
379 1783 451 1819 fero
467 1783 578 1828 diem,
599 1783 754 1831 profecto
776 1795 888 1830 neque
905 1783 1083 1831 Calippica
1102 1788 1137 1819 et
1150 1783 1371 1819 Alexandrea
1385 1784 1548 1830 periodus
1564 1784 1607 1819 ad
1622 1795 1682 1819 an-

124 1851 210 1876 num
225 1851 336 1887 usque
352 1839 481 1876 Christi
494 1841 573 1888 plus
589 1841 706 1877 minus
722 1841 800 1876 344.
815 1845 950 1877 retenta
965 1845 1036 1884 est,
1059 1852 1172 1888 neque
1194 1841 1340 1876 biduum
1361 1841 1447 1876 illud
1467 1841 1682 1889 προηγήσεως

124 1898 322 1940 intervenit,
342 1897 608 1945 inducendaque
623 1899 741 1934 omnia
755 1899 824 1934 ista
839 1902 922 1934 sunt
937 1909 1027 1945 quae
1043 1899 1079 1934 in
1095 1899 1193 1933 libris
1210 1898 1252 1933 de
1266 1898 1410 1934 Emend.
1426 1899 1558 1946 passim
1574 1899 1682 1934 incul-

125 1958 256 1998 cantur,
278 1954 519 2002 imprimisque
540 1956 744 2002 scrupulosa
766 1956 827 1991 illa
849 1960 884 1991 et
905 1957 1014 1991 anxia
1035 1968 1056 1991 v
1073 1955 1278 2003 paschatum
1293 1967 1334 1991 ac
1350 1956 1518 2003 postremi
1533 1968 1682 2003 σταυρω-

125 2011 222 2059 σίμου
237 2011 432 2058 inquisitio,
450 2023 538 2059 quae
553 2011 591 2048 in
606 2025 653 2049 vr.
668 2013 757 2048 libro
773 2013 989 2060 proponitur,
1006 2014 1119 2048 otiosa
1135 2018 1169 2048 et
1183 2013 1317 2049 inutilis
1333 2014 1494 2051 efficitur.

212 2068 289 2104 Iam
310 2068 396 2104 illud
419 2069 461 2104 de
481 2069 624 2105 inventa
645 2080 667 2105 a
681 2070 857 2107 R.Il.i1lele
879 2070 1020 2117 periodo
1042 2071 1304 2118 conciliatisque
1319 2071 1531 2107 factionibus
1548 2071 1682 2107 duabus

124 2137 193 2173 quo
209 2125 349 2162 tandem
363 2130 485 2162 autore
501 2125 716 2163 defenditur?
751 2127 898 2163 Hebraei
914 2129 958 2163 ab
974 2128 1058 2163 orbe
1073 2128 1213 2164 condito
1229 2128 1274 2164 ad
1290 2127 1417 2164 Christi
1432 2130 1585 2165 natalem
1602 2130 1682 2164 Dio-

124 2184 314 2230 nysisnum
329 2193 440 2219 annos
455 2186 580 2231 putant
594 2184 668 2220 fere
682 2184 784 2222 3761.
831 2185 912 2220 Ideo
933 2195 1024 2221 anuo
1041 2185 1168 2221 Christi
1183 2186 1261 2221 344.
1278 2187 1392 2233 coepit
1406 2186 1566 2221 Iudaicus
1581 2187 1682 2221 4105.

122 2240 310 2276 Intervalla
322 2252 425 2288 porro
441 2244 636 2288 temporum
653 2246 814 2277 accurate
829 2254 892 2289 pro
907 2243 1048 2279 illorum
1063 2247 1168 2290 captu
1183 2243 1356 2290 descripta
1372 2247 1454 2279 sunt
1469 2244 1505 2278 in
1521 2245 1607 2279 libro
1621 2244 1682 2279 Se-

125 2298 186 2334 der
200 2297 328 2334 helam.
375 2297 427 2334 De
447 2299 684 2335 commentitia
704 2299 773 2334 ista
787 2299 930 2346 periodo
946 2300 990 2335 ad
1005 2301 1188 2347 προήγησιν
1205 2300 1396 2345 σεληνιαιὴν
1412 2301 1682 2347 adipiscendam,

123 2367 168 2391 ne
183 2356 328 2391 verbum
345 2355 495 2402 quidem.
527 2355 662 2391 Viderit
679 2367 763 2403 ergo
780 2356 936 2404 Scaliger
952 2357 1044 2393 unde
1058 2358 1156 2393 illam
1172 2358 1443 2405 exprompserit;
1459 2369 1572 2404 neque
1589 2359 1681 2393 enim

121 2413 270 2448 fundum
286 2413 361 2449 eius
377 2415 412 2449 et
426 2417 582 2449 autorem
599 2413 731 2460 profert
753 2415 882 2458 ullum,
904 2415 1006 2461 quasi
1026 2415 1179 2450 divinare
1201 2426 1242 2450 ac
1264 2415 1396 2461 fingere
1418 2415 1453 2450 id
1475 2415 1615 2450 demum
1636 2416 1683 2450 sit

124 2470 308 2506 emendare
323 2471 428 2518 atque
444 2471 602 2506 ordinare
617 2474 783 2517 tempora.
822 2470 1030 2518 Quanquam
1046 2483 1135 2518 quae
1151 2475 1205 2507 est
1218 2472 1359 2507 tandem
1374 2472 1444 2506 ista
1460 2473 1655 2507 conciliatio
1665 2476 1680 2507 ἱ)

123 2526 291 2574 Tekupha
313 2527 485 2564 Samuelis
506 2528 718 2564 autumnalis
740 2538 833 2563 anno
850 2527 976 2564 Christi
991 2528 1069 2565 344.
1093 2529 1213 2564 incidit
1233 2530 1270 2564 in
1286 2528 1381 2575 Sept.
1396 2541 1514 2571 xxm„
1537 2528 1611 2566 hor.
1630 2529 1680 2565 15.

123 2595 146 2618 a
161 2584 322 2628 meridie,
338 2585 412 2620 sive
427 2586 448 2622 9
463 2585 658 2628 nocturnis,
677 2585 817 2631 politice
833 2596 914 2620 vero
931 2585 1027 2632 Sept.
1043 2598 1138 2622 xxxv.
1171 2586 1268 2631 Cycli
1282 2586 1533 2632 praeterierant
1547 2586 1680 2622 decem-

124 2642 335 2678 novennales
359 2651 483 2685 ccxvr‚
507 2643 633 2689 quibus
658 2641 836 2689 προήγησις
859 2642 953 2677 facta
975 2642 1108 2678 dierum
1128 2642 1186 2685 13,
1208 2641 1282 2677 hor.
1302 2643 1330 2677 1.
1380 2642 1491 2690 Igitur
1513 2643 1681 2691 Tekupha

125 2708 215 2733 auno
231 2698 343 2745 primo
359 2700 514 2747 computi
530 2699 622 2734 cadit
636 2699 672 2734 in
691 2698 827 2734 Octobr.
840 2701 901 2734 vn.
911 2725 920 2742 ‚
935 2698 1009 2734 hor.
1025 2700 1077 2734 10.
1095 2699 1139 2734 ab
1155 2700 1254 2734 initio
1270 2700 1394 2735 noctis.
1425 2700 1493 2735 Sed
1509 2699 1596 2737 hora
1610 2712 1680 2736 una

125 2748 334 2801 negligatur.
379 2756 468 2799 Quid
483 2755 548 2792 hoc
565 2756 609 2791 ad
625 2756 798 2791 Samuelis
815 2755 1040 2802 Tekupham?
1086 2756 1176 2791 Nam
1200 2756 1244 2791 ad
1266 2757 1524 2793 noviluniorum
1539 2759 1679 2805 quidem

126 2810 308 2857 προήγησιν
327 2812 621 2860 investigandam,
649 2813 814 2859 quoniam
835 2812 1011 2848 Iudaicam
1033 2812 1235 2848 hodiernam
1257 2818 1308 2857 et,
1335 2818 1375 2849 ut
1395 2819 1495 2861 putat
1513 2815 1679 2862 Scaliger,

125 2866 377 2914 Hipparcheam
389 2871 470 2906 anni
480 2871 631 2906 formam
644 2870 786 2905 Samuel
798 2869 969 2912 adhibuit,
986 2870 1157 2916 pertinere
1173 2871 1241 2906 ista
1255 2875 1420 2918 possunt,
1437 2873 1480 2907 ad
1492 2872 1677 2920 Tekuphas

128 2934 209 2959 vero
226 2923 400 2961 Samuelis
413 2926 630 2974 indagandas
646 2927 733 2962 nihil
749 2926 889 2962 omnino
909 2927 1106 2969 conferunt,
1130 2938 1209 2963 cum
1230 2928 1261 2963 is
1281 2928 1453 2964 Iulianum
1475 2940 1607 2965 annum
1623 2930 1677 2964 Iu-

126 2981 306 3028 lianasque
321 2981 504 3030 Tekuphas
527 2986 710 3031 amplexus
733 2984 794 3026 sit,
817 2994 906 3030 quae
927 2984 1060 3018 nullam
1081 2984 1211 3020 habent
1230 2985 1422 3032 προήγησιν.
1467 2986 1547 3021 Non
1562 2991 1678 3033 potest

127 3037 243 3084 itaque
259 3038 320 3074 ulli
336 3039 434 3075 alteri
445 3039 630 3088 Tekuphae
647 3041 830 3076 convenire
846 3041 1007 3087 periodus
1023 3052 1064 3076 ac
1079 3041 1260 3078 methodus
1276 3043 1353 3086 illa,
1370 3054 1476 3090 quam
1492 3044 1533 3080 R.
1547 3045 1676 3086 Addae‚

1718 1571 1745 1597 p.
1759 1563 1821 1590 156.
