2008 3294
1638 190 1761 227 CLXV

212 295 273 329 sed
289 301 324 329 ut
337 295 545 330 comederent
553 294 701 340 paseha.
747 294 800 329 Ad
815 294 900 329 haec
914 303 989 340 cap.
1002 305 1074 329 xix.
1085 320 1093 336 ,
1114 294 1165 330 14.
1189 301 1267 329 erat
1280 301 1391 330 autem
1401 306 1594 342 parasceve
1604 294 1762 340 paschae

212 351 301 386 hora
316 353 416 397 quani
427 357 534 387 nexta.
581 350 726 386 Caetera
739 352 796 400 yel
810 350 1008 387 testimonia
1023 351 1079 386 vel
1093 355 1300 398 argumenta
1319 356 1510 399 praetereo.
1558 351 1648 387 Sunt
1669 352 1762 386 enim

210 407 279 443 ista
291 407 488 456 praecipua.

297 464 517 501 Iamintanto
525 465 1025 511 opinionnmautoritatumqne
1032 464 1195 500 conflictu
1206 466 1242 500 in
1255 477 1296 500 eo
1308 467 1528 512 potissimum
1540 466 1761 513 acquiescen-

210 521 292 557 dum
313 522 455 565 iudicio,
477 522 570 568 quod
592 522 633 557 iis
654 522 862 558 testimoniis
882 521 1093 569 approbatur
1117 533 1206 568 quae
1229 523 1265 557 in
1289 523 1433 558 alteram
1449 522 1540 559 trahi
1555 524 1762 559 sententiam

209 581 399 626 nequeant,
421 589 501 614 eum
517 582 668 622 caetera,
691 591 779 626 quae
798 579 970 615 contraria
984 578 1153 622 videntur,
1177 580 1352 615 conciliari
1367 581 1601 627 explicarique
1616 581 1760 627 possint.

208 635 254 670 At
267 635 438 671 eiusmodi
453 639 507 670 est
521 636 692 683 posterior
706 637 783 679 illa,
803 646 910 683 quam
923 634 1136 683 Epiphanius
1152 639 1292 671 secutus
1316 641 1386 679 est,
1409 638 1596 680 sententia,
1619 638 1676 673 cui
1690 649 1762 673 non

206 693 326 740 pauci,
348 692 523 739 iidemque
546 693 730 729 autoritate
753 696 788 729 et
809 692 1001 732 eruditione
1023 693 1196 740 principes
1211 693 1396 740 suffragati
1417 698 1514 737 sunt,
1538 695 1761 741 maximeque

206 749 334 787 Paulus
350 749 558 796 Burgensia‚
573 749 700 786 Paulus
715 749 1074 798 Forosempreniensis
1090 750 1272 797 episcopus
1283 778 1292 794 ‚
1314 750 1462 786 Ioannes
1478 751 1646 794 Lucidus,
1669 751 1761 787 Onu-

205 806 311 850 srim,
334 807 532 849 Iansenius,
551 807 774 844 Maidonatus
788 810 906 843 noster
921 810 956 842 et
971 807 1040 844 alii.
1089 805 1296 854 Quanquam
1311 812 1346 842 et
1361 809 1403 850 ii,
1426 811 1460 842 et
1477 819 1597 844 omnes
1613 809 1685 851 fene
1701 809 1762 855 qui

206 863 374 904 haetenus
391 863 480 899 hanc
503 864 701 911 opinionem
723 864 877 912 amplexi
898 866 996 907 sunt,
1019 863 1063 899 ad
1078 864 1257 910 vulgatam
1271 865 1368 900 illam
1382 864 1551 900 festorum
1566 866 1762 901 translatio-

205 931 286 956 nem
302 925 338 957 et
351 920 514 957 feriarum
537 921 709 956 delectum
732 921 918 968 confugere
939 921 1070 964 solent,
1094 922 1364 968 existimantque
1387 922 1538 968 primum
1561 934 1761 968 azymorum

205 977 296 1013 diem
311 988 492 1025 nunqnam
507 989 529 1013 a
543 978 680 1014 Iudaeis
694 978 781 1014 feria
795 991 842 1014 vr.
859 978 1080 1015 celebratum.
1105 978 1235 1014 Verum
1250 979 1406 1014 nondum
1422 979 1515 1014 istud
1532 978 1657 1014 Christi
1675 984 1759 1014 tem·

204 1045 288 1081 pore
302 1035 531 1071 constitutum
551 1035 676 1078 fuisse,
699 1035 824 1071 docent
844 1035 1163 1082 ipsimet‘Hebraei.
1209 1035 1260 1071 Ac
1279 1036 1434 1082 profecto
1450 1037 1480 1071 si
1495 1036 1761 1072 reiiciendarum

205 1091 552 1139 asciscendarumque
563 1091 729 1128 feriarum
745 1091 916 1128 ordinaria
925 1091 1050 1128 fnisset
1064 1093 1124 1127 illa
1139 1092 1226 1128 ratio
1242 1096 1347 1138 atque
1363 1094 1408 1128 ab
1425 1093 1594 1129 universis
1611 1097 1759 1140 recepta,

204 1160 317 1195 neque
334 1148 490 1185 Christus
507 1149 683 1193 dominus,
706 1159 770 1185 nec
790 1149 854 1184 ulli
868 1149 1009 1185 omnino
1026 1149 1146 1185 Iudaei
1160 1150 1362 1186 neomenias
1377 1149 1555 1196 festosque
1572 1150 1645 1185 dies
1661 1151 1760 1185 aliter

204 1217 309 1252 quam
326 1217 370 1241 ex
385 1206 475 1252 legis
489 1206 589 1242 istius
604 1206 818 1253 praescripto
834 1206 1077 1242 celebrassent.
1123 1206 1202 1243 Non
1223 1207 1316 1245 enim
1338 1218 1504 1254 praeceps
1528 1218 1592 1243 nec
1613 1208 1761 1254 abrupta

203 1262 269 1298 fuit
282 1262 448 1299 feriarum
461 1263 522 1301 illa
536 1263 682 1299 mutatio
691 1290 700 1307 ,
716 1263 780 1299 sed
793 1263 864 1299 iam
878 1267 954 1299 tum
970 1263 1006 1299 in
1021 1264 1097 1311 ipso
1113 1265 1196 1299 anni
1212 1264 1324 1311 eapite
1340 1264 1512 1311 provideri
1527 1275 1568 1299 ac
1584 1264 1761 1310 designari

203 1323 441 1358 consueverat.
468 1320 573 1356 Velut
587 1331 679 1357 anno
694 1320 868 1368 passionis
882 1321 1015 1356 factum
1031 1331 1106 1356 esee
1123 1332 1166 1356 ex
1183 1321 1347 1368 opinione
1363 1321 1535 1367 Scaligeri
1549 1332 1655 1368 supra
1671 1322 1759 1357 dixi-

203 1388 299 1420 mus;
314 1378 351 1413 in
368 1388 436 1425 quo
452 1388 533 1413 cum
548 1377 640 1414 Tisi-i
654 1388 676 1414 a
690 1377 778 1414 feria
793 1389 839 1415 rv.
856 1378 894 1414 in
909 1390 942 1414 v.
959 1378 1171 1421 transiisset,
1194 1389 1411 1425 consequens
1427 1378 1494 1414 ruit
1510 1382 1548 1414 ut
1563 1383 1598 1414 et
1613 1379 1722 1414 Nisan
1739 1390 1759 1413 a

203 1446 249 1471 vr.
267 1438 541 1471 summoveretur
555 1435 593 1470 in
607 1446 669 1472 vn.
691 1435 766 1471 Hoc
779 1435 887 1482 igitur
902 1435 934 1471 si
947 1435 1092 1482 vulgare
1108 1446 1148 1471 ac
1165 1439 1368 1483 perpetuum
1386 1439 1494 1478 esset,
1509 1447 1612 1472 nemo
1629 1447 1650 1471 a
1667 1447 1758 1471 com-

202 1491 300 1527 muni
315 1491 564 1528 consuetudine
578 1491 764 1528 recederet.
791 1491 960 1535 Quocirca
975 1492 1286 1529 extraordinariam
1302 1493 1478 1540 quandam
1494 1497 1529 1528 et
1544 1493 1758 1540 singularem

202 1548 497 1595 perturbationem
513 1549 671 1585 extitisse
685 1549 870 1585 verisimile
886 1553 955 1592 est,
979 1560 1068 1597 quae
1090 1561 1131 1585 eo
1155 1549 1327 1586 duntaxat
1348 1561 1467 1586 mense
1491 1550 1675 1596 contigerit
1690 1562 1759 1596 quo

202 1605 360 1641 Christus
375 1616 500 1653 passus
516 1610 585 1650 est3
609 1606 694 1642 adeo
715 1610 756 1642 ut
769 1618 842 1643 non
855 1607 931 1654 ipse
945 1607 1061 1642 solum
1075 1617 1157 1643 cum
1172 1608 1358 1655 apostolis,
1382 1607 1443 1642 sed
1462 1610 1496 1642 et
1511 1607 1571 1643 alii
1586 1607 1722 1643 diverso
1739 1618 1761 1642 a

201 1663 346 1700 caeteris
362 1663 418 1698 die
433 1663 648 1700 celebrarint.
685 1663 777 1700 Nam
791 1667 826 1699 et
838 1664 925 1700 illud
940 1664 1125 1711 Epiphanii
1141 1665 1246 1700 verba
1261 1665 1338 1712 ipsa
1354 1664 1546 1706 declarant,
1566 1676 1646 1700 cum
1664 1663 1759 1710 θόρυ-

202 1719 260 1765 βον
277 1731 316 1756 ac
333 1720 584 1756 dissensionem
598 1721 635 1756 in
651 1721 812 1757 obeunda
826 1721 1024 1757 celebritate
1038 1722 1203 1758 incidisse
1219 1721 1432 1768 significant.

290 1777 390 1815 Hunc
405 1778 443 1813 in
458 1778 601 1814 modum
618 1778 793 1825 explicata
807 1789 829 1814 a
843 1779 944 1814 nobis
962 1789 1002 1814 ac
1019 1779 1162 1814 defensa
1177 1780 1370 1815 communis
1385 1779 1446 1814 illa
1461 1780 1634 1815 sententia
1649 1779 1758 1814 multo

202 1845 306 1881 quam
323 1835 431 1870 altera
443 1835 657 1882 probabilior
671 1834 758 1871 mihi
769 1835 912 1879 videtur,
929 1847 1009 1872 cum
1023 1839 1096 1872 tam
1113 1837 1242 1872 diserta
1257 1847 1491 1883 expressaque
1506 1835 1647 1871 Ioannis
1663 1837 1758 1871 testi-

201 1892 319 1927 monia
333 1892 421 1935 sint,
442 1892 541 1927 nulla
561 1895 600 1927 ut
620 1892 789 1928 cavillatio
806 1893 918 1940 possit
933 1893 1081 1929 eludere.
1128 1893 1227 1936 Quod
1249 1894 1341 1929 enim
1357 1893 1449 1929 diem
1464 1893 1592 1929 festum
1608 1893 1758 1940 paschae

199 1961 261 1996 pro
284 1949 378 1984 civili
398 1949 476 1995 ipso
499 1949 555 1984 die
577 1960 618 1984 ae
641 1951 700 1984 τοῦ
723 1950 928 1998 νυχθημέρου
951 1951 1135 1998 posteriori
1154 1954 1252 1999 parte
1274 1951 1366 1986 sumi
1389 1950 1529 1997 quidam
1545 1951 1759 1993 existimant,

199 2016 288 2053 quae
304 2016 326 2041 a
341 2005 499 2053 sequenti
515 2009 592 2042 ortu
607 2006 692 2042 solis
708 2007 893 2054 inciperet,
914 2007 950 2042 id
965 2008 1025 2042 alii
1039 2008 1162 2043 meritc
1179 2007 1372 2054 repudiant.
1418 2008 1539 2054 Neque
1555 2009 1649 2043 enim
1665 2019 1759 2043 com-

197 2063 322 2098 modus
334 2062 390 2098 hic
401 2073 525 2099 sensus
537 2063 688 2099 videtur:
706 2065 926 2110 Ante-festum
932 2065 1118 2111 paschatis
1131 2064 1286 2100 Christus
1293 2065 1431 2111 pascha
1445 2065 1632 2100 celebravit
1636 2080 1647 2106 ;
1665 2066 1758 2111 quod

198 2131 244 2156 ex
258 2120 327 2156 ista
340 2121 567 2168 responsione
582 2121 749 2168 sequitur.
779 2121 922 2158 Falsum
937 2125 973 2158 et
986 2122 1072 2159 illud
1089 2125 1143 2158 est
1157 2122 1250 2169 quod
1266 2122 1308 2157 de
1324 2122 1478 2158 secundo
1500 2122 1640 2158 Ioannis
1661 2123 1757 2158 testi-

197 2177 315 2214 monio
331 2177 472 2213 dieitur:
488 2178 706 2214 Manducare
719 2179 871 2225 pascha,
896 2179 938 2214 de
962 2190 1182 2227 quocumque
1197 2180 1418 2218 victimarum
1441 2180 1603 2226 usurpari
1618 2190 1756 2226 genere,

197 2245 286 2282 quae
299 2246 362 2282 per
375 2238 537 2282 septenos
549 2235 621 2271 dies
633 2236 868 2274 immolantur.
892 2236 992 2280 Quod
1003 2248 1050 2272 ex
1059 2236 1336 2280 Deuteron.xv¹.‚
1348 2237 1380 2272 2.
1395 2237 1598 2273 etParal.11.
1612 2247 1687 2283 cap.
1698 2236 1754 2272 30.

197 2303 237 2327 ac
253 2291 307 2327 35.
324 2292 548 2340 comprobare
563 2293 696 2329 nititur.
728 2293 852 2329 Nullus
869 2297 923 2329 est
938 2294 1032 2330 enim
1047 2295 1237 2342 scripturae
1252 2295 1366 2337 locus,
1388 2295 1448 2329 ubi
1466 2293 1659 2341 paschatis,
1683 2294 1756 2328 sive

195 2348 306 2384 Phase
321 2349 488 2385 vocabulo
509 2349 716 2386 holocausta
730 2361 771 2386 ac
786 2351 958 2387 sacrificia
978 2355 1116 2387 caetera
1136 2351 1387 2398 significentur,
1410 2355 1450 2386 ut
1470 2352 1516 2386 sit
1537 2351 1629 2386 idem
1651 2352 1755 2386 sacri-

195 2399 369 2442 ficare'vel
388 2407 598 2443 manducare
618 2406 749 2450 Phase,
773 2408 865 2455 quod
888 2419 947 2444 eas
969 2409 1151 2444 immolare
1175 2419 1216 2444 ac
1237 2408 1447 2443 manducare
1463 2408 1641 2451 victimas,
1665 2419 1755 2454 quae

195 2475 256 2510 per
271 2467 432 2511 septenos
449 2474 651 2511 azymorum
668 2464 740 2499 dies
756 2465 793 2500 in
808 2465 939 2512 templo
958 2466 1208 2501 mactabantur.
1255 2465 1306 2500 Ac
1329 2465 1592 2501 Deuteronomii
1614 2465 1754 2512 quidem

195 2521 292 2557 locus
315 2521 366 2556 ita
389 2521 633 2569 concipiendus
657 2525 726 2556 est:
763 2522 1023 2569 Immolabt‘equs
1046 2523 1160 2557 Please
1183 2523 1314 2557 domino
1334 2523 1394 2556 deo
1417 2527 1471 2556 tuo
1493 2534 1570 2558 oves
1591 2529 1624 2557 et
1644 2523 1750 2559 boves.

196 2589 278 2625 axx,
302 2577 365 2613 Καὶ
389 2578 492 2618 θύσεις
514 2578 552 2612 τὸ
576 2577 691 2625 πάσχα
714 2577 816 2625 κυρίῳ
840 2581 890 2625 τῷ
913 2579 978 2626 θεῷ
1000 2591 1060 2614 σου
1083 2579 1236 2626 πρόβατα
1259 2578 1312 2612 καὶ
1337 2578 1426 2624 βόας.
1473 2579 1574 2614 Iubet
1588 2579 1754 2616 nimirum

195 2634 330 2680 praeter
343 2634 474 2682 pascha
489 2635 594 2670 etiam
610 2635 696 2670 alias
716 2635 891 2670 immolari
905 2636 1082 2679 victimam
1103 2647 1175 2671 non
1199 2638 1317 2670 autem
1339 2646 1398 2671 eas
1419 2636 1579 2671 victimas
1601 2637 1753 2684 appellat

196 2689 319 2728 Phua.
362 2692 439 2728 Iam
460 2692 564 2736 illud,
588 2692 682 2738 quod
706 2704 743 2727 ιι.
759 2691 872 2728 Paral.
896 2703 971 2740 cap.
987 2692 1042 2728 35.
1065 2693 1232 2739 scriptum
1253 2692 1447 2735 affirmant,
1468 2695 1556 2738 quod
1570 2705 1620 2729 vn
1636 2695 1752 2729 diebus

199 2748 364 2792 ayebaeur
377 2749 506 2792 Phase,
531 2755 565 2784 et
578 2750 812 2784 comedebatur
826 2749 956 2791 Pham,
980 2749 1072 2784 unde
1088 2749 1286 2796 acceperint
1298 2749 1427 2786 nescio.
1460 2749 1642 2797 Nusquam
1657 2752 1751 2787 enim

197 2802 232 2838 id
246 2803 382 2850 legitur.
405 2805 496 2848 Quin
507 2806 624 2853 potius
636 2805 766 2853 pascha
778 2807 923 2841 caeteris
936 2806 981 2841 ab
994 2805 1171 2841 sacrificiis
1183 2805 1368 2842 manifeste
1380 2806 1592 2851 discernitur,
1611 2819 1685 2855 cap.
1693 2808 1747 2845 30.

199 2870 286 2896 com.
301 2859 372 2904 15„
387 2864 423 2898 et
436 2873 513 2911 cap.
526 2863 581 2899 35.
598 2873 686 2898 com.
701 2862 752 2898 16.
770 2866 805 2898 et
823 2862 875 2899 17.

285 2916 462 2962 Postremo
477 2931 700 2967 parascevem
714 2918 865 2966 paschae
881 2920 1036 2955 inaudita
1050 2920 1201 2967 quadam
1215 2921 1380 2967 loquendi
1395 2922 1528 2957 ratione
1545 2922 1674 2958 dictam
1689 2935 1748 2958 vo-

197 2973 275 3008 lunt
288 2984 508 3020 parascevem
524 2977 678 3020 sabbati,
695 2987 783 3023 quae
796 2976 917 3012 eadem
928 2980 963 3012 et
974 2977 1121 3024 pascha,
1137 2978 1210 3014 sive
1221 2978 1332 3025 prima
1345 2979 1416 3014 dies
1430 2990 1630 3025 azymorum
1643 2984 1746 3015 esset.

198 3029 317 3076 Neque
338 3030 430 3067 enim
450 3032 625 3080 paschatis
647 3034 755 3070 ullam
777 3045 1000 3083 parascevem
1019 3034 1128 3070 fuisse
1149 3039 1309 3080 censent3
1333 3037 1498 3083 quoniam
1521 3038 1617 3072 nulla
1638 3037 1747 3084 pridie

1795 1856 1822 1881 p.
1839 1848 1894 1875 158.
