2008 3294
178 2261 204 2285 μ.
216 2253 274 2279 456.

319 243 498 281 LXXVIII

319 349 460 394 quintus
477 348 549 383 dies
564 347 782 394 paschalibus
797 346 1000 383 Latinorum
1013 348 1171 384 terminis
1187 351 1379 395 arrogatur.
1408 348 1479 385 Nec
1499 350 1614 385 minus
1633 349 1860 396 redarguitur,

319 406 411 450 quod
432 406 524 440 idem
539 405 668 439 Paulus
690 407 881 448 asseverat,
903 405 1104 441 Latinorum
1118 406 1305 440 factionem
1321 405 1426 442 istam
1447 407 1532 442 luna
1546 420 1616 442 x1v.
1635 405 1765 453 pascha
1783 418 1860 454 per-

318 463 450 508 egisse3
473 461 581 497 veluti
601 473 691 496 anno
715 461 843 497 Christi
864 472 1106 507 ccccxxxvn„
1131 474 1199 509 quo
1221 463 1371 509 insignis
1393 462 1435 499 de
1449 463 1612 511 paschate
1628 465 1862 499 controversia

317 520 405 554 inter
431 515 618 554 catholicos
645 519 794 565 agitata3
821 529 927 566 quam
948 521 1151 555 Ambrosius
1176 520 1214 555 in
1234 520 1408 556 luculenta
1433 522 1494 557 illa
1516 522 1663 568 epistola
1683 521 1860 568 disceptat,

318 587 423 622 qnam
448 587 553 622 super
573 585 616 611 ea
634 586 673 611 re
693 577 831 623 scripsit
851 576 896 612 ad
918 578 1098 625 episcopos
1114 578 1292 615 Aemiliae.
1338 578 1379 614 In
1399 579 1458 614 ilio
1479 579 1586 626 igitur
1608 589 1699 614 anno
1719 578 1859 613 Latinos

315 633 444 668 Paulus
465 633 727 680 Forosempron.
751 634 929 670 existimat
949 635 1078 682 pascha
1099 635 1180 682 Apr.
1196 647 1296 671 xvm.
1319 636 1510 671 celebrasse
1535 636 1572 671 in
1598 637 1674 682 ipso
1700 635 1860 678 termino,

316 701 385 736 quo
406 701 510 725 suum
530 690 662 737 pascha
679 691 773 726 intra
790 693 1014 739 praestitutos
1037 703 1059 728 a
1079 692 1295 728 Caesariensi
1310 692 1462 728 Concilio
1483 693 1612 728 limites
1636 693 1860 728 continerent.

314 747 356 782 In
372 759 458 793 quo,
473 751 513 782 nt
528 748 660 794 opinor,
677 749 829 792 aberrat,
849 760 891 785 ac
904 753 978 784 tam
993 761 1038 784 ex
1052 750 1202 796 ipsomet
1216 750 1398 789 Ambrosio
1415 761 1520 797 quam
1536 761 1581 786 ex
1596 750 1796 786 Victoriana
1808 760 1860 784 re·

315 805 400 851 gula
411 805 635 852 castigandus
648 809 712 842 est.
735 806 938 842 Ambrosius
951 808 1043 842 enim
1055 808 1174 843 scribit
1183 807 1329 843 Iudaeos
1342 818 1433 843 anno
1444 809 1504 843 illo
1516 807 1646 854 pascha
1658 807 1860 842 duodecimo

314 873 452 906 mense,
473 874 549 898 xnr.
564 862 708 900 Kalend.
725 863 849 910 April„
864 863 931 900 hoc
953 868 1006 899 est
1026 865 1143 900 Martii
1158 877 1216 900 xx.
1227 891 1236 908 ,
1258 866 1459 901 celebrasse.
1491 864 1625 912 Quippe
1638 869 1712 899 tam
1726 864 1860 900 Iudaeis

316 930 420 965 quam
434 919 568 955 Latinis
581 921 775 956 communis
790 931 903 957 annus
918 922 977 956 ille
991 921 1073 965 fuit,
1089 923 1186 968 cyclo
1202 922 1354 958 Nicaeno
1369 934 1460 966 vnn,
1478 922 1618 958 illorum
1633 933 1714 957 vero
1729 933 1762 957 v.
1793 921 1861 968 Cy-

314 977 388 1012 clus
404 981 480 1012 erat
491 978 576 1012 solis
593 988 655 1021 ιι,
674 978 776 1014 litera
790 978 828 1014 C.
858 977 1048 1014 Neomenia
1061 979 1263 1015 Latinorum
1278 980 1356 1015 iniit
1369 979 1488 1015 Martii
1496 990 1548 1015 ,η
1554 988 1572 1023 ς’
1589 979 1723 1015 decima
1738 983 1861 1025 quarta

313 1035 458 1080 proinde
476 1035 594 1071 Martii
613 1046 702 1079 xrx.,
727 1034 816 1071 feria
835 1047 883 1072 v1.
929 1034 1040 1082 Igitur
1058 1036 1190 1083 pascha
1212 1049 1257 1072 ex
1279 1037 1423 1073 Victorii
1441 1036 1651 1084 praescripto
1677 1036 1799 1071 incidit
1822 1036 1859 1071 in

313 1092 431 1127 Martii
445 1103 535 1135 xx1.,
556 1093 642 1128 luna
655 1102 727 1128 xvt.
758 1091 835 1128 Uno
851 1093 906 1128 die
920 1093 1123 1129 Latinorum
1138 1095 1321 1130 neomenia
1334 1094 1511 1130 Iudaicam
1526 1094 1723 1137 antevertit3
1739 1094 1770 1128 si
1785 1093 1859 1140 qui-

314 1149 393 1184 dem
406 1148 581 1196 paschatis
592 1149 723 1184 Iudaici
735 1150 875 1185 nomine
887 1150 1056 1186 decimam
1070 1155 1228 1197 quartam
1242 1153 1362 1187 lunam
1373 1152 1577 1187 Ambrosius
1591 1151 1773 1194 intellexit,
1788 1159 1860 1186 non

312 1206 461 1252 primam
475 1217 687 1253 azymorum.
718 1206 807 1242 Nam
821 1207 951 1254 pascha
965 1209 1175 1244 celebratum
1191 1220 1267 1245 esse
1282 1213 1400 1244 narrat
1413 1209 1528 1244 Martii
1541 1220 1611 1252 xx„
1627 1219 1706 1244 cum
1719 1207 1859 1244 Latino-

312 1274 390 1299 rum
405 1264 539 1300 decima
553 1268 676 1311 quarta
690 1264 823 1300 decime
838 1275 931 1301 nono
947 1266 1156 1302 convenerit.
1187 1266 1283 1302 ldem
1300 1270 1335 1302 et
1349 1267 1390 1301 de
1406 1266 1548 1313 reliquis
1563 1266 1749 1312 exemplis,
1769 1274 1859 1312 quae

311 1321 440 1357 Paulus
461 1325 727 1364 commemorat,
749 1321 852 1357 debet
872 1332 950 1357 esse
971 1323 1147 1360 iudicium.
1178 1323 1364 1371 Nunquam
1380 1324 1474 1360 enim
1487 1323 1603 1358 Latini
1621 1323 1690 1366 illi,
1712 1333 1858 1370 quorum

312 1390 332 1414 e
352 1382 448 1414 secta
461 1379 635 1415 Victorius
655 1378 738 1422 fuit,
758 1379 890 1426 pascha
911 1390 1014 1415 suum
1034 1381 1071 1416 in
1091 1381 1277 1416 terminum
1300 1381 1528 1416 coniecerunt.
1573 1379 1720 1415 Proinde
1741 1389 1858 1426 segre·

313 1436 419 1483 gandi
434 1436 479 1472 ab
493 1437 571 1471 aliis
586 1440 697 1471 erunt.
729 1435 788 1471 Uti
803 1436 870 1472 duo
886 1434 1088 1473 Latinorum
1109 1448 1252 1484 genera,
1274 1439 1330 1473 vel
1350 1438 1550 1474 eorumdem
1571 1436 1639 1473 duo
1659 1447 1702 1472 ae
1722 1437 1859 1472 diversa

311 1494 440 1529 fuerint
453 1494 628 1537 instituta,
642 1493 747 1528 variis
763 1497 930 1540 usurpata
943 1495 1168 1541 temporibus.
1198 1495 1289 1530 Nam
1304 1496 1363 1531 aiii
1377 1494 1507 1542 pascha
1521 1506 1568 1530 ex
1583 1494 1858 1530 caesariensium

310 1551 462 1587 formula
482 1560 504 1587 a
519 1551 573 1586 die
588 1551 706 1587 Martii
720 1559 807 1588 xxn.
824 1551 868 1585 ad
883 1551 990 1602 April.
1007 1562 1080 1587 xxx.
1096 1553 1334 1596 celebrabant,
1357 1551 1478 1588 diebus
1494 1563 1609 1595 xxxa,
1631 1552 1692 1598 qui
1713 1555 1768 1587 est
1788 1551 1857 1598 pri·

311 1617 390 1644 mus
405 1619 575 1645 novorum
590 1609 738 1651 mensis,
761 1608 834 1643 sive
849 1608 968 1654 Κριών.
997 1608 1106 1645 Iidem
1120 1619 1368 1656 saepenumero
1383 1610 1421 1644 in
1440 1609 1516 1656 ipso
1537 1609 1702 1652 termino,
1723 1608 1856 1655 quoties

312 1677 391 1702 cum
406 1666 582 1702 dominica
595 1666 838 1708 concurrebat,
860 1665 992 1712 pascha
1013 1676 1116 1702 suum
1136 1667 1328 1713 agitabant.
1377 1660 1482 1702 Cuius
1510 1666 1560 1701 rei
1585 1665 1753 1701 nonnulla
1778 1675 1858 1701 cum

311 1724 403 1771 apud
417 1724 600 1771 scriptores
623 1724 726 1766 alios,
749 1726 825 1759 tum
840 1733 922 1758 vero
939 1722 1146 1770 Gregorium
1162 1724 1400 1759 Turonensem
1415 1727 1451 1758 et
1462 1723 1683 1770 sigebertum
1699 1722 1859 1770 exempla

310 1782 485 1828 leguntur.
517 1782 619 1816 Aliud
635 1781 839 1816 Latinorum
859 1791 971 1827 genus
993 1781 1123 1824 extitit,
1145 1781 1237 1828 quod
1259 1793 1327 1818 non
1345 1780 1530 1816 Christiani
1551 1781 1666 1816 solum
1684 1779 1858 1827 paschatis

311 1843 346 1874 et
361 1839 582 1885 ἀναστασίμου
591 1865 600 1882 ,
615 1849 736 1874 verum
752 1838 858 1874 etiam
872 1838 1004 1874 Iudaici
1019 1842 1054 1874 et
1065 1838 1294 1885 σταυρωσίμου
1304 1838 1475 1874 rationem
1487 1837 1639 1874 haberet.
1670 1837 1859 1885 Nunquam

311 1897 402 1931 enim
427 1900 507 1931 ante
529 1907 599 1932 xrv.
622 1897 742 1931 lunam
768 1896 965 1942 passionem
992 1896 1201 1931 dominicam
1224 1896 1394 1932 celebrare
1414 1899 1680 1939 consueverant,
1702 1896 1858 1942 eliqentes

306 1957 422 1999 potius
437 1952 686 1999 (aitVictorius)
702 1956 738 1987 in
753 1953 834 1987 luna
846 1964 933 1988 xxrr.
951 1955 1128 1999 dimfesn'
1137 1953 1320 1999 paschalis
1335 1955 1526 1996 extendere,
1542 1965 1639 1999 quam
1655 1954 1857 1988 dominicam

307 2014 501 2057 passionem
516 2012 599 2045 luna
613 2021 684 2046 xxv.
708 2011 876 2045 ullatenus
894 2010 1065 2045 inchoari.
1095 2010 1192 2046 Unde
1207 2010 1259 2046 illi
1274 2011 1653 2058 Τεσσαρεςκαιδεκατῖται
1666 2019 1758 2046 nova
1773 2020 1856 2057 qua·

310 2068 390 2103 dam
406 2068 539 2103 ratione
554 2068 718 2115 appellari
732 2071 894 2114 possunt3
908 2077 979 2103 non
991 2066 1083 2114 quod
1091 2066 1325 2103 Christianum
1337 2067 1467 2115 pascha
1476 2068 1560 2103 luna
1570 2078 1640 2103 xrv.
1652 2068 1858 2114 peragerent

311 2136 482 2172 unquam,
498 2125 559 2160 sed
575 2124 667 2172 quod
682 2125 717 2160 in
734 2124 855 2160 eadem
871 2124 1114 2172 σταυρώσιμον,
1134 2124 1226 2171 quod
1242 2128 1277 2160 et
1291 2124 1467 2160 Iudaicum
1483 2124 1564 2168 fuit,
1581 2124 1778 2160 obeundum
1792 2134 1856 2172 pu-

309 2187 431 2218 tarent.
461 2182 556 2219 Haec
570 2182 614 2217 de
627 2182 831 2217 Latinorum
846 2182 943 2228 cyclo
958 2182 1096 2228 rituque
1111 2180 1284 2228 paschali,
1309 2181 1402 2228 quod
1417 2185 1451 2217 et
1466 2181 1856 2224 Quartadecimanorum

309 2240 484 2287 appendix
511 2239 680 2287 quaedam
706 2243 815 2282 esset,
843 2243 878 2274 et
898 2250 968 2275 non
989 2239 1075 2275 satis
1097 2239 1278 2286 explorata
1297 2239 1434 2275 iliorum
1455 2239 1623 2285 mysteria
1643 2239 1751 2275 tuisse
1773 2239 1854 2275 viris

309 2299 415 2333 etiam
437 2297 581 2333 eruditis
603 2296 914 2342 animadverterim.
947 2295 1023 2339 Qua
1042 2296 1085 2332 de
1105 2307 1143 2332 re
1164 2297 1302 2332 uberior
1322 2296 1407 2332 alias
1427 2296 1640 2332 instituenda
1654 2296 1852 2343 disputatio.

311 2355 472 2391 Eiusdem
484 2365 586 2402 porro
598 2354 741 2390 Victorii
755 2354 898 2400 regulae
914 2363 954 2389 ae
969 2352 1124 2389 methodi
1134 2353 1271 2401 insigne
1287 2353 1436 2389 occurrit
1449 2354 1649 2400 exemplum
1665 2354 1757 2401 apud
1771 2353 1855 2389 Gre-

309 2422 382 2459 gor.
398 2412 526 2448 anon.
548 2412 606 2448 lib.
626 2422 659 2448 x.
676 2411 763 2447 Ilist.
778 2421 854 2459 cap.
871 2422 989 2455 xxm„
1013 2411 1073 2446 ubi
1093 2421 1185 2447 anno
1201 2422 1258 2446 xv.
1279 2409 1489 2447 Ghssdeberti
1507 2410 1706 2457 paschalem
1720 2414 1855 2447 contro·

309 2470 456 2506 versiam
472 2473 628 2506 exortam
645 2479 721 2505 esse
737 2468 842 2504 refert
855 2469 900 2505 ob
916 2467 981 2504 hoc
997 2468 1089 2515 quod
1105 2468 1222 2505 vietor
1235 2467 1434 2514 (victorium
1449 2467 1660 2515 Aquitanum
1675 2468 1853 2515 intelligit)

308 2538 387 2563 cum
407 2527 492 2563 luna
507 2538 564 2564 xv.
588 2525 718 2574 paseha
738 2526 813 2561 fieri
835 2526 894 2573 (ab
915 2524 1159 2561 Alexandrinis
1174 2524 1348 2573 videlicet)
1369 2524 1581 2573 scripsisset,
1603 2537 1647 2561 ne
1668 2524 1854 2561 Christiani

309 2584 445 2628 eadem,
462 2594 531 2631 qua
546 2583 663 2620 Iudaei
678 2584 762 2619 luna
776 2582 906 2631 pascha
920 2586 1140 2631 peragerent,
1156 2582 1301 2626 addidit,
1317 2582 1430 2619 Latini
1445 2586 1561 2618 antem
1578 2583 1661 2618 luna
1675 2594 1778 2619 xxm:
1804 2582 1852 2617 Ob

309 2642 387 2685 hoc,
411 2642 539 2688 inquit,
560 2643 658 2676 multi
677 2644 712 2676 in
733 2642 860 2675 Gauiis
875 2652 931 2678 xv.
957 2642 1038 2675 tuna
1054 2640 1192 2687 paseha
1215 2640 1436 2676 celebrarunt.
1469 2639 1542 2674 Nos
1558 2647 1668 2675 autem
1683 2651 1770 2677 xxrr.
1800 2639 1852 2676 De

309 2698 372 2734 boc
390 2698 547 2745 Gregorii
563 2699 638 2734 ioco
654 2697 732 2734 vide
747 2698 888 2733 omnino
911 2707 1001 2745 quae
1016 2697 1060 2733 ad
1076 2695 1257 2745 Nicephori
1273 2695 1485 2733 Breviarium
1501 2696 1753 2733 adnotavimus.
1790 2697 1852 2733 Est

308 2756 400 2791 enim
417 2756 570 2791 illustris.
604 2754 669 2791 Ubi
690 2766 754 2790 nos
775 2765 906 2790 annum
923 2754 1137 2790 ostendimus
1151 2765 1224 2790 non
1239 2764 1316 2790 esse
1331 2752 1456 2790 Christi
1473 2765 1685 2799 nnxxxvm„
1706 2759 1746 2790 ut
1767 2753 1850 2791 Sca-

308 2813 395 2857 liger
409 2813 564 2859 putabat.
588 2812 661 2848 Hoc
676 2812 768 2848 enlm
784 2822 875 2848 anno
889 2812 1001 2847 Latini
1016 2822 1061 2847 ex
1070 2810 1213 2848 Victorii
1226 2811 1349 2859 regula
1363 2810 1490 2859 paseha
1505 2811 1722 2851 celebrarunt
1735 2811 1851 2848 Martii

310 2881 397 2911 nt..
422 2871 505 2905 iuna
520 2881 578 2905 xvi
594 2880 663 2905 uon
681 2879 785 2913 xxia,
807 2879 886 2905 cum
903 2870 986 2905 luna
1002 2881 1072 2922 xiv.
1087 2869 1123 2904 in
1139 2868 1261 2905 seriam
1277 2881 1310 2905 v.
1331 2867 1487 2904 inciderit
1501 2868 1616 2904 Martii
1633 2880 1705 2909 vm,
1737 2868 1850 2913 Quare

307 2926 396 2962 alius
423 2936 535 2962 annus
563 2927 779 2973 quaerendus
806 2930 874 2962 est=
907 2927 966 2973 qui
988 2926 1127 2973 quidem
1148 2924 1283 2962 videtur
1304 2935 1378 2961 esse
1401 2923 1528 2961 Christi
1549 2935 1649 2969 nxc.,
1668 2927 1767 2973 cyclo
1790 2926 1849 2963 Ni-

307 2993 414 3019 caeae
430 2995 486 3027 n..
510 2984 592 3019 solis
614 2995 661 3020 xr.
684 2983 783 3019 litera
805 2982 934 3020 domin.
952 2984 991 3019 A.
1023 2982 1213 3020 Neomenia
1232 2981 1403 3030 paschalis
1423 2982 1622 3019 Latinorum
1645 2987 1681 3019 et
1701 2984 1848 3034 Alexan-

307 3041 482 3077 drinorum
498 3040 613 3077 Martii
630 3051 708 3083 au„
731 3041 865 3078 decima
885 3045 1024 3088 quarta,
1046 3040 1163 3077 Martii
1179 3051 1278 3084 xxv„
1301 3039 1386 3076 teria
1401 3051 1461 3076 vn.
1501 3041 1553 3076 Ob
1574 3041 1608 3076 id
1624 3041 1847 3078 Alexandrini

308 3099 422 3135 Martii
439 3110 531 3134 xxvi.
542 3124 551 3141 ,
568 3098 650 3134 luna
666 3109 721 3135 av.
740 3096 869 3144 pascha
885 3098 1072 3135 Nicaenum
1089 3098 1263 3134 obierunt:
1281 3096 1409 3141 Latini,
1426 3108 1468 3133 ne
1486 3109 1560 3134 xm.
1578 3098 1659 3135 luna
1675 3098 1847 3146 passionis
