2008 3294
1555 139 1715 177 CCXXV

711 288 772 325 AD
794 287 1026 326 HAERESffl
1045 288 1170 325 Lxm.

254 355 295 392 N.
319 368 343 392 r.
365 355 576 403 Καλουμένου
598 359 656 392 τοῦ
675 356 888 403 Συντάκτου.]
931 357 1073 392 Hieron.
1095 358 1132 392 in
1154 356 1246 392 Ruff.
1269 357 1369 403 Apol.
1390 369 1414 392 1.
1447 357 1516 392 Pro
1532 358 1718 392 eruditione

164 426 232 459 qna
245 414 355 460 polles
370 420 404 449 ct
415 414 562 458 inclytus
577 413 756 458 συντάκτης
769 417 808 450 in
822 415 993 450 occidente
1009 415 1178 449 laudaris.

493 515 553 551 AD
577 516 807 554 HAERESIM
827 515 1385 560 LXIV„0R1GEN1ANORUM.
1618 540 1642 562 ⁴

253 584 458 621 meimum
481 584 700 631 Origenianis
721 587 790 627 ταῖς
810 583 1036 632 αἰσχροποιοῖς
1059 585 1176 621 locum
1196 585 1415 631 Origenistae
1439 586 1508 620 sibi
1522 570 1718 629 vmfflt,

164 641 213 677 ab
230 639 373 687 Origine
388 642 448 678 illo
462 641 556 678 dicti.
595 642 703 679 Cuius
718 653 850 679 errores
865 642 1104 689 copiosissime
1119 642 1309 677 insectetur
1325 641 1550 689 Epiphanius.
1579 642 1720 680 Horum

163 698 260 734 enim
274 708 358 744 prae
372 699 519 735 caeteris
534 699 740 736 acerrimum
754 710 832 741 aesc
846 698 983 736 hostem
997 702 1163 745 perpetuo
1179 699 1356 745 professus
1373 704 1443 742 est,
1464 711 1528 735 nec
1551 700 1722 737 dubitavit

165 753 385 791 vehementes
406 756 452 792 ob
472 755 508 791 id
528 766 610 793 cum
631 757 806 803 plerisque
826 756 1066 792 altercationes
1092 756 1287 802 suscipere,
1312 756 1469 791 adiutore
1492 767 1578 792 usus
1600 757 1720 793 Hiero-

165 818 272 857 nymo
288 822 329 847 ac
341 811 549 859 Theophilo,
564 823 605 849 ac
619 813 802 861 praecipue
817 813 983 849 Ioannem
997 813 1351 858 Hierosolymitanum
1368 817 1403 848 et
1417 813 1596 849 Ruffinum
1611 815 1722 859 agita-

166 868 225 904 vit.
260 868 333 904 Sed
356 873 390 904 et
413 880 485 905 uma
504 870 566 908 illa
588 879 714 906 caussa
734 870 817 913 fuit,
841 881 903 907 cur
922 881 945 906 a
960 869 1207 916 chrysostomo
1231 870 1446 913 dissentiret,
1470 871 1563 917 quod
1586 872 1616 906 is
1640 876 1721 907 aate

164 925 338 971 §malis
354 926 479 972 synodi
495 926 673 964 decretum
683 927 848 964 damnare
869 927 979 963 nollet
993 926 1191 972 Origenem.
1226 927 1311 963 Vide
1333 938 1422 973 qnae
1445 927 1584 964 Hieron.
1603 932 1723 964 contra

165 981 364 1027 nursinum,
385 983 554 1021 Ioannem
572 984 926 1030 Hierosolymitanum
948 985 1104 1031 scripsit,
1128 995 1192 1020 nec
1212 995 1283 1020 non
1307 989 1342 1020 et
1364 984 1560 1027 Socratem,
1584 985 1720 1021 Sozom.

166 1039 311 1086 Niceph.

257 1095 299 1135 N.
315 1109 340 1133 1.
364 1095 428 1132 ’Ἐν
442 1097 574 1144 χρόνοις
590 1097 704 1133 Δεκίου
718 1101 777 1134 τοῦ
794 1097 982 1144 hauddum]
1011 1098 1110 1135 Vixit
1130 1098 1270 1145 quidem
1286 1099 1456 1145 Origenes
1479 1102 1637 1135 extrema
1651 1101 1722 1135 iam

170 1157 284 1189 aetate
300 1154 366 1193 sub
381 1154 500 1199 Decio,
515 1161 551 1191 et
565 1155 610 1191 ad
625 1154 765 1191 Gallum
781 1165 822 1191 ac
835 1155 1063 1192 Volusianum
1079 1166 1191 1202 nsque
1206 1157 1373 1202 pervenit.
1402 1156 1471 1191 Sed
1488 1166 1549 1191 cur
1563 1155 1723 1191 floruisse

168 1214 231 1246 aut
245 1211 538 1249 celebremsuiase
557 1211 707 1248 subtile
729 1212 844 1260 potius
868 1223 974 1259 quam
996 1213 1063 1248 sub
1086 1213 1278 1248 interiectis
1299 1213 1568 1260 imperatoribus
1588 1214 1724 1256 dixerit,

169 1268 255 1303 satis
270 1268 388 1304 mirari
402 1279 474 1305 non
484 1279 642 1316 possum.
675 1269 764 1306 Nam
778 1279 802 1305 a
816 1269 936 1306 Severi
951 1270 1166 1317 temporibus
1182 1270 1345 1317 deinceps
1361 1281 1500 1306 summa
1515 1271 1551 1306 in
1569 1272 1725 1306 omnium

169 1325 396 1361 admiratione
409 1325 486 1362 fuit.
528 1325 783 1372 Lego-limem
795 1327 966 1363 Historiae
985 1327 1045 1362 lib.
1053 1339 1112 1369 vr„
1128 1327 1189 1363 ubi
1204 1326 1366 1373 Origenis
1380 1338 1437 1362 res
1453 1332 1570 1373 gestas
1586 1338 1724 1363 accura-

166 1381 303 1418 tissime
317 1382 527 1430 perscripsit.
549 1382 709 1420 Invenies
719 1394 791 1419 nou
799 1383 907 1420 modo
918 1384 1011 1430 apud
1023 1382 1256 1427 Christianos,
1272 1384 1334 1419 sed
1349 1387 1384 1419 et
1395 1385 1487 1430 apud
1498 1386 1724 1431 imperatores

169 1439 265 1485 ipsos
279 1439 467 1486 plurimum
484 1439 660 1486 ‚gratis-t
680 1440 976 1477 commendatione
992 1441 1154 1477 valuisse.
1192 1441 1282 1477 Nam
1304 1446 1338 1476 et
1358 1452 1380 1476 a
1395 1442 1593 1477 Mammaea
1606 1443 1725 1478 Antio-

169 1495 284 1532 chiam
295 1496 424 1532 accitus
436 1495 573 1540 dicitur,
586 1500 622 1532 et
630 1496 677 1533 ad
687 1496 884 1544 Philippum
894 1498 1041 1544 eiusque
1052 1498 1239 1544 coniugem
1249 1499 1368 1534 literas
1382 1498 1487 1535 dedit.
1513 1498 1602 1541 Quid
1617 1500 1726 1545 igitur

168 1553 358 1596 attinebat,
374 1553 582 1590 nominatim
595 1553 711 1598 Decii,
733 1558 770 1590 et
790 1554 930 1601 quidem
946 1556 1048 1591 unius
1064 1556 1276 1591 mentionem
1291 1555 1429 1591 facere?
1475 1555 1566 1598 Quin
1586 1560 1623 1591 et
1642 1557 1724 1591 illud

168 1613 280 1656 auget
300 1609 582 1654 admirationem,
604 1610 697 1657 quod
718 1611 779 1648 lib.
797 1611 840 1647 de
854 1612 961 1647 Pond.
978 1616 1015 1647 et
1033 1613 1144 1648 Mens.
1159 1622 1240 1659 pag.
1256 1612 1331 1648 174.
1353 1613 1491 1659 scripsit
1512 1612 1725 1660 Epiphanius

172 1666 359 1713 Origenem
373 1667 419 1703 ab
432 1667 766 1714 imperatorisDecii
787 1672 942 1715 tempore
964 1669 1008 1704 ad
1025 1668 1166 1705 Gallum
1189 1674 1223 1705 et
1246 1669 1475 1705 Volusianum
1498 1674 1534 1705 et
1554 1671 1642 1706 ultra
1662 1670 1725 1706 flo-

167 1724 296 1760 ruisse.
323 1723 425 1760 Anno
435 1724 560 1767 Severi
575 1724 708 1761 decimo
723 1725 894 1762 Leonides
909 1725 1070 1772 Origenia
1085 1730 1183 1773 pater
1202 1727 1407 1772 martyrium
1430 1727 1535 1770 obiit,
1555 1738 1636 1763 cum
1652 1728 1725 1763 Ori-

171 1791 280 1827 genes
294 1792 358 1816 χιι.
373 1781 496 1817 aetatis
517 1782 649 1829 agebat
669 1791 819 1826 annum,
842 1786 882 1818 ut
903 1787 1003 1819 autor
1026 1788 1080 1819 est
1098 1783 1270 1819 Eusebius
1286 1784 1345 1819 lib.
1359 1796 1404 1819 vr.
1421 1795 1495 1830 cap.
1510 1796 1547 1820 u.
1593 1784 1674 1820 Fuit
1695 1786 1726 1819 is

171 1848 285 1874 annus
307 1837 433 1875 Christi
447 1839 590 1875 circiter
604 1849 690 1876 con.
733 1839 822 1875 Nam
846 1839 994 1876 Severus
1016 1851 1110 1876 anuo
1131 1840 1205 1876 fere
1227 1850 1351 1878 oxcm.
1373 1841 1557 1887 imperium
1579 1852 1725 1877 exorsus

172 1898 236 1931 est.
276 1894 352 1931 1100
364 1895 396 1930 si
410 1895 460 1931 ita
475 1899 546 1939 est,
565 1899 669 1932 ustus
684 1897 750 1932 erit
764 1896 912 1943 Orignes
927 1907 1019 1933 anno
1035 1896 1163 1933 Christi
1178 1908 1346 1933 cmxxvi.
1382 1898 1478 1934 Vixit
1491 1901 1608 1934 autem
1624 1900 1726 1934 annis

173 1963 282 1995 mx„
304 1955 344 1988 ut
356 1951 448 1988 idem
462 1952 522 1989 lib.
535 1965 596 1989 vu.
612 1963 686 1999 cap.
699 1965 724 1990 1.
741 1957 898 1990 testatur.
941 1953 1054 1996 Quare
1068 1955 1215 1990 moritur
1230 1965 1323 1990 anno
1341 1965 1470 1998 σθαι,
1485 1955 1541 1990 vel
1556 1957 1725 2001 sequenti,

175 2007 382 2056 quoflallus
400 2013 435 2045 et
445 2009 655 2046 Volusianus
676 2010 877 2057 interempti
899 2014 994 2046 sunt.
1038 2011 1113 2047 Iam
1136 2011 1232 2047 Decii
1253 2012 1387 2057 primus
1411 2022 1524 2047 annus
1548 2012 1668 2048 incidit
1690 2015 1725 2048 in

170 2065 301 2103 Ohriati
315 2075 422 2109 ceu,
436 2077 507 2112 quo
528 2066 668 2113 quidem
689 2066 857 2114 Origenes
880 2079 975 2104 nxvx.
998 2079 1132 2104 annum
1155 2068 1330 2114 attigerat.
1374 2068 1453 2104 Non
1468 2069 1577 2114 igitur
1598 2070 1643 2104 ab
1666 2070 1725 2104 illo

173 2123 481 2170 demum-<tempore
495 2122 707 2170 γνωρίζεσθαι
721 2124 777 2159 vel
792 2122 944 2171 ἀκμάζειν
959 2126 1085 2172 coepit.
1121 2125 1292 2171 Equidem
1307 2136 1427 2161 vereor
1448 2137 1493 2161 ne
1513 2125 1570 2161 hic
1588 2137 1726 2172 quoque

170 2179 403 2217 hallucinatus
417 2179 631 2227 Epiphanius
646 2180 792 2217 Decium
807 2192 870 2228 pro
886 2181 1015 2217 Severo
1030 2182 1228 2228 sumpserit.
1260 2181 1348 2218 Nam
1364 2182 1402 2217 in
1418 2183 1506 2218 libro
1523 2182 1565 2217 de
1579 2183 1724 2219 Ponder.

173 2241 212 2273 et
223 2237 336 2275 unns.
351 2240 538 2284 postquam
550 2238 708 2284 insignes
725 2238 859 2284 aliquot
872 2242 1060 2284 martyres,
1083 2239 1143 2285 qui
1158 2240 1224 2274 sub
1239 2239 1346 2275 Decio
1362 2239 1458 2285 passi
1472 2239 1628 2282 fuerant,
1650 2251 1725 2286 per-

174 2295 326 2338 censm’t,
340 2294 448 2331 veluti
460 2293 632 2340 Babylam
641 2320 651 2337 ,
664 2293 874 2338 Fabianum,
890 2295 1143 2339 Alexandrum,
1158 2296 1317 2339 subiicit,
1334 2296 1388 2331 καὶ
1401 2295 1499 2335 αὐτὸς
1512 2296 1548 2330 δὲ
1559 2294 1725 2342 Ὠριγένης

174 2350 287 2387 πολλὰ
301 2349 528 2391 mnemon&
542 2350 638 2391 τέλος
653 2354 711 2386 τοῦ
728 2352 905 2398 μαρτυρίου
927 2351 988 2387 οὐκ
1011 2350 1158 2398 ἔφθασεν.
1190 2353 1280 2388 Tum
1303 2354 1472 2398 reliquam
1493 2354 1726 2389 narrationem

175 2408 331 2444 subtexit
342 2408 386 2444 de
405 2408 618 2455 profectione
637 2408 677 2443 in
698 2407 949 2452 Palaestinam,
972 2409 1094 2455 deque
1106 2421 1218 2445 xxvm
1235 2420 1406 2444 annorum
1427 2420 1567 2445 secessu
1588 2410 1627 2445 in
1641 2411 1726 2446 urbe

175 2465 286 2511 Tyro,
306 2475 396 2512 quae
416 2463 482 2501 hoc
501 2465 577 2501 loco
601 2465 742 2500 uberius
765 2466 959 2511 exequitur.
1002 2466 1111 2512 Atqui
1129 2465 1216 2501 haec
1232 2466 1290 2501 diu
1305 2470 1385 2500 ante
1401 2465 1544 2502 Decium
1561 2467 1726 2503 accidisse

176 2532 318 2558 necnee
332 2525 396 2558 est.
426 2521 570 2557 Videtur
586 2532 670 2567 ergo
685 2532 747 2568 pro
764 2521 892 2557 Severo
906 2522 1116 2568 imprudenti
1130 2523 1327 2568 obrepsisse
1342 2522 1481 2558 Decius.

267 2577 365 2626 Τάχα
380 2578 417 2614 δὲ
430 2577 463 2613 ὄν
478 2577 654 2624 Ἀθήναις]
697 2578 737 2613 Si
757 2571 793 2613 id
808 2589 928 2614 verum
949 2582 1019 2621 eet,
1042 2578 1212 2614 diversam
1231 2578 1322 2614 hauc
1343 2579 1388 2614 ab
1403 2579 1463 2614 ills
1477 2580 1725 2626 profectionem

178 2638 314 2681 oportet
328 2635 441 2671 fuisse
462 2635 561 2671 cuius
582 2635 742 2670 meminit
760 2635 932 2671 Eusebius
951 2635 1011 2671 lib.
1024 2646 1071 2670 vr.
1087 2645 1163 2682 cap.
1176 2647 1259 2671 xvu.
1277 2646 1348 2681 qua
1368 2637 1434 2671 sub
1449 2637 1646 2673 Alexandro
1661 2639 1724 2674 irn-

180 2694 338 2737 pensor·
356 2693 432 2728 iam
453 2695 568 2728 aetate
589 2695 625 2728 et
647 2691 840 2727 eruditione
862 2691 1021 2727 firmatus
1038 2691 1206 2738 Origenes
1228 2692 1265 2727 in
1283 2691 1463 2729 Graeciam
1487 2705 1507 2729 e
1529 2694 1725 2731 Palaestina

180 2749 343 2793 peruenit.
387 2748 584 2792 Quinetiam
597 2752 716 2785 narrat
729 2748 821 2785 idem
837 2759 912 2794 cap.
924 2760 1006 2783 xxv.
1022 2747 1165 2783 Athenis
1179 2750 1446 2786 commentarios
1459 2751 1496 2786 in
1511 2751 1725 2788 Ezechielem

181 2804 280 2839 illum
293 2804 493 2842 absolvisse.

270 2859 334 2896 Καὶ
347 2861 411 2908 γὰρ
424 2865 530 2910 καιρῷ
550 2865 657 2907 aare]
702 2861 848 2905 Quando
867 2862 937 2897 ista
957 2863 1164 2908 contigerint
1183 2863 1322 2899 nonnisi
1341 2865 1540 2900 coniectura
1561 2868 1725 2913 consequi

183 2928 382 2964 possumus.
411 2917 508 2960 Quae
517 2920 590 2956 nisi
602 2931 660 2955 me
674 2919 779 2963 fallit,
801 2919 866 2955 sub
882 2918 1011 2954 Severo
1026 2918 1110 2954 haec
1126 2931 1249 2966 passus
1263 2925 1318 2956 est
1332 2920 1500 2967 Origenes
1515 2923 1627 2958 adhuc
1643 2924 1724 2958 edo·

183 2975 328 3010 lescens.
357 2974 442 3011 Vide
455 2975 597 3013 Eusebii
611 2987 686 3023 cap.
702 2988 755 3014 111.
799 2977 913 3022 Atque
934 2976 1056 3012 iccirco
1079 2977 1218 3022 quidem
1232 2988 1254 3014 a
1268 2978 1456 3024 gentilibus
1471 2979 1633 3015 adrasum
1649 2991 1724 3015 esse

252 3043 337 3076 eom.
348 3043 512 3072 Haereeeol.
524 3045 574 3073 111.
1429 3046 1456 3081 Ρ

1757 942 1783 967 p.
1796 934 1854 960 257.
