2008 3294
187 1654 215 1679 p.
228 1646 286 1673 833.

315 227 484 265 ΟΟΧΟΝ

317 333 400 367 bum
415 332 629 367 Nazaraeum
645 331 803 365 extitisse
819 330 900 366 dicit
921 331 1067 377 ideoque
1090 330 1252 365 carnibus
1274 340 1314 364 ac
1332 330 1411 364 vino
1434 331 1655 376 temperasse.
1701 328 1792 374 Ergo
1809 339 1868 363 ne-

316 401 383 436 que
406 388 606 436 paschalem
629 399 780 434 agnum,
803 399 916 434 neque
937 389 1102 435 poculum
1126 391 1283 422 extrema
1305 387 1366 422 illa
1389 397 1496 422 coena
1518 386 1678 433 sumpsit.
1727 385 1870 420 Caetera

316 446 400 481 nihil
416 457 542 481 moror.
568 445 639 480 Nec
657 445 806 479 diffiteor
820 445 990 480 nonnulla
1004 446 1059 479 vel
1075 446 1118 479 ab
1131 444 1328 490 Hegesippo
1344 443 1491 490 prodita,
1506 444 1561 478 vel
1577 443 1621 478 ab
1637 442 1714 477 aliis
1731 443 1869 485 inserta,

317 514 405 549 quae
419 513 543 549 parum
564 502 760 548 probabilia
773 502 965 537 videantur.
1011 502 1080 537 Sed
1103 506 1214 536 totam
1235 502 1350 547 ipsam
1372 499 1553 535 historiam
1574 510 1665 546 nego
1689 502 1871 546 propterea

317 560 550 595 damnandam
563 570 652 594 esse.
675 558 765 594 Nam
775 559 940 605 pleraque
951 559 988 594 in
1002 560 1063 594 illa
1074 569 1156 594 vera
1171 562 1262 599 sunt,
1279 560 1339 592 aut
1350 557 1439 592 veris
1457 560 1547 592 certe
1562 556 1750 599 simillima,
1766 567 1870 603 quae·

317 617 397 652 dam
413 616 647 658 subabsurda,
664 616 866 662 praesertim
883 627 971 662 quae
987 617 1031 651 ab
1048 616 1124 651 aliis
1141 615 1258 650 addita
1274 615 1422 649 fuerunt.
1447 613 1542 656 Quae
1558 617 1675 649 autem
1692 624 1872 660 opponun-

316 678 373 709 tur
389 685 411 709 a
425 674 605 720 Scaligero
620 685 691 708 neu
707 682 874 719 magnum
891 677 1108 709 momentum
1123 673 1167 707 ad
1182 672 1275 706 illius
1296 670 1556 717 infringendam
1576 671 1799 706 autoritatem
1821 670 1871 705 af-

315 732 441 766 ferunt.
465 731 620 766 Primum
635 730 722 766 illud
737 733 791 765 est
805 730 848 765 de
861 729 998 765 Sanctis
1011 730 1220 765 Sanctorum
1229 755 1238 772 ,
1255 739 1344 774 quae
1360 728 1453 774 apud
1467 728 1704 774 Hegesippum
1718 720 1871 763 tantum-

316 788 420 823 modo
437 793 518 823 sunt
534 787 620 835 ἅγια.
653 787 772 834 Τούτῳ
790 788 894 834 μόνῳ,
910 787 1034 833 inquit,
1051 785 1122 830 ἐξῆν
1139 785 1180 826 εἰς
1196 786 1238 820 τὰ
1254 785 1331 832 ἅγια
1347 783 1477 825 εἰςιέναι.
1511 785 1665 827 Licebat,
1681 785 1803 831 iuquit,
1818 784 1873 818 illa·

316 847 382 880 soli
396 849 433 880 in
448 852 571 880 sancta
586 847 724 890 iuqredi
731 871 740 888 ,
762 855 833 880 uon
847 844 968 891 ntique
985 843 1114 878 Sancta
1129 843 1354 886 Sanctorum,
1376 843 1449 876 sive
1469 849 1596 882 arcana
1609 841 1671 876 illa
1685 842 1872 876 sanctiora-

319 914 384 949 que
407 903 613 949 penetralia,
637 913 726 948 quae
749 902 814 937 soli
835 900 992 948 pontifici
1015 901 1124 935 semel
1147 900 1332 946 quotannis
1352 897 1534 946 patebant,
1557 898 1619 933 sed
1642 896 1730 944 quae
1753 901 1875 934 sancta

319 960 523 1006 simpliciter
534 960 746 1002 nominatur,
761 958 798 993 in
811 957 936 1004 quibus
947 969 1068 992 mensa
1076 961 1112 992 et
1118 968 1227 1004 panes
1235 957 1403 1003 propositi
1413 967 1453 991 ac
1465 955 1709 991 candelabrum
1723 958 1757 990 et
1767 955 1874 990 altare

318 1016 474 1059 suffitus3
499 1027 603 1062 quem
626 1018 663 1051 iu
685 1017 802 1051 locum
817 1015 1009 1050 sacerdotes
1030 1014 1182 1061 quotidie
1199 1013 1335 1060 ingredi
1350 1013 1518 1048 solebant.
1565 1012 1640 1047 Huc
1655 1013 1762 1058 igitur
1776 1012 1808 1047 si
1822 1011 1874 1046 Ia-

319 1074 427 1109 cobus
444 1073 617 1108 admissus
633 1077 704 1115 est,
726 1074 786 1119 qui
802 1083 865 1107 nec
881 1072 1020 1114 Levita,
1043 1071 1171 1106 nedum
1188 1070 1349 1106 sacerdos
1365 1074 1474 1113 esset,
1494 1069 1682 1116 singularis
1697 1067 1808 1104 honor
1824 1073 1876 1104 est

321 1130 495 1165 sanctitati
510 1130 603 1165 illius
618 1129 771 1164 habitus.
817 1128 904 1164 Cum
927 1132 1046 1163 autem
1069 1129 1199 1163 factum
1222 1139 1298 1162 esse
1313 1131 1387 1162 tam
1402 1127 1529 1162 vetusti
1545 1131 1580 1161 et
1595 1137 1719 1173 graves
1734 1129 1874 1167 autores

319 1191 495 1230 asserant,
518 1198 579 1222 cur
594 1186 726 1221 factum
742 1187 789 1220 sit
804 1186 1018 1227 mirandum,
1041 1186 1097 1220 vel
1113 1184 1347 1231 quaerendum
1363 1185 1478 1230 magis
1495 1188 1566 1227 est,
1589 1194 1694 1230 quam
1717 1183 1759 1218 de
1777 1193 1875 1230 prae·

320 1244 616 1278 stantissimorum
638 1244 790 1278 vitorum
815 1243 997 1278 autoritate
1021 1242 1259 1277 dubitandum.
1293 1242 1342 1276 Ac
1366 1253 1445 1276 cum
1465 1241 1684 1287 Hegesippus
1704 1239 1781 1286 ἅγια
1800 1239 1877 1275 sols

321 1304 641 1342 commemorasset,
665 1301 790 1335 caeteri
802 1301 868 1334 τῶν
885 1299 986 1345 ἁγίων
1002 1299 1221 1341 addiderunt,
1245 1302 1285 1334 ut
1299 1298 1510 1345 Epiphanius
1526 1297 1591 1333 hoc
1607 1298 1683 1333 loco
1701 1300 1736 1332 et
1751 1297 1876 1332 doctis—

321 1356 431 1391 simus
447 1356 678 1402 Hieronymus
695 1358 730 1391 iu
747 1357 928 1403 Catalogo.
974 1356 1044 1391 Sed
1067 1356 1107 1390 τὰ
1130 1353 1207 1402 ἆγια
1230 1357 1295 1389 τῶν
1319 1354 1421 1402 ἁγίων
1445 1366 1549 1402 saepe
1567 1365 1630 1401 pro
1647 1353 1750 1400 ἁγίοις
1764 1358 1802 1389 et
1816 1365 1876 1389 ex·

321 1414 439 1448 teriori
457 1413 560 1448 domo
570 1439 579 1455 ,
594 1411 659 1447 hoc
675 1417 728 1447 est
742 1395 860 1458 55Ἶῇ
882 1416 1102 1460 usurpantur,
1124 1424 1187 1448 nec
1205 1413 1317 1448 solum
1333 1423 1394 1459 pro
1412 1415 1535 1455 ἻὉἾ,
1557 1412 1630 1446 sive
1645 1412 1779 1446 intimis
1793 1411 1876 1459 ady-

320 1470 377 1506 tis.
425 1470 483 1504 Sic
509 1469 600 1515 apud
624 1469 856 1515 Epiphaniam
878 1471 939 1505 lib.
962 1471 1004 1504 de
1027 1482 1088 1505 xn.
1113 1470 1278 1516 gemmis,
1307 1480 1381 1516 cap.
1406 1469 1448 1504 de
1469 1469 1676 1504 Adamante:
1701 1470 1817 1503 τοῦτον
1841 1467 1878 1503 δὲ

322 1526 429 1574 ἐφόρει
447 1525 464 1560 ὁ
482 1524 647 1573 ἀρχιερεὺς
664 1524 718 1560 ὅτε
734 1524 897 1573 εἰςήρχετο
913 1525 955 1566 εἰς
971 1525 1012 1560 τὰ
1028 1526 1104 1573 ἅγια
1119 1529 1185 1560 τῶν
1203 1525 1315 1572 ἁγίων·
1333 1526 1399 1573 τρὶς
1413 1525 1448 1561 δὲ
1464 1529 1522 1560 τοῦ
1539 1524 1684 1560 ἐνιαυτοῦ
1701 1523 1876 1572 είςήρχετο,

322 1587 360 1629 τῇ
378 1583 474 1630 ἑορτῇ
491 1586 550 1617 τοῦ
567 1581 699 1630 πάσχα,
718 1585 772 1626 τῆς
790 1586 1023 1627 πεντηκοστῆς,
1041 1583 1095 1618 καὶ
1111 1583 1414 1629 τῆςσκηνοπηγίας.
1461 1583 1535 1618 Hoc
1558 1583 1635 1618 loco
1659 1580 1700 1617 τὰ
1719 1582 1796 1630 ἅγια
1810 1584 1876 1617 τῶν

323 1640 425 1687 ἁγίων
441 1641 589 1688 primam
604 1641 703 1675 illam
718 1640 839 1687 templi
853 1641 1025 1676 interioris
1041 1651 1081 1691 ρο
1096 1638 1326 1692 tectimm
1342 1639 1551 1686 significant.
1587 1639 1676 1682 Quia
1695 1650 1808 1686 neque
1826 1643 1878 1675 ter

324 1698 509 1744 quotannis
524 1698 701 1743 penetrale
717 1697 803 1732 illud
819 1694 1228 1745 sacrosanctamadibat,
1248 1686 1315 1742 flii
1327 1697 1499 1732 duntaxat
1521 1697 1643 1740 semel,
1668 1700 1703 1732 et
1725 1708 1805 1732 cum
1826 1697 1878 1732 iu·

323 1756 534 1802 grederetur,
550 1755 723 1801 pectorale
736 1758 952 1801 gemmatum
965 1763 1005 1790 ac
1016 1744 1187 1811 rffiiquum
1203 1763 1342 1791 omnem
1357 1755 1508 1801 ponebat
1519 1757 1694 1797 ornatum,
1710 1757 1746 1789 et
1761 1754 1879 1789 tunica

326 1814 419 1848 linea
431 1812 600 1858 lineisque
615 1811 858 1854 femoralibus,
875 1822 980 1854 zona,
1001 1810 1110 1862 cidari
1121 1810 1224 1847 lineis
1237 1811 1411 1854 utebatur.
1457 1810 1535 1846 Nou
1551 1811 1649 1846 aliter
1665 1810 1704 1845 τὰ
1720 1809 1797 1857 ἅγια
1812 1812 1877 1845 τῶν
1927 1833 1932 1838 -

325 1868 426 1915 ἁγίων
451 1870 603 1916 appellat
625 1868 892 1914 Chrysostomus
909 1867 1102 1905 Oratsnxn.
1119 1867 1229 1904 'rome
1241 1860 1290 1904 vr.
1305 1868 1384 1903 edit.
1401 1867 1508 1903 Savil.
1524 1878 1607 1915 pag.
1620 1867 1715 1904 644.=
1748 1865 1878 1902 Ἐνεδύ-
1908 1881 1922 1893 ·

325 1938 407 1960 σατο
425 1924 442 1959 ὁ
459 1924 624 1972 ἀρχιερεὺς
641 1924 742 1966 εἰςιὼν
759 1924 801 1966 εἰς
817 1925 857 1960 τὰ
874 1924 951 1971 ἅγια
966 1926 1034 1960 τῶν
1049 1918 1151 1973 &iem
1167 1925 1314 1971 ποδήρη,
1335 1925 1498 1959 τουτέστιν
1513 1923 1639 1971 ἱμάτιον
1654 1922 1720 1959 ἀπὸ
1736 1923 1878 1971 κεφαλῆς

326 1983 422 2030 μέχρι
447 1983 559 2017 ποδῶν
584 1981 836 2029 ἁπεωρισμένον,
866 1981 1035 2029 ἐπωμίδα,
1067 1973 1183 2027 cutm,
1208 1981 1395 2028 περισκελῆ,
1419 1981 1560 2016 πέταλον
1576 1984 1732 2028 χρυσοῦν,
1756 1979 1878 2028 τιάραν,

325 2039 472 2074 τουτέστι
488 2038 676 2085 κυρβασίαν,
700 2038 738 2072 τ“ο
758 2038 882 2085 λόγιων
899 2037 950 2074 ἐπὶ
967 2042 1025 2073 τοῦ
1043 2038 1180 2082 στήθους
1196 2042 1261 2073 etc.
1306 2038 1360 2073 Ita
1381 2038 1506 2074 Fronto
1529 2041 1648 2074 noster
1671 2038 1876 2075 emendavit.

326 2097 415 2133 Nam
432 2108 495 2144 pro
511 2095 622 2144 τιάραν
639 2107 819 2142 perperam
835 2095 962 2142 legitur
978 2095 1008 2130 τί
1024 2093 1103 2142 ἄρα,
1121 2099 1154 2130 et
1170 2106 1232 2142 pro
1248 2094 1436 2142 κυρβασίαν,
1454 2091 1683 2142 κορυβάντιονζ
1721 2094 1772 2130 Ob
1789 2106 1878 2138 eam,

325 2165 431 2201 quam
448 2154 538 2196 dixi,
560 2163 721 2188 caussam
739 2149 778 2186 τὰ
795 2151 871 2199 ἅγια
887 2154 953 2186 τῶν
970 2151 1071 2198 ἁγίων
1084 2150 1330 2198 Ghrysostomo
1347 2163 1417 2187 non
1433 2150 1500 2186 alia
1515 2155 1598 2187 sunt
1613 2163 1718 2198 quam
1734 2150 1774 2187 τὰ
1790 2150 1877 2199 ἅγια,

326 2210 499 2259 quomodo
513 2215 547 2246 et
560 2210 651 2257 apud
663 2210 899 2256 Hegesippum
913 2213 948 2244 et
962 2209 1222 2254 Hieronymum.
1246 2206 1459 2255 Epiphanius
1475 2219 1554 2244 vero
1570 2207 1635 2244 hac
1651 2210 1877 2245 excusatione

325 2270 377 2304 uti
392 2280 462 2304 nou
479 2271 609 2315 potest,
634 2267 715 2314 quia
731 2266 772 2302 (le
789 2277 852 2302 suo
869 2276 1050 2314 perperam
1066 2265 1239 2308 adtexuit,
1262 2264 1348 2306 ἅπαξ
1364 2267 1422 2299 τοῦ
1438 2262 1543 2310 ἔτους,
1561 2265 1653 2312 quod
1669 2277 1806 2302 summo
1822 2277 1878 2302 sa-

327 2315 457 2361 cerdoti
473 2325 644 2372 peculiare
660 2324 742 2367 fuit,
766 2328 806 2359 ut
827 2324 935 2359 semel
948 2324 983 2359 in
1000 2323 1131 2358 Sancta
1146 2323 1354 2358 Sanctorum
1367 2321 1610 2369 ingrederetur.
1657 2323 1780 2358 Iacobo
1795 2334 1876 2360 vero

326 2383 372 2418 ob
388 2382 616 2418 excellentem
631 2381 722 2416 vitae
739 2380 1005 2416 sanctimoniam
1021 2390 1225 2415 concessum
1243 2383 1312 2422 est,
1329 2383 1368 2414 ut
1383 2379 1426 2414 ad
1442 2383 1559 2415 sancta
1574 2380 1780 2427 perveniret,
1798 2390 1878 2417 cum

326 2439 458 2486 alioqui
473 2440 579 2485 vulgo
596 2439 687 2474 linea
702 2439 793 2474 stola
807 2438 1000 2474 vestiretur.
1025 2436 1075 2473 De
1087 2437 1276 2483 gentilibus
1293 2435 1479 2473 absurdum
1495 2439 1548 2471 est
1562 2447 1688 2483 negare
1704 2437 1782 2473 iilos
1797 2447 1878 2473 cum

327 2497 404 2532 aliis
420 2496 632 2543 temporibus
643 2522 652 2538 ‚
668 2506 709 2531 ac
726 2494 931 2531 Iudaeorum
947 2494 1166 2537 solennibus,
1182 2497 1256 2529 tum
1274 2504 1472 2540 azymorum
1489 2491 1627 2537 diebus,
1644 2494 1735 2540 quod
1750 2493 1878 2529 festum

327 2553 431 2600 longe
448 2552 539 2600 apud
556 2552 703 2588 Iudaeos
720 2552 980 2587 celeberrimum
996 2551 1325 2597 fuit,11i0rosolyma
1336 2549 1555 2587 confluxisse.
1579 2549 1629 2585 Ne
1640 2551 1745 2597 longe
1761 2561 1877 2586 exem·

328 2611 386 2657 pls
403 2614 581 2657 petamus,
599 2609 716 2645 loaun.
731 2621 805 2651 κη,
821 2608 874 2644 20.
905 2608 1060 2644 Gentiles
1076 2608 1144 2644 illis
1161 2608 1247 2655 ipsis
1263 2606 1465 2644 solennibus
1479 2606 1642 2643 adorandi
1658 2617 1781 2642 caussa
1797 2618 1878 2643 con-

331 2667 488 2703 veniuntz
508 2666 623 2701 Erant
635 2673 741 2701 autem
757 2667 893 2713 quidam
909 2666 1051 2711 qsnta'les
1066 2677 1106 2700 ea·
1121 2667 1175 2708 iis,
1191 2667 1250 2711 qm·
1264 2664 1503 2707 accenderant,
1520 2670 1554 2699 ut
1571 2665 1756 2699 adorarent
1771 2667 1806 2699 in
1823 2666 1878 2700 dis

323 2726 424 2768 sento.
458 2723 546 2759 Nam
570 2723 612 2758 de
630 2735 678 2759 sn
692 2723 850 2758 tribubus
868 2732 972 2769 quam
988 2722 1104 2769 inepte
1120 2721 1324 2769 praescribit
1339 2720 1509 2767 Scaliger!
1534 2720 1603 2756 imo
1627 2720 1877 2768 propemodum

330 2780 445 2826 impie.
492 2780 531 2815 Si
554 2780 646 2816 enim
668 2791 746 2815 vere
770 2780 918 2826 colligit,
942 2779 1062 2815 eadem
1086 2779 1218 2815 ratione
1241 2777 1487 2814 hallucinatum
1504 2776 1668 2813 iacobum
1683 2778 1877 2824 apostolum

330 2836 490 2883 excipere
507 2842 629 2883 potest,
646 2836 705 2883 qul
722 2836 909 2872 canonicse
926 2836 1091 2883 epistolae
1108 2837 1158 2872 ita
1172 2835 1346 2884 praefatus
1363 2838 1432 2870 estz
1468 2834 1614 2869 Iacobus
1630 2836 1685 2869 dei
1707 2841 1739 2870 et
1753 2836 1878 2870 domini

332 2895 437 2927 nonu-i
454 2893 530 2927 Iesu
547 2893 675 2928 θήκην·
695 2906 826 2934 servus,
850 2894 1022 2928 duodecim
1039 2893 1205 2936 tribubus,
1226 2903 1312 2939 quae
1333 2897 1408 2927 sum
1427 2894 1463 2927 s'n
1480 2892 1701 2937 dispersione,
1723 2892 1875 2928 satutem.

332 2950 418 2986 item
434 2950 509 2984 Act.
524 2960 592 2991 xx„
610 2950 640 2984 ii.
673 2949 798 2985 Paulus
815 2950 863 2986 ita
879 2950 1047 2996 loquitur:
1080 2949 1128 2985 Iz't
1143 2962 1228 2984 nuvae
1245 2951 1281 2984 ιἰι
1294 2960 1369 2996 sps,
1385 2959 1470 2995 quae
1488 2949 1536 2982 ad
1546 2954 1666 2994 patres
1681 2954 1811 2984 nosnos
1824 2960 1876 2984 rs-

331 3008 563 3055 proms'sn‘om's
570 3009 675 3051 finem
693 3013 741 3040 me
756 3020 778 3040 α
797 3008 873 3048 dm»,
896 3009 961 3041 isto
984 3008 1111 3042 iud-'oco
1133 3006 1319 3048 nubem-tue,
1342 3006 1378 3039 s'n
1393 3016 1490 3051 quam
1509 2999 1682 3041 duodecim
1699 3006 1804 3041 eribus
1820 3017 1876 3039 no·

333 3070 426 3100 mos
442 3068 535 3098 noceo
551 3075 594 3097 ac
611 3063 666 3097 dis
682 3064 904 3099 deservientes
918 3068 1060 3109 opu-ane
1070 3064 1258 3109 pervenire.
1286 3060 1449 3104 Quamvis
1465 3061 1557 3097 enim
1574 3061 1741 3098 abductas
1757 3061 1875 3099 decem
