2008 3294
1561 159 1708 197 cccvn

175 271 212 307 in
226 269 416 307 Annalibus
438 268 567 306 Eccles.
585 268 628 304 ad
649 279 779 304 aunum
793 278 890 304 nvm.
911 269 986 302 tum
1002 266 1046 301 ab
1062 266 1154 309 aliis,
1178 265 1238 313 qui
1260 265 1424 302 adversus
1446 264 1606 300 haereses
1629 264 1710 299 scri·

175 331 327 375 pserunt,
343 326 387 362 ad
401 326 492 362 idem
508 329 750 373 argumentum
765 325 936 372 disputata
949 324 1108 371 reperies.

266 384 508 432 Δευτερὸγαμον
525 383 560 417 δὲ
577 383 636 417 οὐκ
652 380 753 424 ἔξεστι
769 381 943 429 δέχεσθαι]
977 380 1143 427 Digamos
1157 391 1229 416 non
1245 380 1359 416 solum
1374 380 1418 416 ab
1433 377 1623 427 episcopali
1637 389 1711 413 mu-

177 451 268 484 nere,
283 440 345 476 sed
359 441 462 476 etiam
478 451 499 475 a
513 441 619 475 sacris
636 439 796 476 omnibus
812 437 987 475 ordinibus
1003 438 1165 473 exclusos
1180 437 1286 473 fuisse
1301 440 1477 485 perpetuo,
1493 436 1552 484 qui
1566 435 1713 483 probare

177 499 274 542 velit,
295 498 325 533 is
342 498 412 534 otio
428 502 463 532 et
477 497 595 533 charta
609 498 874 544 intemperanter
888 495 1059 531 abutatur.
1093 494 1143 530 De
1160 495 1330 541 episcopis
1345 495 1442 530 locus
1457 497 1510 530 est
1525 493 1672 540 apostoli
1687 504 1711 528 1.

176 555 265 592 Tim.
282 567 352 591 rn.:
391 555 527 602 Oportet
548 558 736 601 episcopum
760 565 829 589 esse
847 554 945 588 unius
965 554 1080 587 uxoris
1099 554 1224 594 virum,·
1247 551 1339 598 quod
1360 551 1452 587 idem
1475 555 1510 586 et
1531 550 1575 586 ad
1597 550 1715 586 Titum

177 622 251 658 cap.
261 624 297 655 1.,
313 611 344 647 7.
356 612 488 658 repetit.
513 611 644 654 Quibus
659 611 695 647 in
710 611 795 646 locis
807 609 898 646 Beza
919 612 953 644 et
967 607 1129 644 haeretici
1145 619 1282 652 omnes,
1301 608 1504 656 praesertim
1521 607 1714 644 Molinaeus

176 669 212 704 ln
227 667 323 704 Fidei
338 668 459 712 Scuto,
475 679 538 704 nec
553 680 624 704 non
639 672 674 703 et
687 667 948 703 iurisconsultus
962 666 1020 701 ille
1036 676 1140 712 supra
1154 665 1321 700 refutatus
1338 676 1359 701 a
1373 666 1474 701 nobis
1483 692 1492 709 ,
1508 665 1550 700 de
1566 664 1716 712 digamis

176 725 244 761 illis
260 726 455 773 apostolum
469 726 744 773 interpretantur,
766 724 825 772 qui
840 724 924 760 citra
937 723 1130 770 legitimam
1146 733 1322 766 caussam,
1342 722 1408 758 hoc
1429 727 1482 758 est
1501 725 1638 770 praeter
1656 721 1715 756 ad-

177 782 292 818 ulterii
307 783 460 830 culpam,
481 783 660 830 repudiata
675 782 822 828 coniuge
837 781 980 816 alteram
999 779 1189 815 duxissent.
1223 780 1352 815 Verum
1366 779 1505 815 tametsi
1519 779 1584 815 hoc
1601 780 1716 827 ipsum

177 838 395 886 digamorum
407 850 518 886 genus
531 839 652 875 eodem
663 839 811 886 apostoli
823 837 957 873 decreto
974 835 1282 884 comprehenditur,
1298 836 1585 872 absurdissimum
1599 839 1717 872 tamen

178 899 232 931 est
245 907 317 932 non
332 907 391 932 eos
408 907 544 944 quoque
560 896 727 932 contineri
742 895 895 939 credere,
919 894 979 942 qui
999 905 1110 931 uxore
1131 898 1269 928 mortua
1292 894 1396 929 aliam
1415 893 1498 937 sibi,
1522 896 1556 928 et
1579 893 1718 940 quidem

178 953 387 1000 legitimam,
410 954 593 1000 coniugem
613 953 828 990 adsciverint.
863 952 914 988 De
930 962 998 999 quo
1013 951 1325 986 luculentissimum
1340 950 1405 986 hoc
1421 951 1457 986 in
1471 952 1548 986 loco
1563 951 1718 986 testimo-

178 1010 276 1045 nium
290 1009 398 1045 habes
409 1009 607 1058 Epiphanii,
622 1021 686 1046 nec
699 1022 771 1046 non
786 1013 821 1046 et
833 1010 871 1045 in
887 1007 1111 1045 Gatharorum
1124 1007 1219 1044 haer.
1233 1018 1304 1043 mx.
1319 1019 1415 1043 num.
1427 1020 1474 1044 ιν.
1512 1007 1580 1043 Ubi
1595 1007 1719 1043 diserte

178 1071 284 1114 negat
299 1078 415 1103 sacros
431 1067 476 1103 ad
491 1067 627 1103 ordines
641 1067 739 1103 illum
754 1067 877 1115 recipi,
894 1066 953 1113 qui
967 1066 1080 1113 priore
1096 1065 1243 1112 coniuge
1258 1069 1395 1100 mortua
1411 1066 1554 1102 alteram
1570 1064 1718 1101 duxerit.

179 1123 278 1166 Quod
293 1125 379 1160 adeo
391 1134 510 1160 verum
526 1127 589 1167 est,
604 1128 700 1160 utne
711 1124 831 1166 Ariani
845 1123 982 1171 quidem
998 1126 1118 1158 contra
1133 1133 1352 1158 communem
1365 1123 1462 1158 illam
1477 1126 1721 1169 receptamque

179 1181 464 1217 consuetudinem
474 1182 590 1217 venire
605 1181 682 1217 ausi
696 1181 834 1218 fuerint.
858 1179 948 1216 Nam
962 1180 998 1215 in
1014 1179 1252 1215 Ebionitarum
1266 1178 1402 1215 haeresi
1413 1191 1496 1215 ιιι.
1511 1191 1606 1215 num.
1619 1192 1651 1214 v.
1668 1180 1720 1214 Io·

179 1237 306 1285 sephus
324 1238 464 1282 Comes,
488 1249 566 1274 cum
580 1238 716 1283 Ariani,
739 1241 779 1274 ut
801 1237 845 1274 ad
863 1242 979 1285 partes
994 1248 1076 1272 suas
1098 1237 1195 1272 illum
1216 1236 1407 1280 traherent,
1428 1237 1667 1284 episcopatum
1690 1238 1722 1272 ei

178 1295 431 1342 pollicerentur,
451 1306 495 1331 ne
516 1295 645 1331 invitus
668 1295 711 1331 ab
733 1295 802 1331 illis
827 1294 1050 1337 ordinaretur,
1071 1295 1184 1341 priore
1205 1294 1353 1341 coniuge
1377 1293 1538 1330 defuncta
1551 1294 1721 1329 secundas

179 1353 318 1400 nuptias
333 1353 420 1388 iniit.
444 1351 645 1396 Quaesitum
661 1353 743 1388 olim
757 1352 835 1396 fuit,
853 1355 970 1387 utrum
985 1352 1045 1399 qui
1061 1355 1140 1387 ante
1156 1351 1368 1398 baptismum
1383 1351 1568 1398 coniugem
1582 1350 1722 1386 habuis-

180 1413 248 1453 set,
271 1409 431 1456 digamus
453 1409 622 1446 eiusmodi
635 1412 832 1446 censeretur
847 1409 906 1456 qui
921 1409 966 1444 ab
981 1409 1222 1444 ecclesiasticis
1238 1408 1414 1444 ordinibus
1429 1412 1614 1444 arceretur.
1648 1407 1724 1451 Qua

180 1466 222 1501 de
243 1477 281 1502 re
303 1477 425 1514 parum
445 1467 634 1514 probabilis
655 1467 858 1513 Hieronymi
878 1466 1049 1501 sententia
1070 1469 1167 1501 extat
1180 1466 1217 1501 in
1232 1466 1341 1513 Epist.
1358 1466 1402 1501 ad
1418 1466 1611 1509 Oceanum,
1636 1476 1723 1512 quae

181 1526 234 1558 est
248 1535 395 1560 nxxxm.
430 1523 494 1560 Oui
515 1525 687 1560 contraria
709 1528 763 1560 est
777 1523 964 1571 Augustini
986 1524 1045 1560 lib.
1062 1523 1104 1558 de
1119 1522 1217 1558 Bono
1234 1522 1395 1570 Coniugii
1413 1534 1487 1570 cap.
1504 1535 1616 1566 xvm„
1639 1521 1724 1558 alio-

181 1591 326 1627 rumque
341 1584 479 1628 patrum
495 1581 627 1629 opinio,
643 1581 699 1617 cui
715 1581 947 1617 ecclesiastica
960 1580 1099 1616 traditio
1114 1591 1154 1615 ac
1169 1579 1381 1616 cousuetudo
1398 1579 1617 1628 suffragatur.
1648 1579 1725 1622 Qua

181 1637 223 1672 de
238 1649 275 1673 re
283 1638 457 1674 Valentini
472 1638 623 1682 concilii,
647 1637 739 1686 quod
754 1639 819 1674 sub
834 1638 986 1674 Damaso
1003 1637 1213 1674 celebratum
1229 1641 1291 1681 est,
1308 1637 1427 1674 Canon
1442 1639 1574 1685 primus
1590 1638 1640 1672 ita
1654 1641 1724 1672 sta-

181 1695 262 1730 tuit:
293 1694 349 1730 Un'
364 1697 494 1741 diqami
508 1707 548 1731 ne
564 1697 759 1731 ordinentur
774 1696 908 1738 clerici,
926 1697 1060 1730 etiamsi
1073 1696 1214 1741 qentiles
1229 1695 1341 1730 adhuc
1357 1695 1424 1730 Ιιαι·
1440 1707 1475 1730 ee
1489 1696 1638 1742 infelicis
1652 1707 1725 1730 sor·

183 1755 226 1786 ris
240 1755 437 1787 necessitate
458 1753 714 1790 maculaverint.
745 1752 832 1788 Vide
851 1752 968 1788 Inuoc.
984 1765 1008 1789 1.
1033 1751 1142 1799 Epist.
1157 1764 1195 1788 ιι.
1218 1763 1294 1799 cap.
1307 1764 1355 1788 vr.
1394 1751 1484 1794 Quin
1507 1755 1542 1787 et
1563 1752 1724 1788 Zosimus

183 1819 275 1856 papa
289 1809 387 1856 epist.
402 1821 424 1845 1.
439 1821 510 1845 non
525 1809 627 1845 modo
644 1810 862 1857 episcopum,
879 1812 939 1845 aut
951 1809 1134 1845 diaconum
1149 1820 1189 1844 ac
1205 1809 1471 1853 subdiaconum,
1486 1809 1547 1844 sed
1562 1821 1606 1845 ne
1621 1810 1725 1845 lecto-

182 1877 255 1901 rem
272 1866 426 1913 quidem,
449 1869 509 1902 aut
530 1866 736 1902 exorcistam
758 1866 834 1902 fieri
847 1867 978 1914 patitur
992 1877 1072 1901 eum
1089 1866 1148 1913 qui
1162 1866 1286 1902 viduae
1301 1867 1346 1902 sit
1359 1867 1516 1902 maritus.
1549 1866 1666 1902 Redeo
1682 1867 1725 1902 ad

183 1923 331 1970 apostoli
345 1924 461 1959 locum
475 1923 574 1959 illum
589 1936 614 1960 1.
632 1923 675 1959 ad
691 1924 780 1960 Tim.
798 1935 849 1960 ιιι.
884 1923 1010 1967 Quem,
1031 1924 1083 1959 uti
1098 1923 1186 1967 dixi,
1207 1935 1278 1959 nou
1298 1923 1497 1970 negandum
1519 1928 1574 1959 est
1588 1923 1631 1959 ad
1646 1925 1725 1959 illos

182 1980 351 2027 pertinere
367 1991 503 2028 quoque
519 1981 676 2027 digamos
693 1981 753 2028 qui
766 1980 947 2028 repudiata
960 1983 1136 2028 utcunque
1159 1981 1307 2027 coniuge
1328 1991 1436 2016 novas
1459 1982 1599 2029 nuptias
1621 1992 1726 2028 copu-

182 2037 300 2080 larint,
325 2049 392 2084 quo
409 2049 515 2074 sensu
531 2037 797 2085 Ghrysostomus
813 2038 1055 2085 interpretatus
1071 2041 1134 2074 est.
1169 2037 1236 2080 Qui
1251 2042 1285 2072 et
1299 2038 1373 2085 ipse
1388 2042 1506 2074 tamen
1521 2038 1661 2074 alterins
1678 2038 1726 2073 di-

183 2104 366 2141 gamorum
388 2095 540 2142 generis,
563 2098 597 2130 et
620 2095 759 2142 quidem
782 2106 902 2130 eorum
926 2095 986 2141 qui
1005 2098 1084 2142 post
1105 2096 1260 2141 priorum
1283 2095 1416 2130 obitum
1432 2096 1517 2130 alias
1534 2095 1726 2138 duxissent,

183 2151 350 2187 meminit.
391 2150 480 2192 Τινὲς
504 2151 556 2198 δὲ,
579 2153 707 2199 inquit,
727 2152 782 2187 ἵνα
805 2151 839 2186 ἐκ
864 2153 936 2199 μιᾶς
958 2151 1109 2199 γυναικδς
1124 2148 1162 2199 ᾔ,
1188 2151 1266 2198 φασὶ
1281 2155 1379 2186 τοῦτο
1395 2150 1551 2199 εἰρῆσθαιε
1579 2153 1726 2193 Quidam

184 2209 258 2243 ideo
275 2209 399 2243 dictum
415 2209 477 2244 hoc
494 2210 536 2244 ab
554 2210 702 2256 apostolo
715 2217 856 2252 censent,
872 2215 909 2243 ut
924 2209 967 2244 ab
983 2221 1052 2243 una
1067 2221 1170 2244 uxore
1184 2212 1231 2244 eie
1245 2210 1396 2255 (mortua
1410 2210 1566 2255 scilicet).
1591 2209 1726 2244 Clarius

184 2265 220 2300 in
236 2269 416 2301 comment.
433 2265 477 2301 ad
491 2265 607 2301 Titum
621 2266 722 2303 Hom.
739 2279 790 2309 ιι.,
811 2266 872 2301 ubi
893 2276 1055 2301 caussam
1077 2265 1165 2301 hanc
1187 2266 1396 2313 apostolicae
1412 2267 1600 2302 sanctionis
1617 2266 1726 2301 affert.

184 2321 226 2356 Ὃ
242 2320 304 2368 γὰρ
320 2321 400 2368 πρὸς
415 2321 472 2367 τὴν
488 2319 690 2357 ἀπελθοῦσαν
707 2322 866 2370 μηδεμίαν
883 2321 1025 2369 φυλάξας
1042 2321 1165 2357 εὔνοιαν
1182 2325 1252 2363 πῶς
1275 2320 1311 2357 ἄν
1329 2318 1423 2362 οὗτος
1440 2322 1566 2370 γένοιτο
1583 2322 1727 2370 προστά-

186 2390 241 2423 της
268 2379 384 2419 καλόςε
439 2378 506 2419 Qus·
528 2380 705 2424 destructae
727 2382 827 2415 uxori
849 2380 1106 2415 benevolentiam
1131 2381 1256 2414 'nullam
1279 2392 1432 2415 servasse
1456 2380 1727 2427 deprehenditur,

186 2449 326 2482 quonam
337 2441 442 2482 pacto
459 2435 515 2470 hic
532 2437 694 2471 ecclesiae
704 2449 866 2483 praeesse
876 2439 1026 2483 poterit?
1049 2435 1271 2471 Ἀπελθοῦσαν
1287 2438 1437 2483 appellat
1451 2441 1640 2481 mortuam,
1656 2450 1727 2474 non

187 2503 264 2528 eam
285 2504 374 2540 quae
396 2493 580 2539 repudiata
602 2494 769 2535 discessit,
793 2497 832 2528 ut
852 2493 1009 2540 imperite
1030 2493 1296 2528 iurisconsultus
1317 2494 1429 2529 vertit.
1466 2493 1557 2530 Nam
1580 2499 1614 2530 et
1636 2495 1727 2542 apud

186 2549 482 2598 Theophylactum
505 2548 625 2584 eadem
641 2548 877 2596 chrysostomi
897 2551 1003 2585 verba
1023 2550 1072 2585 ita
1092 2550 1294 2585 redduntur:
1334 2551 1402 2591 Qui
1416 2554 1502 2586 enim
1518 2553 1644 2587 nullam
1658 2565 1728 2588 eer-

186 2610 282 2642 vavit
295 2608 551 2642 benevolentiam
569 2619 653 2652 erqa
669 2619 742 2641 eam
758 2618 842 2652 quae
857 2607 940 2641 obiit
953 2613 1015 2643 etc.
1050 2606 1162 2649 Quare
1182 2607 1352 2653 posterius
1373 2607 1458 2643 illud
1478 2619 1518 2643 ac
1533 2609 1728 2656 legitimum

188 2664 404 2711 digamorum
427 2674 538 2710 genus
562 2663 606 2698 ab
630 2663 818 2710 apostolico
841 2663 900 2698 illo
925 2663 1058 2699 decreto
1081 2674 1260 2710 nunquam
1279 2663 1546 2711 chrysostomus
1569 2667 1727 2702 exclusit.

187 2720 283 2756 Unus
299 2721 550 2763 Theodoram,
575 2720 666 2766 quod
680 2720 779 2755 valde
802 2720 918 2763 miror,
941 2721 1034 2755 solos
1057 2720 1231 2766 digmus,
1255 2721 1314 2767 qui
1335 2722 1451 2768 plures
1474 2723 1578 2759 simul
1600 2735 1726 2759 uxores

187 2777 367 2821 haberent,
391 2778 434 2813 ab
459 2779 615 2824 apostolo
638 2777 835 2824 repudiatos
858 2777 984 2812 sentire
1006 2777 1149 2812 videtur.
1194 2777 1235 2812 In
1262 2789 1330 2824 quo
1357 2779 1547 2816 audiendus
1570 2792 1641 2816 non
1664 2786 1727 2824 est,

189 2835 366 2880 multoque
388 2835 504 2870 minus
527 2833 704 2876 haeretici,
727 2834 779 2868 uti
801 2833 894 2869 Beza
915 2835 1109 2881 caeterique
1133 2834 1192 2880 qui
1213 2835 1250 2869 in
1273 2837 1471 2882 apostolicis
1493 2837 1607 2874 verbis
1630 2849 1726 2885 prae-

190 2894 326 2937 ceptum
342 2891 507 2927 contineri
521 2894 660 2938 putant,
684 2891 775 2936 quod
795 2891 929 2926 nullum
951 2891 996 2926 ad
1011 2892 1262 2938 episcopatum,
1285 2892 1353 2928 nisi
1374 2904 1484 2930 uxore
1507 2895 1626 2939 ducta,
1648 2905 1726 2943 pro-

189 2947 320 2983 moveri
334 2947 519 2994 permittat.
550 2947 646 2991 Quod
661 2947 862 2984 iamdudum
876 2947 1152 2995 'theophylactus
1166 2948 1300 2985 refellit.

1403 3019 1457 3055 Ut

1761 1650 1788 1676 p.
1802 1642 1859 1669 ³⁴8.
