2008 3294
312 154 451 191 CLXIV

174 265 276 297 p-184.
311 258 648 304 corruptissimisque
664 257 897 303 temporibus,
918 258 1104 293 verisimile
1128 261 1181 292 est
1203 257 1337 303 aliquos
1358 260 1511 304 repertos
1533 258 1593 304 qui
1606 256 1695 292 hanc
1710 268 1860 294 ceremo-

310 315 449 350 niarum
463 315 662 360 rituumque
677 314 1179 361 perturbationemquatenus
1199 314 1236 348 in
1256 314 1343 360 ipsis
1366 317 1455 358 erat,
1478 314 1660 350 emendare
1674 314 1860 358 studerent,

311 376 346 406 et
361 382 450 417 quae
466 371 628 417 privatim
645 371 740 405 obire
754 374 917 417 poterant
935 381 1033 407 sacra
1055 371 1220 417 legitimis
1243 371 1458 416 temporibus
1481 371 1694 418 perficerent.
1740 371 1861 406 Cuius-

310 429 405 463 modi
419 426 594 473 paschalis
611 427 695 473 agni
709 438 818 469 coena
831 427 919 470 fuit,·
931 439 1035 474 quam
1048 439 1139 463 anno
1152 438 1235 462 suae
1247 427 1418 473 passionis
1432 427 1588 464 Christus
1601 440 1681 464 cum
1695 429 1861 475 apostolis

310 491 414 530 atque
437 484 516 519 aliis
539 485 646 519 etiam
667 484 816 519 fortasse
837 484 973 520 Iudaeis
997 485 1106 532 pridie
1129 495 1235 531 quam
1257 484 1386 519 caeteri
1405 489 1623 532 praepostere
1650 485 1686 520 id
1708 485 1861 520 facerent

309 551 478 587 usurpare
500 541 634 576 maluit.
679 540 799 588 Neque
820 540 888 576 hoc
910 542 1014 577 unius
1037 541 1219 577 alteriusve
1243 540 1312 575 diei
1335 540 1516 577 discrimen
1533 542 1769 577 admirabilius
1785 553 1860 578 esse

310 598 411 633 debet
426 608 532 644 quam
548 597 641 644 quod
657 596 860 637 Christianis
873 598 960 645 ipsis
975 610 1047 634 non
1061 598 1164 634 modo
1188 601 1268 632 ante
1283 597 1431 634 Victoris
1451 610 1562 646 papae
1585 599 1778 641 decretum,
1802 601 1862 633 aut

307 654 501 690 Nicaenum
516 655 719 698 concilium,
739 664 861 691 verum
876 655 981 691 etiam
997 656 1130 702 aliquot
1143 659 1266 702 postea
1281 655 1428 690 saeculis
1444 655 1582 698 accidit,
1603 659 1643 691 ut
1663 656 1702 691 in
1722 655 1860 702 religio-

309 712 450 747 sissima
463 711 639 758 paschatis
655 712 853 748 celebritate
868 723 938 748 uno
953 713 1156 760 plerumque
1171 723 1309 755 mense,
1331 723 1584 769 30333333331
1602 712 1723 748 diebus
1737 724 1817 756 vra,
1840 723 1862 747 a

308 780 346 804 se
361 769 511 804 invicem
524 768 709 805 differrent.
731 769 784 804 De
797 780 865 816 quo
877 770 1045 805 nonnulla
1057 769 1100 804 ad
1111 768 1296 816 Nicephori
1308 759 1523 804 Breviarium
1533 769 1768 817 111Προθεωρίᾳ
1779 769 1862 805 oliin

308 826 561 862 adnotavimus.
596 825 663 861 Ubi
677 837 749 861 non
764 827 879 861 solum
893 826 983 862 inter
997 826 1203 869 haereticos,
1219 826 1291 861 sive
1308 825 1654 870 Qumtadecimanos,
1670 830 1705 861 et
1719 825 1861 862 catholi-

309 894 384 926 cos,
400 883 462 918 sed
476 883 566 918 inter
582 881 818 918 orthodoxos
808 894 904 930 ipsos
919 882 1088 929 flagrasse
1103 883 1299 919 istiusmodi
1314 882 1457 918 dissidia
1470 883 1615 930 planum
1627 883 1785 919 fecimus.

395 985 555 1023 UTRUM
577 985 796 1022 CHRISTUS
820 985 1090 1078 1101)Εᾶ3υὲ)
1113 985 1268 1022 IUDAEI
1291 985 1484 1022 CAETERI
1506 986 1582 1022 Dm
1603 985 1779 1023 PASCHA

993 1043 1048 1078 LE
1081 1043 1229 1080 RARIT.

398 1111 576 1148 Celebrem
591 1123 654 1158 per
668 1122 744 1147 sese
761 1111 1026 1157 quaestionem'
1015 1112 1242 1158 insigniorem
1257 1112 1405 1148 reddidit
1417 1111 1629 1148 Graecorum
1643 1111 1859 1148 Latinorum-

307 1180 374 1216 que
390 1169 634 1205 controversia.
661 1168 751 1203 Nam
765 1169 834 1211 illi,
850 1171 890 1203 ut
903 1179 987 1203 suae
1003 1168 1045 1204 de
1059 1168 1266 1205 fermentato
1281 1181 1372 1216 pane
1387 1170 1578 1205 sententiae
1591 1169 1861 1216 patrocinentur,

307 1226 482 1261 Christum
498 1226 676 1260 dominum
692 1237 762 1260 non
778 1226 862 1260 luna
876 1237 947 1261 xxv.
958 1251 968 1268 ,
988 1225 1049 1261 sed
1063 1238 1159 1269 xxia,
1180 1225 1312 1273 pascha
1327 1227 1441 1273 egisse
1455 1226 1729 1273 pertinacissime
1745 1225 1860 1261 defen·

307 1283 407 1326 dunt,
431 1294 510 1318 cum
525 1282 679 1317 nondum
695 1282 812 1317 Iudaei
828 1282 959 1327 azymis
974 1285 1162 1318 uterentur.
1209 1283 1337 1319 Contra
1350 1283 1482 1327 Latini,
1504 1294 1549 1318 ne
1570 1283 1637 1318 hoc
1659 1283 1727 1318 sibi
1742 1282 1783 1317 de
1799 1282 1858 1317 do-

305 1340 390 1375 mini
410 1340 570 1386 exemplo
589 1339 799 1385 praesidium
822 1339 1021 1385 extorqueri
1043 1339 1210 1383 sinerent,
1233 1344 1408 1387 negarunt
1430 1340 1498 1376 alio
1523 1351 1629 1387 quam
1653 1350 1721 1386 quo
1743 1339 1861 1375 Iudaei

306 1397 432 1432 caeteri
447 1396 501 1431 die
517 1397 713 1442 legitimum
730 1406 862 1442 agnum
883 1395 1092 1439 comedisse,
1111 1395 1179 1432 hoc
1200 1401 1253 1432 est
1272 1410 1344 1435 xrv.
1362 1398 1447 1433 luna
1467 1398 1534 1433 sub
1549 1407 1743 1444 vesperam.
1790 1396 1859 1432 Sed

261 1459 265 1462 ·
306 1454 373 1488 ista
391 1453 581 1488 Graeculae
595 1452 703 1488 faecis
728 1453 863 1499 opinio,
887 1456 1058 1500 quatenus
1075 1452 1251 1489 Christum
1271 1454 1346 1490 sine
1366 1454 1497 1501 azymis
1521 1454 1712 1490 celebrasse
1730 1453 1861 1501 pascha

170 2270 196 2295 3.
211 2262 268 2289 185.

307 1510 421 1553 docet,
438 1510 594 1546 inscitiae
612 1513 646 1545 et
661 1509 883 1545 absurditatis
899 1509 1004 1546 habet
1018 1510 1218 1557 plurimum.
1263 1511 1402 1547 Etenim
1417 1522 1636 1559 quocumque
1649 1511 1789 1554 tandem
1804 1511 1859 1554 die

304 1566 436 1614 pascha
452 1566 608 1602 Christus
625 1567 765 1611 obierit,
789 1578 868 1602 cum
891 1577 962 1602 una
977 1571 1012 1602 et
1026 1577 1229 1614 azymorum
1244 1569 1434 1604 solennitas
1451 1568 1633 1605 delibanda
1646 1568 1766 1613 suerit,
1788 1572 1860 1604 n'on

303 1625 418 1671 magis
434 1625 509 1660 sine
524 1624 655 1670 azymis
670 1625 785 1671 potuit
800 1635 906 1671 quam
921 1624 996 1660 sine
1011 1635 1103 1672 agno
1119 1625 1257 1661 solenni
1270 1624 1350 1662 huic
1363 1625 1526 1673 religioni
1539 1625 1748 1662 satisfacere.
1762 1647 1765 1650 ι
1777 1620 1859 1662 Pro—

304 1681 384 1717 inde
396 1693 468 1717 non
478 1681 686 1717 fermentato
699 1691 784 1716 usus
797 1685 864 1724 est,
880 1692 924 1717 ne
939 1682 1073 1728 legem,
1089 1682 1188 1718 cuius
1204 1685 1305 1718 autor
1321 1685 1412 1727 erat,
1426 1682 1642 1730 infringeret.
1664 1682 1735 1719 Sed
1748 1684 1858 1730 1103110

304 1750 425 1774 verum
442 1743 494 1774 est
510 1739 602 1785 quod
615 1738 755 1782 Graeci,
772 1742 807 1774 et
819 1738 909 1774 inter
921 1742 1075 1775 caeteros
1088 1738 1263 1775 Cedrenus
1275 1750 1315 1775 ac
1326 1739 1540 1787 Nicephorus
1554 1738 1858 1784 3161111331,οῶ-

304 1800 397 1831 stum
414 1796 468 1831 die
483 1796 616 1832 mensis
632 1807 726 1839 xxm,
741 1807 813 1831 non
828 1807 902 1832 xxv.
912 1795 1137 1843 ,paschalem
1152 1796 1280 1832 obiisse
1295 1807 1458 1841 coenam;
1474 1797 1633 1845 nequeid
1644 1794 1857 1853 Epiphanius

304 1853 426 1895 sentit,
443 1857 482 1887 ut
497 1852 618 1899 magni
630 1851 772 1898 quidam
784 1852 850 1888 viri
864 1853 1091 1891 crediderunt.
1114 1853 1189 1890 Imo
1201 1865 1282 1890 vero
1299 1846 1405 1891 et'iam
1420 1858 1501 1890 ante
1515 1865 1594 1893 xm.
1605 1854 1726 1893 lunam
1742 1839 1857 1901 egisse

304 1908 434 1956 pascha
450 1910 586 1952 statuit,
607 1908 672 1944 1100
696 1913 749 1944 est
770 1914 921 1944 exeunte
937 1909 1077 1946 Iudaica
1090 1910 1176 1947 luna
1191 1923 1270 1954 ιιι,
1292 1910 1446 1947 Nicaena
1461 1921 1542 1946 vero
1558 1922 1623 1955 xx.‚
1646 1914 1685 1946 ut
1699 1921 1762 1946 suo
1778 1909 1855 1946 1000

305 1965 516 2001 declaratum
540 1970 604 2000 est.
651 1965 719 2001 Sed
743 1966 934 2002 obscuritas
957 1966 1026 2001 loci
1046 1966 1131 2002 facit
1151 1970 1190 2002 ut
1210 1967 1253 2002 113
1275 1966 1495 2003 concedenda
1508 1967 1611 2003 venia
1631 1967 1677 2002 sit
1692 1967 1753 2014 331
1765 1965 1855 2003 falso

303 2021 488 2070 Epiphanii
501 2023 709 2058 sententiam
722 2022 938 2069 interpretati
948 2026 1040 2059 sunt.
1065 2022 1195 2059 Verum
1207 2024 1337 2060 omissa
1350 2023 1599 2060 Graeculorum
1611 2024 1855 2067 controversia,

305 2090 395 2126 3330
410 2079 625 2116 difficultatis
641 2078 747 2115 habet
761 2078 863 2122 nihil,
885 2079 921 2114 111
944 2079 1078 2126 1011333
1099 2080 1195 2116 omni
1210 2081 1413 2127 quaestione
1428 2080 1609 2116 tractaiuia
1622 2091 1663 2116 00
1679 2081 1854 2117 breviores

305 2137 451 2179 erimus,
475 2136 567 2184 quod
589 2136 743 2184 plerique
767 2136 839 2171 suis
862 2136 962 2171 1113111
983 2136 1121 2183 scriptis
1145 2137 1329 2184 diligenter
1350 2138 1576 2184 explicarunt.
1622 2136 1854 2180 Quamobrem

304 2194 484 2241 utriusque
499 2194 607 2241 partis
623 2194 775 2229 rationes
790 2192 911 2239 paucis
925 2193 1160 2229 aestimandae
1175 2198 1266 2230 sunt.

395 2250 462 2294 Qui
477 2250 599 2286 eadem
614 2250 685 2294 die,
700 2260 770 2297 qus
784 2249 903 2286 Iudaei
917 2250 1039 2293 ceteri,
1055 2249 1186 2298 pascha
1200 2251 1395 2287 celebrasse
1407 2250 1580 2287 Christum
1595 2252 1734 2297 volunt,
1750 2263 1853 2290 evan-

305 2308 508 2355 gelistarum
524 2307 629 2343 trium
645 2307 829 2343 autoritate
844 2307 1011 2351 nituntur,
1026 2306 1212 2351 Matthaei,
1226 2308 1334 2344 Marci
1350 2319 1390 2344 30
1403 2307 1529 2345 Lucae.
1552 2309 1706 2352 Quorum
1721 2310 1852 2358 primus

304 2376 379 2414 033.
392 2377 494 2408 xxvx,
515 2364 548 2400 5.
564 2367 603 2411 τῇ
621 2363 656 2399 ei
672 2362 802 2411 πρώτῃ,
826 2363 953 2411 inquit,
975 2364 1041 2399 τῶν
1063 2360 1197 2411 ἀζύμων
1219 2363 1400 2414 προςῆλθον
1419 2363 1450 2400 ei
1470 2365 1627 2412 μαθηταίε
1659 2367 1780 2403 Prima
1797 2369 1854 2404 dio

305 2434 494 2468 azynum-um
510 2427 727 2458 accesserunt
741 2421 912 2468 discipuli.
958 2421 1096 2457 Marcus
1111 2432 1193 2457 vero
1209 2431 1284 2469 cap.
1296 2433 1367 2458 xiv.
1377 2447 1386 2465 ,
1408 2421 1461 2457 καὶ
1480 2424 1519 2470 τῇ
1536 2422 1648 2470 πρώτῃ
1665 2423 1771 2472 ἡμέρᾳ
1786 2425 1852 2459 τῶν

304 2477 449 2526 ἀζύμων,
466 2476 520 2514 ὅτι
536 2478 574 2513 τὸ
592 2476 706 2525 πάσχα
722 2475 832 2512 ἴθυονε
868 2477 988 2514 Prima
1005 2478 1060 2514 11ίο
1075 2490 1262 2523 ammarum
1273 2504 1282 2522 ,
1297 2479 1430 2525 quondo
1439 2479 1579 2526 pascha
1593 2482 1850 2527 sacnflcabant.

303 2535 460 2583 Denique
475 2535 587 2571 Lucas
603 2545 679 2583 cap.
690 2546 750 2572 xx.
760 2561 769 2578 ,
786 2534 819 2572 7.
836 2530 916 2579 ἦλθε
931 2533 967 2571 ἃ
981 2533 1087 2583 ἡμέρα
1102 2535 1168 2570 τῶν
1184 2532 1333 2583 ἀζύμων,
1355 2533 1388 2571 ἂν
1404 2530 1425 2584 ᾗ
1441 2533 1503 2571 tan
1519 2534 1648 2572 Θύισθαι
1663 2536 1701 2571 τὸ
1718 2535 1849 2586 πάσχω

313 2592 411 2627 Venit
426 2594 497 2628 dies
513 2604 715 2637 azymorum,
731 2595 768 2642 ⁸⁸79
783 2604 850 2639 qua
866 2592 1040 2639 oportebat
1053 2593 1226 2628 immolare
1237 2592 1384 2639 pascha.
1411 2592 1593 2629 Manifesta
1609 2594 1757 2641 primam
1772 2606 1850 2642 asy—

304 2660 439 2685 morum
464 2644 657 2696 appellant,
681 2658 770 2697 quae
791 2659 813 2684 a
827 2659 972 2696 vespera
991 2648 1098 2685 feriae
1112 2660 1145 2686 v.
1169 2649 1296 2697 coepit,
1320 2659 1390 2698 qua
1402 2649 1465 2686 ·die
1483 2649 1615 2697 pascha
1636 2650 1678 2687 de
1692 2662 1789 2688 more
1805 2653 1848 2689 ab

304 2706 471 2753 apostolis
485 2710 727 2753 praeparatum
741 2709 777 2742 et
790 2705 1033 2753 patrifamilias
1048 2705 1294 2743 denunciatum
1307 2706 1450 2743 videtur.

395 2763 461 2798 Alii
477 2773 574 2806 vero,
597 2763 659 2810 qui
681 2769 760 2799 03111
781 2761 975 2810 Epiphanio
1002 2763 1214 2811 caeterisque
1239 2763 1453 2811 gravissimis
1475 2764 1697 2811 scriptoribus
1720 2771 1850 2815 negant

304 2819 423 2856 eodem
440 2819 495 2855 die
511 2819 641 2866 pascha
655 2819 884 2863 celebratum,
904 2820 1044 2857 loannis
1058 2820 1294 2858 testimonium
1316 2820 1509 2869 proferunt,
1531 2822 1591 2868 qui
1611 2821 1645 2857 id
1667 2827 1785 2871 aperte
1807 2834 1847 2860 ac

304 2877 391 2913 citra
404 2877 571 2921 ambages
588 2877 778 2923 significat,
794 2877 946 2924 primum
960 2888 1036 2925 033.
1052 2889 1128 2916 xm.
1138 2904 1148 2920 .
1173 2878 1207 2914 l:
1238 2878 1303 2925 πρὸ
1323 2879 1378 2923 τῆς
1394 2874 1505 2925 δορτῆς
1522 2881 1579 2914 τοῦ
1597 2877 1712 2928 νέάσχα
1727 2881 1849 2918 scribit

305 2932 479 2970 Christum
497 2931 658 2979 paschate
675 2944 738 2969 suo
756 2932 970 2978 defunctum,
987 2934 1021 2970 id
1037 2940 1090 2971 est
1105 2937 1317 2981 arctesmum
1328 2934 1493 2982 paschae.
1527 2935 1610 2972 Item
1628 2948 1657 2973 c.
1670 2949 1774 2983 xvxix,
1792 2938 1846 2974 28.

306 2990 448 3027 iudaeos
464 2990 513 3026 ait
528 2991 604 3036 ipso
620 2990 674 3025 die
691 3000 892 3036 parasceves
908 2993 1044 3038 inqrsdo'
1058 2993 1201 3028 noluisse
1215 2994 1439 3038 praetorium,
1462 3004 1501 3029 ne
1525 2996 1845 3038 contaminarentur,
