2008 3294
1483 183 1693 220 CCLXXXI

141 373 266 411 NOVA
295 371 515 417 QUAEDAM
542 373 608 409 Ex
630 371 848 409 VETERUM
873 370 1062 407 PATRUM
1089 360 1378 407 TESTIMONIIS
1409 369 1485 406 REI
1517 367 1693 404 GESTAE

688 427 844 465 SERIES
872 424 1147 465 EXPONITUR.

229 521 377 568 Pergam
389 521 431 557 de
442 521 596 557 historiis
608 526 644 557 et
655 521 838 557 annalibus
849 519 1090 557 §eclesiasticis
1099 519 1187 555 bene
1199 521 1334 563 mereri,
1347 530 1387 554 ac
1401 518 1695 566 quemadmodum

141 578 244 625 dirigi
258 578 411 615 veritatis
427 579 472 614 ad
488 580 656 615 amussim
672 578 834 621 debeant,
846 587 1051 624 proponam
1074 576 1139 611 hoc
1162 577 1240 612 loco
1258 577 1416 619 breviter,
1439 580 1478 611 ut
1498 574 1562 611 hac
1586 575 1694 611 offen-

140 636 239 671 sione
257 636 400 671 sublata
421 639 552 671 rectam
573 636 736 683 deinceps
764 636 856 672 viam
879 642 1001 670 omnes
1023 634 1198 669 insistant.
1244 634 1386 669 Initium
1409 643 1431 669 a
1454 633 1599 669 concilio
1623 633 1695 668 Sir-

139 692 266 730 miensi
281 693 434 740 capiam,
451 694 544 740 quod
567 697 688 729 contra
702 690 947 728 Photinianum
961 691 1090 738 dogma
1105 691 1289 726 collectum
1301 701 1323 726 a
1335 690 1539 726 Constantio
1556 694 1620 726 eat.
1643 690 1695 726 De

140 758 210 796 quo
221 749 441 786 verissimum
454 761 531 786 esse
542 754 668 794 statuo,
683 749 777 797 quod
789 749 950 786 Socrates
962 758 1002 784 ac
1014 747 1231 784 Sozomenus
1247 748 1468 794 scripserunt,
1484 748 1696 783 celebratum

139 816 217 842 esse
232 806 356 854 Sergio
373 818 412 843 ac
428 807 594 854 Nigr-iano
611 818 700 843 coss.
716 817 808 853 anno
825 805 953 842 Christi
968 815 1099 848 cocu„
1115 805 1209 852 quod
1225 806 1300 840 sine
1316 805 1421 840 dubio
1442 815 1487 840 ex
1507 805 1594 840 actis
1614 816 1694 840 con-

139 863 211 899 cilii
222 862 422 900 sirmiensis
435 868 650 912 compertum
660 862 864 900 habuerant.
885 863 958 899 Hoc
974 862 1068 898 enim
1084 873 1103 897 e
1115 862 1350 909 superioribus
1363 862 1581 905 abstulimus,
1596 873 1696 909 prae-

140 920 259 956 sertim
271 930 316 956 ex
328 919 472 956 historia
483 921 623 968 Sulpitii
631 947 640 964 ,
657 920 829 967 synodum
839 921 937 956 illam
949 923 1031 957 ante
1043 920 1242 955 Arelatense
1255 923 1290 954 et
1301 919 1498 955 Biterrensc
1510 920 1696 955 concilium

139 977 307 1013 indictam
321 977 447 1021 fuisse,
470 977 536 1013 hoc
559 981 613 1014 est
634 981 715 1013 ante
738 986 868 1013 annum
889 986 1035 1013 eccam.
1081 976 1192 1022 Igitur
1207 977 1244 1011 in
1260 987 1392 1011 annum
1408 977 1507 1012 illum
1523 978 1695 1019 convenit,

140 1044 245 1080 quem
259 1033 415 1070 historici
429 1038 562 1071 veteres
578 1035 798 1072 adnotarunt.
837 1034 907 1070 Sed
921 1034 959 1070 in
974 1045 1015 1070 eo
1031 1033 1233 1069 hallucinati
1249 1037 1347 1076 sunt,
1364 1034 1456 1080 quod
1472 1044 1553 1069 cum
1567 1034 1696 1080 triplex

140 1089 260 1127 Sirmii
275 1091 368 1127 edita
383 1095 476 1127 esset
489 1092 571 1128 fidei
585 1091 772 1139 professio,
793 1103 864 1127 ιιιιο
889 1091 1079 1138 eodemque
1101 1094 1258 1138 tempore
1281 1094 1317 1125 et
1339 1101 1361 1125 a
1384 1091 1518 1136 synodo
1542 1090 1697 1127 decretas

141 1159 262 1184 omnes
277 1149 533 1186 existimarunt.
580 1150 626 1185 At
644 1149 680 1185 id
695 1158 798 1184 secus
812 1159 890 1184 sese
905 1148 1020 1184 habet.
1066 1148 1156 1184 Nam
1171 1149 1208 1183 in
1224 1148 1370 1183 concilio
1387 1148 1569 1183 Sirmiensi
1584 1149 1697 1195 prima

141 1205 312 1241 duntaxat
325 1205 386 1241 illa
401 1205 529 1241 dictata
544 1209 615 1250 est,
638 1217 708 1253 qua
722 1205 922 1242 Pbotiniani
944 1216 1076 1242 errores
1099 1205 1318 1248 damnantur,
1343 1215 1517 1251 quamque
1541 1210 1579 1240 ut
1602 1206 1696 1252 piam

139 1272 182 1296 ac
198 1260 404 1298 catholicam
419 1262 602 1310 descripsit
623 1267 728 1310 atque
744 1264 932 1310 explicuit
945 1264 1107 1299 Hilarius.
1150 1262 1358 1308 Quanquam
1373 1263 1410 1298 in
1425 1262 1547 1298 eadem
1563 1263 1697 1309 synodo

140 1318 305 1355 adversus
320 1319 549 1356 Athanasium
572 1320 702 1367 aliquid
724 1324 904 1367 praeterea
926 1320 1103 1355 decretum
1125 1320 1170 1354 ab
1186 1320 1324 1355 Arianis
1347 1323 1494 1355 testatur
1517 1320 1698 1367 Sulpitius.

139 1376 250 1411 Autor
265 1387 346 1412 vero
361 1376 563 1414 Sirmiensi-
578 1378 670 1414 illius
686 1377 858 1414 formulae
877 1389 950 1413 non
964 1378 1105 1413 Marcus
1121 1376 1344 1420 Arethusia,
1365 1377 1426 1413 sed
1441 1377 1596 1423 synodus
1611 1378 1699 1424 ipsa,

140 1437 180 1468 ιιι
194 1433 345 1470 Hilarius
358 1434 484 1470 innuit.
515 1434 604 1471 Nam
620 1444 642 1470 a
656 1433 774 1471 Marco
790 1433 908 1479 tertia,
922 1438 963 1470 ut
978 1446 1041 1470 suo
1057 1435 1134 1470 loco
1151 1435 1293 1478 dicetur,
1309 1439 1363 1470 est
1377 1435 1587 1482 conscripta.
1615 1435 1700 1471 Post

141 1489 331 1526 sirmiense
352 1491 537 1528 concilium
557 1491 824 1539 convictumque
843 1492 888 1528 ab
905 1492 1090 1539 Ancyrano
1105 1491 1238 1527 Basilio
1261 1495 1296 1527 et
1309 1493 1354 1527 ab
1375 1492 1538 1528 omnibus
1554 1492 1697 1528 damna-

139 1550 214 1583 tum
230 1546 431 1592 Photinum,
446 1559 526 1585 cum
541 1549 613 1585 iam
626 1549 852 1596 Magnentius
867 1559 890 1585 a
905 1549 1099 1585 Constantii
1112 1549 1240 1596 legatis
1255 1549 1411 1584 devictus
1427 1555 1534 1592 esset,
1548 1550 1697 1596 impera-

139 1608 194 1639 tor
209 1615 302 1640 anno
318 1614 464 1643 cecam.
479 1605 518 1642 in
534 1605 664 1642 Gallias
679 1606 856 1654 proiectus
872 1610 933 1642 est.
964 1607 1014 1642 Ac
1035 1610 1112 1642 tum
1128 1606 1330 1642 Arelatense
1351 1607 1621 1642 conciliabulum
1642 1618 1698 1642 ce-

138 1661 303 1705 lebratur,
326 1662 364 1698 in
386 1673 455 1710 quo
478 1663 634 1710 plerique
656 1662 817 1700 catholici
835 1664 1012 1711 praesules
1029 1665 1170 1699 exulare
1193 1664 1296 1707 iussi,
1319 1667 1502 1710 grassante
1518 1664 1697 1700 Saturnini

140 1717 298 1765 pertidia.

229 1775 315 1812 Inde
329 1786 422 1812 anno
438 1786 564 1813 occu.
581 1777 769 1814 Arbetione
790 1781 826 1814 et
845 1778 1003 1814 Lolliano
1026 1789 1117 1814 coss.
1138 1789 1219 1814 cum
1240 1780 1311 1814 iam
1327 1778 1552 1814 Constantius
1567 1779 1698 1814 Medio·

139 1832 260 1869 lanum
274 1834 504 1880 pervenisset,
520 1834 675 1880 synodus
690 1835 819 1870 ibidem
833 1842 887 1871 est
901 1835 1038 1879 habita,
1054 1839 1258 1883 caeteraque
1273 1840 1388 1883 gesta,
1404 1846 1495 1883 quae
1510 1846 1532 1872 a
1546 1835 1698 1873 Batonio

141 1889 324 1936 diligenter
339 1891 568 1938 explicantur.
598 1891 639 1927 In
653 1890 796 1938 reliquis
810 1896 937 1928 nutant
951 1893 1115 1931 Annales.

229 1947 331 1982 Anno
348 1957 502 1985 cconvn.
519 1948 655 1992 Sirmii,
679 1959 748 1996 quo
770 1950 959 1996 imperator
980 1961 1073 1987 anno
1089 1943 1360 1997 superior-essse
1375 1951 1583 1994 contulerat,
1606 1961 1698 1987 nova

139 2003 222 2040 fidei
236 2004 409 2051 expositio
425 2005 546 2052 paucis
561 2006 606 2041 ab
619 2006 757 2042 Arianis
772 2007 957 2053 episcopis,
971 2007 1185 2068 praesertin
1184 1998 1471 2051 mactantibus,
1486 2009 1698 2055 procuditur,

141 2071 288 2108 quorum
301 2061 476 2110 principes
491 2066 592 2098 erant
606 2062 770 2098 Ursacius
791 2067 827 2099 et
842 2063 1004 2102 valenae.-
1019 2053 1105 2102 (m
1113 2074 1201 2101 mox
1222 2065 1355 2102 invitus
1377 2075 1419 2102 ac
1442 2067 1594 2101 renitens
1618 2067 1699 2101 licet

141 2118 328 2154 subscribit
347 2118 469 2163 Ocius,
491 2130 564 2155 non
585 2123 705 2156 tamen
726 2119 958 2157 Athanasium
980 2125 1021 2157 ut
1042 2120 1224 2160 damnaret
1245 2122 1371 2159 adduci
1390 2123 1522 2171 potuit;
1545 2123 1638 2169 quod
1661 2124 1697 2158 in

138 2174 248 2222 Epist.
260 2175 305 2211 ad
316 2174 416 2213 Soht.
422 2175 656 2212 Athanasius
645 2188 721 2224 ipae
733 2178 927 2215 confirmat.
948 2178 1203 2226 Ooniigithaec
1211 2178 1286 2217 Oaii
1296 2176 1478 2216 calamitas
1491 2179 1638 2215 affecto·
1628 2190 1698 2215 iam

140 2243 232 2268 anno
245 2241 400 2269 oocnvn.
425 2232 559 2280 Quippe
574 2238 655 2280 post
668 2245 803 2270 annum
817 2236 1010 2282 integrum,
1026 2235 1138 2284 qnam
1147 2235 1268 2287 Sirmii
1282 2247 1305 2271 a
1316 2236 1519 2272 Constantio
1537 2237 1697 2272 detentus

139 2293 224 2333 erat,
239 2289 388 2326 Arianae
407 2290 617 2337 professioni
639 2292 800 2327 assentiri
822 2296 964 2328 coactus
989 2297 1052 2328 est.
1081 2293 1129 2330 Ae
1142 2293 1369 2331 Constantius
1392 2294 1508 2336 Iunio,
1531 2295 1587 2329 vel
1609 2294 1697 2329 Iulio

139 2347 311 2382 duntaxat
323 2357 444 2383 menae
459 2348 543 2383 anni
559 2348 744 2394 superioris
758 2348 877 2384 Sirmii
892 2359 970 2385 esse
982 2351 1107 2397 potuit,
1121 2354 1161 2386 ιιι
1175 2361 1283 2397 supra
1293 2351 1480 2396 probatum
1497 2355 1559 2386 est.
1584 2350 1697 2394 Quare

139 2404 232 2439 circa
245 2403 340 2440 idem
350 2407 487 2451 tempus
499 2415 592 2440 anno
605 2408 772 2451 sequente
784 2409 922 2441 extorta
933 2407 1069 2442 videtur
1080 2408 1126 2442 ab
1138 2407 1221 2443 Osio
1234 2407 1421 2454 perfidiose,
1435 2408 1496 2442 illa
1511 2408 1695 2445 confessio.

138 2460 202 2496 Est
215 2464 334 2496 autem
354 2471 398 2497 ea
411 2460 537 2502 ’ἶκθεσις
561 2461 754 2504 Sirmium,
777 2473 882 2508 qnam
906 2464 1095 2499 secundam
1118 2475 1245 2499 omnes
1263 2468 1448 2499 numerant
1470 2475 1628 2512 quaeque
1651 2466 1696 2501 ab

138 2517 270 2554 Hilario
285 2517 502 2565 blasphemia
518 2518 591 2553 Osii
607 2529 648 2553 ac
663 2518 812 2554 Potamii
825 2521 1036 2555 nominatur.
1059 2520 1171 2555 Huius
1187 2531 1267 2555 cum
1278 2521 1426 2556 Arianos
1441 2525 1564 2568 postea
1577 2523 1696 2569 poeni-

138 2575 280 2619 tuisset,
303 2585 443 2622 operam
458 2575 642 2618 dederunt,
665 2579 704 2611 ut
718 2586 761 2610 ea.
775 2576 904 2622 ubique
920 2578 1200 2623 supprimeretur,
1223 2578 1429 2624 interposita
1450 2579 1554 2614 etiam
1573 2580 1695 2627 imper.

139 2634 327 2678 potestate,
349 2632 410 2679 qui
433 2633 642 2680 supplicium
664 2632 724 2674 iis,
748 2633 810 2679 qui
831 2633 929 2668 illam
948 2644 1056 2679 penes
1079 2645 1116 2668 se
1137 2634 1340 2678 retinerent,
1363 2635 1606 2672 interminatus
1630 2642 1694 2673 est.

141 2687 250 2724 Autor
264 2688 426 2724 Socrates
441 2690 502 2726 lib.
514 2702 553 2726 ιι.
571 2700 646 2736 cap.
658 2701 741 2725 xxv.
771 2689 837 2724 Per
857 2689 949 2725 idem
969 2694 1107 2737 tempus
1122 2690 1280 2726 Liberius
1295 2692 1472 2737 pontifex,
1495 2694 1608 2739 quiin
1622 2695 1695 2729 Me-

143 2743 335 2781 diolanensi
349 2746 495 2782 concilio
511 2750 592 2782 ante
607 2746 804 2789 biennium,
828 2746 893 2782 hoc
911 2750 964 2781 est
979 2757 1071 2782 anno
1089 2757 1227 2791 cccnv„
1250 2747 1421 2784 Beroeam
1444 2750 1695 2796 gloriosissime

142 2801 317 2847 relegatus
331 2801 461 2846 iuerat,
478 2802 674 2838 Constantii
688 2804 847 2850 imperat.
865 2807 900 2838 et
914 2803 1122 2838 Arianorum
1135 2804 1317 2841 fraudibus
1331 2817 1372 2841 ac
1387 2808 1575 2843 terroribus
1590 2809 1695 2844 infra-

143 2861 236 2900 ctus,
251 2857 356 2893 simul
368 2860 622 2907 recuperandae
637 2860 728 2894 sedis
745 2863 781 2894 et
795 2860 925 2906 patriae
941 2861 1109 2896 desiderio
1119 2888 1128 2904 ,
1152 2861 1318 2898 Sirmium
1337 2867 1499 2899 evocatus
1514 2866 1696 2900 Athanasii

145 2913 360 2950 damnationi
379 2916 584 2964 subscripsit
605 2927 743 2963 unaque
764 2916 846 2952 fidei
865 2917 1118 2963 professionem
1141 2918 1248 2962 dedit,
1270 2930 1340 2965 qus.
1359 2924 1418 2954 τοῦ
1442 2920 1620 2967 ὁμοουσίου
1635 2935 1694 2957 vo-

145 2971 307 3006 cabulum
327 2973 528 3009 concordiae
550 2974 663 3020 gratia
683 2974 891 3015 reticeretur,
914 2974 995 3009 licet
1013 2973 1124 3010 filium
1146 2976 1236 3021 patri
1249 2977 1448 3012 substantia
1463 2980 1693 3025 omnibusque

143 3027 181 3064 in
195 3028 298 3064 rebus
317 3028 468 3066 similem
487 3041 565 3068 esse
581 3030 787 3067 defenderet.
837 3030 949 3074 Quam
973 3032 1192 3068 occasionem
1207 3033 1334 3070 Valens
1357 3038 1391 3071 et
1414 3034 1578 3073 Ursacius
1602 3037 1694 3073 nacti

1734 1389 1761 1415 p.
1774 1382 1833 1408 318.
