2008 3294
1553 150 1737 188 CXXXIII

188 258 279 294 ditae
295 267 448 301 nocua,
471 257 623 304 Augusti
638 270 725 302 ιιι,
750 257 886 304 olymp.
903 265 1020 293 oxcrv.
1045 266 1136 291 anno
1162 257 1262 292 tertio
1285 259 1408 292 natum
1431 266 1508 291 esse
1530 255 1738 290 salvatorem

186 315 320 359 scribit,
337 315 456 358 indict,
470 327 516 351 ιν.
563 314 630 351 Ubi
650 315 733 350 licet
752 313 892 351 indictio
914 323 1097 361 perperam
1113 313 1287 360 adscripta
1310 314 1375 356 sit,
1396 323 1485 360 quae
1500 313 1601 348 tertio
1619 323 1737 348 cxciv.

188 373 324 420 Olymp.
339 383 448 416 anno,
472 374 507 407 et
522 370 623 407 Urbis
639 381 792 417 noenu„
813 370 915 408 tertia
929 379 1006 405 esse
1023 369 1157 414 debuit,
1172 373 1291 406 tamen
1307 381 1328 405 a
1342 370 1480 417 vulgari
1495 368 1622 406 Christi
1637 379 1738 404 aerae

187 441 255 466 uno
279 429 450 465 duntaxat
470 439 562 464 anno
586 439 706 465 revera
729 427 886 472 dissidet,
909 437 955 463 ex
976 426 1127 462 Mariani
1149 437 1229 462 vero
1252 427 1411 463 instituto
1434 437 1515 463 cum
1537 427 1659 462 eadem
1679 427 1739 461 illa

186 487 411 523 connectitur.
441 485 585 521 Falsum
601 489 654 522 est
667 486 785 533 itaque
800 495 877 522 xxu
891 494 1000 520 annos
1021 483 1059 518 in
1074 483 1289 530 Dionysiano
1312 484 1635 531 cyclo-desiderari,
1657 495 1738 519 cum

185 547 320 592 praeter
336 554 377 579 ea
393 553 481 590 quae
497 543 650 580 diximus
666 544 778 579 multa
791 542 861 579 alia
876 541 948 579 sint
961 551 1051 588 quae
1067 551 1112 576 ex
1129 541 1330 587 evangelica
1345 541 1490 577 historia
1513 553 1592 577 cum
1608 541 1739 577 domini

187 605 264 637 ortu
278 601 456 648 implicata
471 604 507 636 et
521 601 705 636 coniuncta
720 602 856 636 constat
869 609 958 635 esse.
987 598 1093 633 Velut
1107 598 1275 643 Augusti,
1299 598 1443 634 Herodis
1453 626 1461 642 ‚
1477 599 1580 634 Pilati
1596 598 1738 634 Tiberii-

187 669 254 706 que
268 662 443 705 tempora,
466 669 555 705 quae
577 658 694 694 omnia
709 657 892 694 cohaerere
903 660 1099 702 nequeunt,
1121 655 1152 690 si
1167 658 1239 690 tam
1256 656 1418 691 immanis
1434 655 1550 692 hiatus
1566 656 1738 692 admissus

184 716 303 760 fuerit,
318 717 424 763 atque
438 715 475 751 in
491 715 666 750 anteriora
681 727 757 752 xx11
773 714 872 750 annis
886 712 1124 761 promovenda
1139 711 1269 748 Christi
1283 713 1447 748 nativitas
1460 713 1626 748 videatur.
1649 713 1739 748 Nam

185 773 276 809 utin
298 783 381 808 aera
396 771 592 808 Christiana
613 772 715 815 nihil,
739 773 776 808 in
798 771 975 818 cyclorum
998 781 1079 806 vcro
1104 769 1274 817 dispositu
1297 770 1501 805 mutandum
1525 770 1657 816 aliquid
1681 770 1740 804 isti

185 830 399 874 censuerint,
419 829 506 865 nihil
528 829 572 865 ad
594 841 668 865 rem
690 829 847 877 pertinet.
877 828 1022 864 Manent
1042 827 1135 863 enim
1150 827 1409 863 noviluniorum
1425 828 1490 863 rati
1505 838 1545 862 ac
1562 827 1740 862 constituti

184 886 408 925 nihilominus
422 887 506 930 dies,
523 898 748 934 quoscunque
759 885 899 922 tandem
910 885 1027 932 cyclos
1041 883 1290 920 accomodaris.
1314 883 1360 919 Ut
1371 895 1474 927 anno,
1491 885 1588 920 verbi
1603 896 1738 927 caussa,

185 944 312 980 Christi
327 956 407 987 ιιι.,
431 944 504 980 sive
520 945 656 990 cyclum
670 944 774 979 lunae
789 954 886 986 ι111.,
907 942 990 978 solis
1006 953 1096 984 ιι1.,
1120 941 1292 988 applices,
1315 941 1387 976 sive
1409 942 1516 976 alium
1540 942 1738 988 quemlibet,

185 1002 368 1038 neomenia
388 1002 506 1037 Martii
522 1013 602 1044 xu.‚
623 1000 853 1049 plenilunium
868 1010 963 1035 xxvi.
987 998 1224 1037 committitur.
1270 998 1372 1034 Anno
1395 1009 1476 1033 vero
1499 1010 1624 1035 ιιιιιι.
1642 1000 1738 1034 novi-

183 1059 319 1095 lunium
333 1071 407 1107 xix.
423 1059 479 1094 vel
494 1071 551 1094 ιι.
566 1058 684 1106 Martii
694 1085 703 1102 ‚
726 1057 955 1105 plenilunium
975 1055 1057 1103 Apr.
1073 1069 1111 1093 11.
1127 1056 1185 1091 vel
1198 1067 1252 1092 111.
1284 1054 1382 1091 Unde
1405 1056 1659 1102 quantumlibet
1681 1068 1738 1102 cy-

186 1117 317 1152 clorum
333 1116 488 1152 ordinem
503 1118 730 1158 commutent,
752 1125 931 1161 nunquam
950 1117 1069 1149 tamen
1083 1113 1263 1160 perficient
1277 1116 1317 1148 ut
1331 1123 1424 1148 anno
1439 1112 1499 1148 illo
1510 1139 1518 1155 ‚
1543 1124 1646 1159 quem
1662 1125 1738 1159 pas-

186 1174 277 1209 sioni
300 1173 493 1209 dominicae
515 1172 730 1220 praefigunt,
751 1172 836 1207 luna
851 1183 908 1208 xv.
932 1171 968 1207 in
989 1170 1108 1207 Martii
1123 1182 1205 1206 xxv.
1220 1170 1365 1212 incidat,
1387 1170 1510 1205 feriam
1522 1182 1568 1206 vr.
1599 1171 1739 1205 Accedit

185 1231 277 1277 quod
300 1231 367 1267 etsi
389 1230 619 1266 concedamus
641 1229 710 1265 illis
734 1229 867 1272 omnia,
896 1227 962 1264 hoc
984 1229 1100 1275 ipsum
1122 1231 1258 1270 tamen,
1286 1227 1379 1274 quod
1404 1227 1557 1263 maxime
1584 1229 1738 1274 cupiunt,

184 1287 293 1324 nihilo
315 1288 429 1335 magis
452 1290 678 1334 assequentur
701 1287 754 1322 uti
774 1287 857 1322 luna
871 1298 929 1323 xv.
948 1284 1104 1321 Christus
1128 1286 1175 1321 sit
1196 1295 1333 1333 passus.
1382 1284 1516 1332 Quippe
1534 1296 1625 1320 anno
1643 1285 1738 1320 Chri—

184 1346 318 1381 stianae
346 1355 447 1380 aerae
469 1357 531 1381 ιιι.
554 1344 772 1380 novilunium
798 1343 890 1391 apud
916 1342 1062 1379 Iudaeos
1090 1346 1125 1378 et
1150 1343 1187 1378 in
1207 1342 1523 1388 Hierosolymitano
1548 1342 1737 1377 meridiano

183 1403 303 1439 Martii
316 1413 379 1438 ιιι.
395 1402 574 1449 congruit,
589 1401 676 1438 feria
691 1414 752 1438 vn.
798 1401 928 1436 Passus
952 1404 1006 1435 est
1026 1403 1145 1436 autem
1161 1399 1317 1436 Christus
1333 1399 1420 1435 feria
1435 1412 1482 1437 v1.
1530 1400 1639 1446 Igitur
1655 1401 1739 1435 luna

185 1472 274 1503 xrv.,
291 1462 326 1495 et
339 1459 456 1495 Martii
468 1471 565 1501 xxv„
581 1470 653 1495 non
668 1459 751 1494 luna
762 1470 836 1502 xv.,
853 1469 967 1505 neque
981 1458 1182 1506 plenilunio.
1206 1456 1284 1500 Qua
1298 1458 1335 1492 in
1350 1467 1387 1492 re
1399 1456 1496 1492 Beda
1511 1457 1736 1502 castigandus

185 1520 253 1560 est,
276 1520 316 1552 ut
337 1516 520 1564 aliquoties
544 1516 633 1560 dixi,
658 1516 717 1563 qui
738 1516 796 1551 lib.
815 1515 855 1551 de
872 1515 951 1552 Rat.
968 1515 1089 1563 Temp.
1107 1525 1184 1562 cap.
1198 1526 1279 1552 xnv.
1295 1525 1439 1562 passum
1461 1525 1539 1549 esse
1563 1514 1737 1549 Christum

184 1574 289 1610 refert
303 1586 379 1611 vm.
394 1573 471 1610 Kal.
487 1574 568 1621 Apr.
590 1574 675 1609 luna
689 1585 763 1616 xv.,
787 1583 878 1608 anno
902 1583 1003 1608 aerae
1025 1572 1260 1619 Dionysianae
1275 1583 1396 1608 xxxiv.
1440 1571 1512 1607 Nec
1533 1571 1650 1606 minus
1666 1571 1739 1606 hal-

184 1631 330 1669 lucinati
344 1634 427 1667 sunt
442 1632 502 1678 qui
517 1630 638 1668 eodem
653 1642 765 1675 anno,
786 1631 871 1666 luna
885 1642 944 1667 xv.
960 1641 1053 1665 nono
1075 1629 1152 1667 Kal.
1166 1630 1247 1677 Apr.
1269 1641 1414 1676 passum
1441 1628 1635 1672 affirmant,
1657 1640 1738 1663 con-

185 1689 256 1725 cilii
271 1688 503 1725 Caesariensis
517 1687 605 1731 fide;
621 1687 663 1723 de
680 1698 748 1735 quo
764 1687 868 1735 paulo
883 1691 964 1735 post
979 1690 1112 1734 agetur.
1138 1686 1227 1723 Nam
1244 1687 1386 1723 omnino
1401 1687 1631 1734 plenilunium
1647 1697 1738 1721 anuo

185 1746 312 1783 Christi
326 1757 447 1783 xxxw.
465 1745 598 1781 decimo
614 1745 690 1781 Kal.
707 1745 863 1791 contigit.

274 1801 489 1850 Quapropter
505 1802 573 1838 duo
590 1806 689 1846 sunt,
714 1813 802 1849 quae
823 1802 958 1837 mediae
974 1802 1096 1838 aetatis
1114 1801 1335 1849 chronologis
1353 1812 1490 1838 crucem
1506 1801 1543 1837 in
1559 1802 1618 1837 illa
1634 1812 1737 1848 quae-

184 1860 297 1896 stione
312 1859 480 1896 fixerunt:
497 1860 648 1907 primum
665 1859 758 1907 quod
774 1870 844 1895 non
861 1859 1058 1895 dubitarent
1072 1859 1219 1895 Iudaeos
1234 1859 1367 1907 pascha
1380 1860 1464 1895 luna
1479 1871 1536 1895 xv.
1554 1860 1736 1901 celebrare,

184 1929 225 1953 ac
240 1919 379 1953 lunares
394 1920 511 1953 motus
528 1920 562 1953 et
577 1916 716 1964 quidem
733 1917 1012 1952 accuratissimos
1030 1917 1250 1961 observasse,
1267 1917 1430 1960 alterum,
1453 1917 1545 1963 quod
1561 1917 1596 1952 id
1611 1917 1736 1952 Martio

182 1985 303 2011 mense
325 1975 468 2022 eiusque
489 1973 544 2010 die
565 1986 647 2011 xxv.
672 1974 840 2012 accidisse
863 1975 1008 2018 vellent,
1028 1975 1116 2011 feria
1136 1987 1183 2011 vi.
1242 1974 1311 2010 Sed
1333 1974 1542 2011 recentiores
1564 1974 1738 2021 iidemque

183 2033 228 2069 ab
246 2032 412 2069 ‚omnibus
435 2031 668 2067 doctrinarum
690 2032 864 2075 omnium,
885 2032 1089 2079 praesertim
1109 2031 1451 2076 mathematicarum,
1474 2032 1653 2079 praesidiis
1677 2044 1737 2079 pa-

182 2090 325 2125 ratiores
341 2088 556 2136 chronologi,
578 2100 659 2124 cum
673 2088 759 2124 haec
774 2099 898 2136 parum
915 2100 992 2125 esse
1008 2093 1241 2126 consentanea
1255 2089 1426 2132 viderent,
1447 2089 1544 2137 prius
1560 2090 1646 2124 illud
1663 2090 1736 2136 qui-

184 2147 320 2195 demde
333 2147 449 2183 lunari
462 2149 560 2182 motu
575 2150 770 2190 tenuerunt,
786 2146 958 2194 posterius
969 2158 1051 2191 vero
1067 2147 1109 2183 de
1124 2159 1244 2183 mense
1258 2158 1297 2182 ac
1315 2147 1369 2182 die
1385 2157 1607 2194 nequaquam
1627 2147 1737 2182 secuti

184 2208 275 2240 sunt.
305 2203 360 2239 Ex
376 2215 445 2253 quo
461 2203 593 2239 factum
610 2207 663 2240 est
677 2204 768 2239 utin
784 2215 876 2240 anno
891 2204 1066 2252 passionis
1080 2204 1280 2252 indagando
1296 2204 1478 2252 plenilunii
1494 2215 1572 2239 cum
1589 2217 1633 2239 v1.
1650 2204 1736 2238 feria

184 2261 418 2298 convenientis
433 2261 605 2297 rationem
623 2261 818 2298 habendam
840 2272 916 2297 esse
939 2261 1111 2298 duxerint.
1157 2262 1284 2297 Paulus
1300 2273 1381 2297 vero
1397 2261 1660 2308 Forosempron.
1676 2261 1734 2295 lib.

183 2331 244 2355 vu.
261 2319 369 2366 partis
383 2331 420 2356 11.
436 2328 607 2355 annorum
619 2331 688 2362 ιιι,
703 2318 770 2355 hoc
784 2322 838 2355 est
852 2329 874 2354 a
888 2331 972 2355 xxx.
990 2319 1117 2355 Christi
1132 2320 1177 2355 ad
1190 2332 1264 2363 xr..‚
1280 2319 1460 2356 novilunia
1474 2318 1734 2365 pleniluniaque

182 2376 379 2424 proposuit,
398 2379 471 2412 tam
493 2376 609 2412 media
628 2386 732 2422 quam
748 2387 840 2411 vera.
871 2376 926 2412 Ex
943 2377 1068 2423 quibus
1084 2389 1148 2412 sex
1165 2377 1337 2412 duntaxat
1351 2376 1407 2412 hic
1424 2375 1679 2417 adscribemus,
1695 2378 1735 2409 ut

184 2433 398 2481 quaestionis
421 2434 743 2480 controversiaeque
764 2436 875 2469 status
896 2433 1065 2469 lectorum
1086 2435 1195 2470 oculis
1217 2434 1431 2476 subiiciatur,
1453 2433 1497 2468 ab
1519 2443 1611 2467 anno
1634 2443 1733 2467 aerae

183 2503 280 2530 xxxi.
297 2491 340 2527 ad
355 2503 490 2536 xxxv1.,
509 2490 601 2538 quod
616 2490 652 2526 in
667 2489 791 2526 horum
807 2501 977 2527 annorum
993 2491 1109 2539 aliquo
1127 2491 1253 2528 Christi
1268 2491 1385 2539 passio
1403 2489 1605 2526 collocanda
1621 2489 1676 2525 sit.

1774 1926 1800 1951 p.
1816 1919 1871 1946 129.
