2008 3294
206 1925 232 1950 p.
248 1917 303 1944 1³9.

339 198 486 235 CXXIV

337 303 454 338 rianos
470 302 539 336 alio
554 301 632 336 loco
647 301 861 347 probabitur.
892 301 938 336 At
951 301 988 336 in
1003 301 1152 344 Iuliana,
1175 301 1248 335 sive
1263 300 1338 335 fixa
1358 300 1542 348 stabilique
1564 302 1647 336 anni
1668 301 1798 346 forma,
1821 302 1888 338 He-

338 359 567 394 catombaeon
581 357 695 393 haesit
708 358 746 393 in
759 358 846 393 Iulio
857 384 866 400 ‚
882 358 1006 405 reliqui
1022 362 1204 404 sequentes
1219 357 1372 392 Iulianos
1386 369 1525 394 menses
1542 359 1775 396 obtinuerunt.
1807 359 1886 394 Plu-

336 416 476 451 tarchus
493 426 574 450 cum
588 415 781 450 Atticorum
795 415 970 451 mensium
986 416 1162 457 meminit,
1186 425 1439 461 nonnunquam
1459 415 1552 451 fixos
1575 416 1654 451 illos
1676 426 1718 451 ac
1735 415 1887 451 Iulianos

336 473 510 519 intelligit.
542 471 640 514 Quod
656 476 774 508 autem
789 483 910 508 eorum
925 473 1051 508 seriem
1066 472 1292 508 Athenienses
1308 473 1522 508 retexuerint
1545 476 1580 507 et
1595 472 1799 509 Hecatomb.
1818 475 1887 508 sta-

335 531 431 565 tione
443 530 664 572 dimoverint,
681 529 773 565 haud
789 530 860 565 scio
877 541 921 565 an
937 541 983 566 ex
999 530 1067 566 alio
1085 530 1250 576 scriptore
1264 540 1370 576 quam
1385 540 1430 565 ex
1442 528 1508 566 hoc
1518 529 1704 576 Epiphanii
1715 530 1791 565 loco
1809 540 1888 565 con-

337 591 429 622 stare
443 587 566 634 possit.
853 598 857 602 “

426 645 496 691 Πρὸ
509 644 542 685 ἓξ
554 642 660 678 Εἰδῶν
673 644 890 692 Νοεμβρίων]
913 643 1104 680 Neomenia
1115 644 1226 690 Athyr
1237 643 1385 687 Actiaci,
1401 644 1457 679 vel
1467 643 1712 687 Diocletianei‚
1729 643 1890 679 convenit

336 715 370 737 v.
384 702 461 739 Kal.
475 701 563 738 Nov.
573 727 583 744 ,
597 700 663 737 hoc
679 705 733 737 est
749 701 886 737 Octobr.
893 707 1022 738 ‘xxv111.
1054 702 1147 748 Ergo
1165 701 1390 737 duodecimus
1406 700 1516 747 Athyr
1533 700 1738 736 Novembris
1757 703 1889 744 octavo,

337 760 411 795 sive
425 772 472 795 vr.
487 759 562 795 Eid.
579 758 684 802 Now,
699 759 792 806 quod
807 762 842 794 et
855 770 953 794 num.
965 771 1035 794 xvr.
1052 769 1156 806 supra
1171 758 1322 802 dixerat,
1335 771 1393 795 nx.
1407 758 1462 793 die
1478 761 1558 793 ante
1569 757 1774 805 Epiphania.
1810 757 1889 793 Per-

337 827 457 863 peram
471 817 589 863 itaque
603 820 742 863 postea,
757 828 791 852 n.
805 829 946 860 xxvm.,
963 816 1026 863 πρὸ
1044 813 1134 850 ὀκτὼ
1150 814 1257 850 Εἰδῶν
1274 814 1464 862 Νοεμβρίων
1481 826 1503 850 a.
1516 815 1656 850 librario
1673 815 1850 862 scriptum.

427 872 519 908 Κατὰ
541 873 782 920 Σαλαμινίους]
821 873 1013 908 Neomenia
1035 872 1164 908 Choiac
1184 871 1305 907 incidit
1326 884 1378 909 ιιι.
1398 872 1584 915 Νονοιιιῐι.,
1606 883 1711 918 quem
1731 883 1889 908 mensem

336 932 478 966 tertium
493 931 661 978 appellat,
684 931 756 966 sive
777 930 870 977 quod
890 931 1006 976 plures
1029 930 1183 965 eiusdem
1198 930 1349 965 nominis
1366 932 1500 972 essent,
1519 932 1560 964 ut
1575 929 1668 976 apud
1682 929 1890 965 recentiores

336 989 469 1024 Arabes
485 988 553 1024 duo
569 988 683 1023 Rabiu
704 991 803 1031 sunt,
825 987 1038 1034 totidemque
1056 987 1258 1030 Giumediu,
1283 987 1356 1022 sive
1380 986 1474 1033 quod
1497 986 1616 1022 ordine
1638 986 1759 1022 tertius
1784 990 1887 1023 esset.

336 1046 435 1081 Unde
456 1049 491 1081 et
513 1046 652 1092 quintus
674 1045 711 1080 in
734 1045 934 1080 Ianuarium
955 1045 1110 1079 incurrit.
1144 1044 1185 1080 A.
1201 1056 1254 1079 ιιι.
1270 1043 1358 1080 Nov.
1377 1044 1421 1078 ad
1441 1043 1517 1078 Kal.
1533 1044 1605 1078 Ian.
1628 1043 1886 1090 comprehensis

336 1104 413 1139 Kal.
428 1103 513 1150 ipsis
528 1103 602 1138 dies
617 1108 699 1137 sunt
714 1101 815 1137 solidi
830 1114 893 1145 nx,
916 1102 976 1149 qui
996 1113 1135 1136 menses
1158 1101 1243 1137 duos
1259 1101 1462 1136 tricenarios
1480 1100 1644 1136 efficiunt.
1676 1100 1766 1136 Nam
1781 1112 1820 1137 ιι.
1835 1101 1889 1136 Ia-

336 1161 451 1196 nuarii
472 1160 619 1207 πέμπτος
648 1159 778 1195 mensis
801 1159 888 1196 iniit.
934 1158 1102 1195 Videntur
1125 1158 1306 1194 Salaminii
1333 1158 1551 1205 aequabilem
1579 1160 1614 1193 et
1636 1157 1891 1205 Aegyptiacam

337 1218 512 1254 mensium
531 1217 705 1252 ascivisse.

427 1274 519 1309 Κατὰ
533 1274 707 1320 Παφίους]
728 1274 923 1320 Apogonici
937 1273 1120 1309 neomenia
1135 1273 1248 1320 coepit
1263 1273 1384 1310 Octob.
1402 1285 1498 1308 xxrv.
1521 1272 1618 1308 Iulus
1633 1273 1712 1308 iniit
1725 1273 1890 1309 Decemb.

338 1345 433 1369 xxiv.
464 1333 495 1367 A
518 1332 574 1367 die
589 1343 685 1367 xxrv.
702 1331 822 1366 Octob.
839 1330 884 1365 ad
899 1343 1000 1366 xxm.
1015 1331 1097 1365 Dec.
1113 1331 1187 1366 dies
1210 1334 1291 1366 sunt
1306 1342 1385 1374 ιιι,
1408 1331 1468 1377 qui
1489 1334 1570 1365 sunt
1590 1330 1657 1365 duo
1680 1329 1891 1377 Paphiorum

337 1401 488 1425 menses.
518 1388 631 1431 Quare
647 1388 870 1435 Apogonicus
885 1387 1094 1434 Paphicrum
1108 1387 1176 1423 fuit
1190 1387 1395 1431 November,
1410 1388 1505 1423 Iulus
1521 1387 1724 1423 December.

429 1444 520 1481 Κατὰ
535 1443 707 1492 Ἄραβας]
731 1445 923 1480 Neomenia
936 1444 1210 1491 Angalthabaith
1226 1444 1384 1480 Octobris
1399 1457 1499 1481 xvm.
1515 1445 1697 1492 competit,
1713 1455 1736 1479 a
1751 1455 1820 1491 quo
1836 1444 1891 1479 die

339 1505 383 1539 ad
399 1517 469 1539 xvr.
485 1503 568 1538 Dec.
584 1503 657 1538 dies
674 1506 756 1538 sunt
771 1514 835 1546 nx,
858 1503 931 1537 sive
953 1502 1021 1537 duo
1042 1513 1180 1537 menses
1197 1502 1419 1549 Aegyptiaci,
1443 1502 1570 1549 quibus
1590 1502 1646 1537 usi
1661 1505 1742 1537 sunt
1757 1501 1890 1537 Arabes

339 1562 408 1596 illis
423 1560 650 1607 temporibus
682 1559 772 1595 Nam
787 1559 972 1595 neomenia
985 1560 1096 1601 Aleon
1110 1559 1214 1606 paulo
1231 1563 1312 1595 ante
1327 1559 1441 1606 coepit
1455 1559 1655 1595 Decembris
1671 1571 1756 1596 xvrr.

430 1618 522 1652 Κατὰ
537 1617 730 1657 Μακεδόνας
746 1615 968 1662 Ἀπελλαίου]
1014 1617 1230 1652 Macedonici
1249 1617 1400 1660 mensis,
1423 1627 1503 1652 cum
1527 1616 1568 1652 de
1591 1620 1746 1664 tempore
1767 1616 1891 1652 natalis

339 1679 475 1723 ageret,
496 1675 710 1710 mentionem
732 1675 859 1711 omisit.
891 1674 1060 1710 Convenit
1079 1685 1182 1721 porro
1201 1674 1357 1721 Apellaei
1376 1674 1560 1710 neomenia
1581 1684 1662 1709 cum
1683 1672 1894 1720 Paphiorum

338 1733 555 1781 Apogonico.
587 1732 677 1767 Nam
692 1735 840 1779 utraque
855 1732 934 1767 iniit
949 1731 1109 1767 Octobris
1125 1743 1221 1768 xxiv.
1253 1731 1324 1767 Sed
1344 1735 1468 1767 neutra
1484 1731 1617 1767 lunaris
1637 1731 1762 1766 extitit.
1792 1731 1894 1778 Apud

338 1791 473 1827 mediae
496 1790 677 1826 vetustatis
701 1790 904 1836 scriptores,
927 1789 1130 1836 praesertim
1149 1788 1381 1833 Christianos,
1403 1798 1657 1836 nonnunquam
1679 1787 1894 1824 Macedonici

338 1859 478 1883 menses
500 1858 580 1882 cum
595 1846 932 1893 Syromacedonicis,
958 1858 1046 1893 quos
1069 1850 1103 1882 et
1119 1845 1332 1882 Graecorum
1353 1857 1492 1882 menses
1514 1846 1706 1894 appellant,
1729 1845 1894 1882 confundi

338 1906 475 1948 videas3
499 1908 538 1940 ut
552 1905 589 1940 in
604 1905 736 1951 insigni
750 1905 810 1940 illo
826 1904 979 1939 Anatolii
992 1905 1088 1948 loco,
1111 1915 1214 1950 quem
1233 1904 1270 1939 in
1285 1904 1445 1950 sequenti
1460 1903 1618 1939 Diatriba
1632 1903 1892 1946 declarabimus,

338 1963 425 1998 alias
441 1973 522 1997 vero
544 1961 709 2004 discerni,
732 1965 772 1996 ut
791 1961 858 1996 hoc
877 1962 954 1996 loco
975 1961 1059 1996 fecit
1079 1960 1303 2008 Epiphanius.
1334 1961 1379 1996 Et
1393 1964 1484 1996 certe
1501 1960 1893 2007 Syromacedonicorum

338 2020 512 2055 mensium
529 2019 618 2054 alius
633 2019 671 2054 in
686 2029 778 2054 anno
794 2018 928 2054 Iuliano
945 2019 1031 2053 situs
1049 2029 1156 2065 quam
1170 2018 1474 2054 Macedonicorum
1488 2017 1570 2061 fuit,
1594 2029 1665 2053 non
1681 2017 1784 2053 modo
1799 2020 1892 2053 vete-

339 2089 434 2121 rum,
450 2088 538 2124 quos
554 2076 694 2111 lunares
711 2075 820 2111 fuisse
836 2076 1063 2122 suspicamur,
1080 2075 1141 2110 sed
1157 2075 1261 2111 etiam
1276 2076 1506 2111 recentiorum
1521 2085 1561 2110 ac
1577 2074 1739 2110 fixorum.
1763 2074 1813 2110 Ac
1829 2086 1891 2122 po-

339 2135 523 2171 steriorum
539 2133 693 2180 quidem,
715 2132 781 2168 hoc
796 2137 850 2168 est
863 2133 1166 2169 Macedonicorum
1176 2159 1185 2176 ‚
1206 2133 1298 2180 apud
1318 2133 1481 2179 antiquos
1498 2131 1604 2168 series
1620 2132 1769 2168 obscura
1783 2135 1838 2168 est
1852 2143 1893 2168 ac

339 2192 506 2234 difficilis,
522 2190 615 2237 quod
631 2190 672 2226 de
689 2201 731 2225 ea
744 2190 838 2226 varie
853 2190 1143 2237 praestantissimi
1157 2190 1342 2237 scriptores
1359 2190 1580 2225 existimasse
1595 2189 1786 2226 videantur.
1823 2189 1893 2225 Sed

340 2249 473 2285 omissa
487 2247 591 2284 modo
604 2248 826 2295 quaestione,
846 2248 902 2283 vel
924 2248 961 2283 in
976 2247 1071 2283 aliud
1086 2248 1202 2295 potius
1219 2247 1345 2290 dilata,
1365 2250 1503 2295 tempus
1525 2247 1576 2282 sic
1598 2247 1739 2282 omnino
1760 2250 1891 2283 statuo:

340 2307 534 2354 Principem
557 2306 731 2341 mensium
754 2306 870 2341 locum
893 2305 1050 2340 extitisse
1073 2305 1134 2351 qui
1155 2304 1450 2340 Hecatombaeoni
1476 2304 1704 2351 responderit,
1734 2305 1827 2351 quod
1855 2305 1892 2341 iu

339 2363 527 2400 Alexandri
542 2363 615 2398 vita
635 2366 783 2399 testatur
803 2361 1018 2399 Plutarchus.
1053 2361 1207 2397 Galenus
1231 2372 1369 2409 quoque
1390 2361 1426 2397 in
1445 2361 1504 2397 lib.
1518 2374 1541 2398 ι.
1559 2361 1712 2408 Epidem.
1729 2362 1892 2409 aequino-

340 2422 447 2457 ctium
464 2420 666 2457 autumnale
682 2417 767 2455 κατὰ
782 2419 840 2464 τὴν
857 2417 961 2467 ἀρχὴν
978 2422 1036 2455 τοῦ
1054 2418 1131 2454 Δίου
1148 2418 1248 2467 μηνὸς
1264 2419 1339 2455 fieri
1355 2419 1506 2466 scripsit,
1522 2419 1662 2454 ineunte
1673 2430 1755 2455 vero
1765 2419 1892 2456 Peritio

341 2478 528 2515 solstitium
551 2477 748 2522 hibernum,
771 2477 1030 2524 aequinoctium
1045 2487 1189 2518 vernum
1205 2476 1408 2520 Artemisio,
1423 2475 1591 2511 aestivum
1607 2476 1794 2512 solstitium
1807 2476 1891 2514 Loo.

341 2536 439 2579 Quod
456 2535 511 2571 vel
527 2535 570 2570 de
586 2535 729 2571 Iulianis
745 2545 786 2570 ac
800 2534 884 2570 fixis
898 2534 1077 2571 mensibus
1097 2534 1206 2581 accipi
1229 2537 1358 2581 potest,
1380 2533 1435 2571 vel
1458 2533 1500 2568 de
1523 2534 1718 2578 lunaribus,
1741 2545 1782 2570 eo
1798 2533 1891 2570 vide-

340 2594 421 2628 licet
436 2603 558 2636 sensu,
574 2596 614 2628 ut
629 2593 695 2628 sub
712 2595 860 2639 quatuor
875 2591 954 2627 illos
971 2591 1054 2627 anni
1069 2590 1224 2627 cardines
1241 2590 1383 2627 totidem
1399 2590 1450 2626 illi
1465 2600 1603 2626 menses
1618 2591 1748 2628 ineant.
1784 2590 1892 2627 Favet

340 2650 420 2685 huic
437 2650 652 2685 coniecturae
668 2648 851 2697 Iosephus,
873 2649 934 2697 qui
948 2659 1112 2697 persaepe
1128 2647 1341 2684 Xanthicum
1356 2646 1465 2683 Nisan
1481 2658 1556 2683 esse
1574 2648 1671 2692 dicit,
1693 2652 1734 2684 ut
1749 2647 1888 2695 Origen.

341 2707 399 2743 lib.
416 2719 438 2743 ι.
455 2717 531 2754 cap.
546 2718 615 2750 ιιι,
632 2711 667 2743 et
682 2707 741 2743 lib.
755 2718 806 2744 m.
822 2716 898 2754 cap.
913 2718 959 2742 rx.
977 2710 1012 2741 et
1027 2718 1077 2749 ι,
1094 2706 1182 2742 libro
1198 2716 1279 2741 vero
1292 2717 1367 2742 vm.
1382 2715 1457 2752 cap.
1470 2716 1507 2741 ιι.
1525 2704 1591 2740 liar
1607 2717 1687 2741 cum
1703 2705 1888 2741 Artemisio

341 2765 532 2811 componit,
549 2764 607 2799 lib.
621 2775 696 2801 vm.
715 2773 790 2811 cap.
805 2775 855 2800 ur.
873 2763 1189 2811 Hyperboretaeum
1205 2773 1284 2799 cum
1299 2762 1406 2806 Tisri,
1422 2761 1525 2797 Dium
1542 2773 1621 2797 cum
1638 2762 1890 2798 Marchesuvan

340 2820 436 2856 istm.
459 2830 533 2868 cap.
548 2833 616 2864 ιιι.,
641 2820 794 2857 Chasseu
817 2831 897 2856 cum
921 2821 1083 2868 Apellaeo
1108 2820 1167 2856 lib.
1188 2831 1250 2856 ιιι.
1275 2829 1351 2867 cap.
1369 2830 1429 2855 vrr.
1475 2818 1571 2854 Adde
1595 2820 1636 2855 iis
1660 2819 1891 2855 astronomica

342 2877 512 2924 quaedam
528 2878 690 2924 exempla
705 2878 739 2913 in
757 2877 943 2914 Chaldaica
960 2877 1098 2925 periodo
1115 2877 1206 2925 apud
1222 2877 1467 2913 Ptolemaeum.
1499 2875 1594 2918 Quae
1612 2877 1728 2912 omnia
1742 2876 1824 2913 alibi
1841 2875 1890 2911 di-

341 2934 507 2981 ligentius
524 2935 750 2981 explicantur.
786 2936 875 2971 lnter
891 2934 1192 2971 Macedonicorum
1207 2933 1379 2970 mensium
1401 2943 1445 2969 ex
1469 2932 1512 2969 iis
1535 2934 1695 2970 omuibus
1720 2933 1801 2970 ordo
1823 2933 1889 2970 iste

342 2991 604 3028 constituendus
619 2996 681 3026 est.
