2008 3294
1620 163 1720 202 XVII

169 270 205 309 ἔκ
219 271 416 318 Βαβυλῶνος
438 270 502 307 ἀπὸ
526 271 582 315 τῆς
605 268 716 304 Ἰούδα
741 269 859 316 φυλῆς,
885 263 924 312 ἧς
945 267 1076 314 πρώτης
1099 267 1256 312 ἐλθούσης
1277 267 1320 309 εἰς
1343 266 1478 308 ἐκείνους
1499 267 1574 308 τοὺς
1597 269 1717 308 τόπους

170 329 262 365 αὐτοί
277 341 311 364 τε
335 328 388 364 καὶ
410 327 431 373 ἡ
453 327 551 376 χώρα
571 329 627 372 τῆς
649 325 868 374 προσηγορίας
883 325 1001 368 ταύτης
1018 324 1208 380 μετέλαβον.
1244 326 1357 368 Quare
1372 329 1453 374 post
1466 324 1718 372 Babylonicam

169 386 404 433 captivitatem
423 384 632 421 Iudaeorum
647 384 856 420 vocabulum
871 381 1030 419 obtinuit.

236 456 246 463 =
258 443 319 478 Καὶ
335 441 502 490 φιλισταίᾳ
517 441 604 484 οὔτω
621 440 774 488 κληθείσῃ
790 441 891 486 rote]
926 438 1034 482 Quasi
1054 438 1143 474 duae
1159 450 1200 474 ac
1223 440 1456 488 discrepantes
1471 440 1718 488 appellationes

168 500 257 536 istae
272 501 351 537 sint.
386 499 568 536 Enimvero
586 509 657 534 una
671 498 860 545 eademque
875 508 946 534 vox
961 500 1014 533 est
1029 477 1228 542 ffnffibn.
1264 497 1334 532 Sed
1349 498 1386 532 τὸ
1405 501 1436 539 n
1454 499 1553 541 olim,
1573 502 1613 533 ut
1627 498 1718 544 apud

167 558 316 602 Arabes,
336 557 386 593 ita
399 555 491 604 apud
504 556 679 592 Hebraeos
695 559 859 603 perpetuo
874 565 954 591 cum
967 553 1088 604 Raphe
1103 554 1376 600 pronuntiatum.
1408 555 1532 592 Graeci
1547 553 1599 590 διὰ
1614 558 1673 590 τοῦ
1689 554 1718 588 Π

168 618 423 662 expresserunt.

198 708 201 709 ⁷
257 671 298 708 N.
314 684 348 707 v.
370 671 432 706 Καὶ
447 670 583 706 Χυδαῖοι
598 669 771 718 ἐγένοντο]
795 670 930 708 xamen
942 667 1099 711 hocloco
1115 668 1208 705 idem
1228 672 1281 704 est
1295 674 1398 716 atque
1415 671 1642 712 abundantes,
1666 683 1719 705 eo-
1775 690 1783 698 ·
1828 690 1835 697 ·

161 731 414 776 pioso‘suerunt.
443 727 658 776 Epiphanius
674 739 755 764 vero
771 727 912 776 perinde
927 726 993 763 hoc
1008 726 1219 762 vocabulum
1235 727 1360 774 accipit
1381 738 1422 763 ac
1438 728 1469 762 si
1491 729 1574 762 viles
1592 734 1625 762 et
1645 740 1720 763 eon-

167 792 305 832 temptes
324 785 548 832 significaret.
584 785 674 821 Nam
698 796 741 821 ea
754 785 850 821 vocis
873 787 928 821 est
948 787 1112 831 potestas.
1146 783 1234 820 Hinc
1258 784 1475 830 dactylorum
1498 795 1610 831 genus
1634 785 1720 821 divis

167 854 305 880 sacrum
319 854 382 890 per
396 846 632 890 contemptum
648 854 670 878 a
683 842 820 879 Iudaeis
835 841 1029 888 chydaeum
1043 843 1216 878 vocatum.
1239 840 1371 876 Plinius
1386 842 1447 877 lib.
1463 854 1565 878 xxm.
1581 853 1658 889 cap.
1673 855 1719 878 ιν.

167 900 262 938 Nam
275 913 355 947 quos
370 912 411 936 ex
424 903 470 936 iis
484 900 605 936 honori
619 902 756 936 deorum
771 901 940 969 dicamus,
963 898 1139 946 01:901oeoe
1162 898 1352 945 appellavit
1371 899 1524 941 Iudaea,
1544 912 1627 944 qens
1644 912 1719 934 con-

167 959 304 995 &amelia
318 960 487 997 'cuminum
501 960 655 1004 insignis.

256 1014 300 1052 N.
316 1027 364 1053 π.
393 1011 453 1050 Διὰ
476 1014 514 1050 τὸ
539 1014 760 1060 διπλοῦσθαι]
793 1014 885 1051 Nam
905 1013 986 1051 libri
1008 1013 1076 1050 duo
1099 990 1238 1061 Regum
1257 1013 1410 1062 priores,
1435 1025 1522 1061 quos
1546 1014 1718 1050 Samuelis

165 1076 302 1116 vocant,
317 1072 481 1109 volumen
496 1083 606 1108 unum
622 1073 848 1116 constituunt,
861 1072 972 1127 itemq
971 1082 1015 1109 ue
1030 1071 1169 1119 Regum
1183 1071 1252 1108 duo
1268 1071 1475 1118 posteriores
1492 1083 1613 1107 unum.
1630 1072 1718 1107 Tum

164 1129 252 1167 liber
265 1129 360 1167 Ruth
375 1140 456 1166 cum
469 1129 627 1166 Indicum
641 1129 728 1166 libro
744 1130 908 1168 volumen
923 1129 1064 1165 unicum
1077 1128 1173 1166 facit.
1208 1128 1266 1164 Sic
1287 1132 1322 1164 et
1335 1129 1418 1164 libri
1431 1128 1719 1176 Paralipomenon

166 1187 252 1231 duo,
275 1187 487 1234 totidemque
509 1187 655 1231 Esdrae,
679 1188 819 1235 singula
841 1187 934 1235 apud
954 1186 1130 1224 Hebraeos
1153 1186 1334 1223 volumina
1356 1186 1501 1223 faciunt.
1539 1187 1592 1223 Ita
1614 1199 1635 1220 v
1660 1197 1720 1222 ex-

165 1245 304 1292 punctis
326 1245 578 1289 voluminibus,
599 1248 736 1281 constat
750 1256 827 1281 xm
847 1244 1015 1281 librorum
1036 1254 1214 1281 numerus.
1254 1243 1339 1280 Vide
1359 1243 1498 1280 Hieron.
1513 1244 1549 1280 in
1571 1244 1720 1290 Prologo

168 1301 328 1354 Galeato,
345 1301 513 1349 Cyrillum
537 1301 677 1338 Gatecb.
689 1301 876 1345 rv.Euaeb.
893 1301 953 1339 lib.
966 1314 1013 1339 vr.
1028 1301 1157 1339 Hister.
1175 1311 1250 1349 cap.
1264 1313 1336 1338 nx.

255 1358 298 1396 N.
313 1372 375 1409 vu:
397 1359 419 1404 ἥ
435 1371 480 1400 τις
497 1359 586 1407 ψυχὴ
604 1359 664 1395 οὐκ
680 1359 878 1406 ἀκούσεται]
903 1359 1006 1396 Solet
1020 1359 1224 1407 plerumque
1240 1358 1439 1407 Scripturas
1454 1358 1560 1394 verba
1575 1370 1647 1394 non
1662 1358 1719 1394 iis-

167 1415 245 1454 dem
254 1442 265 1461 ‚
283 1417 408 1464 quibus
425 1421 593 1465 concepta
607 1420 706 1461 suut,
721 1417 827 1453 citare
838 1417 955 1453 verbis
964 1443 974 1460 ‚
989 1416 1051 1452 sed
1065 1416 1275 1459 immutatis,
1291 1420 1330 1452 nt
1345 1415 1498 1452 hocloco
1510 1416 1641 1452 factum
1657 1420 1719 1451 est.

257 1474 510 1521 Βασιλιυόμεναι
525 1473 588 1509 ὗπὶι
605 1478 664 1510 τοῦ
680 1472 887 1521 Ἱεροβοάμ]
905 1473 1066 1511 Samaria
1078 1474 1232 1520 regionis
1246 1473 1420 1511 interdum
1435 1485 1563 1510 nomen
1579 1478 1647 1516 est,
1669 1474 1720 1509 in-

168 1532 306 1570 terdum
320 1531 447 1580 oppidi.
481 1531 592 1568 Priori
610 1531 715 1571 modo
736 1532 842 1568 etiam
863 1535 943 1568 ante
964 1531 1138 1568 conditam
1154 1531 1347 1568 Samariam
1363 1535 1551 1578 usurpatur
1565 1543 1618 1568 m.
1633 1531 1719 1577 Reg.

167 1600 241 1637 cap.
254 1601 336 1634 xm,
351 1588 412 1628 322
427 1589 587 1636 Profecto
603 1592 690 1625 enim
701 1592 811 1625 veniet
819 1601 928 1626 sermo
936 1615 947 1632 ‚
962 1601 1056 1636 quem
1062 1590 1244 1636 praedixit
1253 1591 1290 1623 in
1300 1601 1450 1624 sermone
1462 1590 1590 1626 domini
1601 1595 1721 1624 contra

168 1649 296 1690 attare,
319 1648 407 1694 quod
427 1653 477 1682 est
493 1649 529 1682 in
545 1647 668 1684 Bethel
681 1654 714 1683 et
728 1653 849 1683 contra
865 1649 978 1683 omnia
985 1650 1081 1694 sana
1097 1648 1318 1689 excelsorum,
1341 1659 1428 1693 quae
1443 1652 1522 1680 sum
1534 1649 1570 1680 iu
1585 1646 1722 1683 urbibus

165 1705 360 1741 samar-iae.
405 1704 452 1740 At
474 1715 549 1752 oap-
565 1704 642 1748 xvi,
664 1704 710 1740 24
731 1704 830 1740 Amri
843 1715 907 1740 rex
929 1703 1068 1741 Israelis
1092 1707 1171 1740 emit
1191 1710 1331 1739 montem
1352 1703 1538 1739 Samariae
1562 1717 1584 1738 a
1606 1703 1722 1738 Somet-

168 1763 293 1798 duolm
308 1763 446 1798 talentis
461 1764 596 1808 argenti
610 1767 644 1797 et
657 1763 857 1808 aedificatur
870 1774 956 1805 eum,
979 1768 1015 1797 ee
1026 1764 1162 1798 vocavit
1176 1773 1292 1796 nomen
1307 1763 1474 1803 civitatis,
1497 1773 1595 1807 quam
1611 1766 1721 1795 extru-

165 1826 283 1862 xerat,
299 1821 427 1855 nomine
441 1818 555 1854 Semer
571 1820 698 1854 domini
710 1821 831 1854 montis
844 1818 1053 1855 Samariam.
1092 1819 1194 1866 Apud
1208 1818 1443 1866 Epiphanium
1457 1829 1541 1864 ergo
1557 1818 1645 1853 ratio
1661 1829 1722 1864 po-

166 1877 288 1919 stulat,
304 1879 344 1912 ut
357 1875 518 1913 Samaria
532 1875 685 1923 regionis
700 1876 836 1924 potius,
859 1887 967 1924 quam
990 1876 1108 1924 oppidi
1122 1876 1331 1912 vocabulum
1355 1876 1411 1912 sit.
1449 1874 1612 1911 Nondum
1628 1875 1721 1910 enim

165 1933 367 1970 Ieroboamo
388 1936 558 1980 regnante
581 1932 719 1970 condita
740 1939 815 1970 erat
837 1933 1005 1971 Samaria.
1040 1933 1085 1970 Et
1105 1938 1224 1971 tamen
1247 1945 1326 1969 cum
1342 1933 1592 1980 Hierosolymis
1616 1944 1721 1980 oppo-

166 1994 280 2038 natur,
294 2002 358 2039 pro
374 1991 500 2039 oppido
516 1991 609 2027 sumi
622 1990 767 2028 videtur.

256 2047 384 2090 Ἰωσίας
401 2047 575 2096 Ἰεχονίαν,
591 2047 648 2084 τὸν
664 2047 718 2084 καὶ
734 2047 893 2096 Σιλούμ..]
920 2049 1042 2086 Multis
1058 2048 1170 2085 modis
1186 2049 1365 2096 implicata
1380 2052 1415 2084 et
1430 2049 1578 2084 obscura
1593 2052 1647 2084 est
1662 2060 1722 2095 po-

167 2110 374 2143 stremorum
383 2105 489 2143 Iudae
500 2117 624 2153 regum
635 2106 812 2143 successio
820 2132 830 2150 ‚
846 2117 956 2153 quam,
965 2106 1218 2153 impeditiorem
1227 2106 1312 2142 facit
1322 2105 1491 2142 Matthaei
1503 2107 1721 2152 genealogia.

165 2163 239 2199 Nos
259 2167 446 2211 utrumque
468 2163 600 2200 nodum
620 2163 769 2200 breviter
789 2163 856 2200 hoc
878 2164 954 2199 loco
977 2163 1220 2200 dissolvamus.
1255 2163 1364 2199 Iosias
1379 2163 1493 2199 Amen
1507 2163 1601 2198 filius
1624 2164 1724 2209 regni

166 2220 331 2257 haeredes
345 2220 438 2257 filios
454 2220 577 2257 habuit
591 2221 734 2258 omnino
750 2225 838 2264 tres,
860 2224 901 2256 ut
921 2232 967 2256 ex
990 2221 1049 2257 lib.
1061 2233 1109 2258 ιν.
1123 2221 1212 2268 Reg.
1229 2224 1376 2257 constat.
1412 2221 1548 2256 Primus
1566 2224 1645 2267 post
1661 2231 1723 2266 pa·

167 2279 274 2315 tentis
294 2281 445 2315 mortem
466 2278 628 2325 regnavit
646 2277 791 2314 Ioacbaz
812 2278 992 2315 mensibus
1014 2279 1142 2315 tribus:
1164 2291 1212 2315 ιν.
1228 2278 1316 2325 Reg.
1333 2278 1388 2321 23,
1403 2277 1459 2321 30,
1483 2278 1543 2324 qui
1558 2282 1594 2312 et
1607 2277 1723 2312 lecho-

166 2336 245 2372 nias
260 2336 298 2371 iu
312 2334 510 2383 apocrypho
524 2335 654 2371 Esdrae
669 2335 758 2372 libro
773 2336 876 2372 tertio
892 2335 1027 2379 dicitur,
1049 2346 1126 2383 cap.
1143 2348 1174 2379 1,
1191 2335 1247 2372 34.
1283 2335 1467 2382 Perperam
1482 2335 1576 2370 enim
1590 2334 1722 2369 Maldo-

166 2397 270 2430 natus
285 2396 405 2429 noster
419 2393 455 2428 id
470 2392 514 2428 ad
529 2393 659 2429 Ioacim
673 2392 959 2429 accommodavit.
997 2393 1179 2429 Secundus
1199 2396 1253 2428 est
1268 2392 1419 2435 Ioakim,
1443 2392 1502 2438 qui
1524 2395 1560 2427 et
1579 2391 1722 2426 Eliacim

167 2454 310 2487 vocatus
327 2453 398 2494 est,
413 2450 475 2487 lib.
488 2462 535 2487 ιν.
550 2449 639 2497 Reg.
655 2460 731 2497 cap.
744 2462 847 2494 xxm,
863 2450 920 2494 34,
936 2451 997 2497 qui
1012 2461 1124 2486 annos
1138 2450 1299 2496 regnavit
1311 2462 1360 2486 n.
1385 2449 1521 2484 Tertius
1537 2448 1604 2483 fuit
1619 2448 1723 2483 Sede-

167 2509 251 2552 cias,
274 2511 356 2544 ante
378 2518 484 2554 quem
499 2506 642 2544 Ioachin
663 2507 736 2543 sive
751 2506 929 2543 lechonias
944 2507 1088 2543 Ioaoimi
1101 2507 1195 2542 filius
1210 2507 1322 2542 tribus
1332 2506 1512 2542 mensibus
1523 2506 1721 2553 imperavit:

167 2577 243 2613 cap.
259 2577 355 2609 xxrv,
375 2565 426 2601 17.
466 2565 512 2601 At
526 2577 550 2602 1.
565 2564 679 2600 Paral.
694 2575 770 2611 cap.
786 2576 845 2607 111,
863 2564 905 2600 15
925 2563 1038 2600 Iosiae
1053 2564 1117 2599 filii
1132 2564 1357 2599 nominantur
1372 2567 1536 2610 quatuor:
1557 2561 1722 2604 Iohanan,

167 2622 317 2667 Ioakim,
339 2622 518 2666 Sedecias,
542 2626 578 2657 et
598 2621 742 2657 Sellum.
787 2621 876 2657 Oum
898 2621 954 2657 hic
980 2622 1092 2658 multa
1112 2622 1156 2656 ab
1179 2621 1423 2667 interpretibus
1445 2625 1480 2656 et
1502 2619 1722 2666 chronologis

169 2679 367 2724 afferantur,
381 2680 497 2727 placet
505 2679 742 2715 Hebraeorum
754 2678 936 2722 sententia,
949 2679 1188 2726 imprimisque
1199 2678 1299 2714 Aben
1309 2678 1438 2714 Hesrae
1449 2678 1486 2713 in
1499 2690 1521 2713 ι.
1534 2689 1611 2725 cap.
1623 2678 1723 2719 Dan„

169 2737 210 2773 R.
225 2737 310 2774 Levi
324 2738 394 2774 ben
410 2736 547 2773 Gerson
567 2740 602 2772 et
615 2737 658 2772 R.
673 2735 786 2772 David
800 2735 846 2771 ad
860 2735 920 2771 lib.
935 2748 983 2772 ιν.
1005 2735 1093 2782 Reg.
1111 2746 1186 2782 cap.
1204 2747 1312 2778 xxm,
1333 2734 1467 2771 Sellum
1481 2735 1630 2771 eundem
1646 2747 1723 2770 esse

169 2805 249 2831 cum
263 2793 425 2839 Ioachas,
449 2795 511 2842 qui
530 2798 714 2842 paternum
732 2793 918 2840 imperium
938 2793 1099 2839 populari
1117 2792 1285 2836 factione,
1306 2803 1378 2828 non
1398 2793 1472 2828 iure
1493 2793 1722 2829 successionis

170 2852 336 2896 obtinuit,
360 2851 453 2899 quod
474 2855 509 2888 et
523 2852 703 2899 Scriptura
723 2861 800 2898 cap.
815 2862 906 2887 xxm
916 2875 926 2893 ‚
947 2849 1003 2885 30.
1019 2850 1172 2885 declarat
1185 2848 1239 2885 his
1254 2850 1386 2885 verbis:
1415 2850 1568 2896 Tumque
1577 2851 1724 2896 populus

171 2916 284 2945 terrae
307 2909 460 2945 Ioachaz
471 2911 583 2956 filium
603 2910 736 2945 Iasiae.-
768 2914 801 2943 et
824 2914 991 2942 unxerunt
1014 2920 1085 2942 eum
1113 2913 1146 2942 et
1171 2910 1412 2943 constituerunt
1431 2920 1503 2943 eum
1525 2920 1638 2954 reqem
1655 2920 1722 2954 pro·

167 2973 270 3014 patre
284 2979 355 3002 suo.
379 2967 468 3004 Nam
483 2967 514 3003 si
529 2967 653 3002 aetatis
668 2966 824 3002 ordinem
839 2968 974 3012 spectes
983 2991 992 3008 ‚
1007 2967 1088 3012 post
1098 2963 1282 3008 lulianam,
1297 2965 1358 3011 qni
1373 2968 1455 3001 ante
1469 2965 1577 3011 patris
1591 2965 1722 2999 obitum

170 3027 371 3072 praereptus
390 3025 542 3068 videtur,
562 3024 740 3063 maximus
762 3026 849 3059 natu
869 3022 936 3059 fuit
954 3021 1084 3059 Ioacim
1105 3022 1178 3059 sive
1198 3021 1352 3058 Eliacim.
1385 3021 1486 3065 Quod
1507 3026 1543 3058 et
1556 3021 1722 3068 Iosephus

223 3093 308 3128 Coi-p.
319 3094 484 3123 Haereseol.
495 3095 548 3121 111.
1422 3079 1453 3114 Β
