<?xml version="1.0" encoding="UTF-8"?>
<!DOCTYPE html PUBLIC "-//W3C//DTD XHTML 1.0 Transitional//EN"
    "http://www.w3.org/TR/xhtml1/DTD/xhtml1-transitional.dtd">
<html xmlns="http://www.w3.org/1999/xhtml" xml:lang="en" lang="en">
 <head>
  <title>
</title>
<meta http-equiv="Content-Type" content="text/html;charset=utf-8" />
  <meta name='ocr-system' content='tesseract 3.04.00' />
  <meta name='ocr-capabilities' content='ocr_page ocr_carea ocr_par ocr_line ocrx_word'/>
</head>
<body>
  <div class='ocr_page' id='page_1' title='image "./corporishaereseo03epip_0254.png"; bbox 0 0 2008 3294; ppageno 0'>
   <div class='ocr_carea' id='block_1_1' title="bbox 220 1053 318 1085">
    <p class='ocr_par' dir='ltr' id='par_1_1' title="bbox 220 1053 318 1085">
     <span class='ocr_line' id='line_1_1' title="bbox 220 1053 318 1085; baseline -0.01 -7"><span class='ocrx_word' id='word_1_1' title='bbox 220 1061 246 1085; x_wconf 88' lang='lat' dir='ltr'><strong>p.</strong></span> <span class='ocrx_word' id='word_1_2' title='bbox 260 1053 318 1078; x_wconf 80' lang='lat'><strong>141.</strong></span> 
     </span>
    </p>
   </div>
   <div class='ocr_carea' id='block_1_2' title="bbox 358 195 504 232">
    <p class='ocr_par' dir='ltr' id='par_1_2' title="bbox 358 195 504 232">
     <span class='ocr_line' id='line_1_2' title="bbox 358 195 504 232; baseline -0.007 -1"><span class='ocrx_word' id='word_1_3' title='bbox 358 195 504 232; x_wconf 85' lang='lat' dir='ltr'>CXXVI</span> 
     </span>
    </p>
   </div>
   <div class='ocr_carea' id='block_1_3' title="bbox 352 297 1907 1312">
    <p class='ocr_par' dir='ltr' id='par_1_3' title="bbox 352 297 1907 1312">
     <span class='ocr_line' id='line_1_3' title="bbox 355 297 1901 345; baseline -0.001 -11"><span class='ocrx_word' id='word_1_4' title='bbox 355 299 511 345; x_wconf 89' lang='lat' dir='ltr'><strong>ptionem</strong></span> <span class='ocrx_word' id='word_1_5' title='bbox 527 297 746 344; x_wconf 82' lang='lat' dir='ltr'><strong>quadrarent.</strong></span> <span class='ocrx_word' id='word_1_6' title='bbox 793 297 950 343; x_wconf 79' lang='lat' dir='ltr'>Scaliger</span> <span class='ocrx_word' id='word_1_7' title='bbox 972 298 1111 345; x_wconf 88' lang='lat' dir='ltr'><strong>quidem</strong></span> <span class='ocrx_word' id='word_1_8' title='bbox 1127 310 1174 334; x_wconf 89' lang='lat' dir='ltr'><strong>rv.</strong></span> <span class='ocrx_word' id='word_1_9' title='bbox 1193 298 1235 333; x_wconf 92' lang='lat' dir='ltr'><strong>de</strong></span> <span class='ocrx_word' id='word_1_10' title='bbox 1249 297 1430 333; x_wconf 80' lang='lat' dir='ltr'><strong>Emendat.</strong></span> <span class='ocrx_word' id='word_1_11' title='bbox 1445 309 1528 345; x_wconf 86' lang='lat' dir='ltr'><strong>pag.</strong></span> <span class='ocrx_word' id='word_1_12' title='bbox 1543 297 1638 341; x_wconf 65' lang='lat'><strong>227„</strong></span> <span class='ocrx_word' id='word_1_13' title='bbox 1661 298 1723 334; x_wconf 89' lang='lat' dir='ltr'><strong>ubi</strong></span> <span class='ocrx_word' id='word_1_14' title='bbox 1745 298 1787 334; x_wconf 93' lang='lat' dir='ltr'><strong>de</strong></span> <span class='ocrx_word' id='word_1_15' title='bbox 1810 308 1901 333; x_wconf 88' lang='lat' dir='ltr'><strong>anno</strong></span> 
     </span>
     <span class='ocr_line' id='line_1_4' title="bbox 355 354 1903 401; baseline 0 -11"><span class='ocrx_word' id='word_1_16' title='bbox 355 355 490 390; x_wconf 88' lang='lat' dir='ltr'><strong>Iuliano</strong></span> <span class='ocrx_word' id='word_1_17' title='bbox 503 354 625 390; x_wconf 89' lang='lat' dir='ltr'><strong>Athen.</strong></span> <span class='ocrx_word' id='word_1_18' title='bbox 639 355 732 400; x_wconf 84' lang='lat' dir='ltr'><strong>agit,</strong></span> <span class='ocrx_word' id='word_1_19' title='bbox 747 354 812 389; x_wconf 91' lang='lat' dir='ltr'><strong>hos</strong></span> <span class='ocrx_word' id='word_1_20' title='bbox 827 354 923 401; x_wconf 91' lang='lat' dir='ltr'><strong>ipsos</strong></span> <span class='ocrx_word' id='word_1_21' title='bbox 935 359 1036 401; x_wconf 86' lang='lat' dir='ltr'><strong>putat</strong></span> <span class='ocrx_word' id='word_1_22' title='bbox 1049 367 1121 390; x_wconf 92' lang='lat' dir='ltr'><strong>non</strong></span> <span class='ocrx_word' id='word_1_23' title='bbox 1135 355 1240 390; x_wconf 91' lang='lat' dir='ltr'><strong>modo</strong></span> <span class='ocrx_word' id='word_1_24' title='bbox 1251 355 1425 390; x_wconf 86' lang='lat' dir='ltr'><strong>Iulianum</strong></span> <span class='ocrx_word' id='word_1_25' title='bbox 1440 366 1586 398; x_wconf 89' lang='lat' dir='ltr'><strong>annum,</strong></span> <span class='ocrx_word' id='word_1_26' title='bbox 1603 355 1669 390; x_wconf 90' lang='lat' dir='ltr'><strong>hoc</strong></span> <span class='ocrx_word' id='word_1_27' title='bbox 1685 358 1739 390; x_wconf 91' lang='lat' dir='ltr'><strong>est</strong></span> <span class='ocrx_word' id='word_1_28' title='bbox 1754 355 1903 390; x_wconf 84' lang='lat' dir='ltr'><strong>solarem</strong></span> 
     </span>
     <span class='ocr_line' id='line_1_5' title="bbox 355 411 1903 455; baseline 0 -8"><span class='ocrx_word' id='word_1_29' title='bbox 355 417 391 447; x_wconf 89' lang='lat' dir='ltr'><strong>et</strong></span> <span class='ocrx_word' id='word_1_30' title='bbox 405 412 533 454; x_wconf 88' lang='lat' dir='ltr'><strong>fixum,</strong></span> <span class='ocrx_word' id='word_1_31' title='bbox 557 423 678 446; x_wconf 87' lang='lat' dir='ltr'><strong>verum</strong></span> <span class='ocrx_word' id='word_1_32' title='bbox 701 411 808 446; x_wconf 86' lang='lat' dir='ltr'><strong>etiam</strong></span> <span class='ocrx_word' id='word_1_33' title='bbox 829 411 982 447; x_wconf 88' lang='lat' dir='ltr'><strong>Iulianos</strong></span> <span class='ocrx_word' id='word_1_34' title='bbox 1005 423 1143 447; x_wconf 90' lang='lat' dir='ltr'><strong>menses</strong></span> <span class='ocrx_word' id='word_1_35' title='bbox 1167 411 1367 455; x_wconf 82' lang='lat' dir='ltr'><strong>admisisse,</strong></span> <span class='ocrx_word' id='word_1_36' title='bbox 1391 415 1426 447; x_wconf 93' lang='lat' dir='ltr'><strong>et</strong></span> <span class='ocrx_word' id='word_1_37' title='bbox 1438 412 1774 447; x_wconf 88' lang='lat' dir='ltr'><strong>Hecatombaeonem</strong></span> <span class='ocrx_word' id='word_1_38' title='bbox 1789 423 1903 447; x_wconf 90' lang='lat' dir='ltr'><strong>neom.</strong></span> 
     </span>
     <span class='ocr_line' id='line_1_6' title="bbox 354 461 1904 515; baseline 0.001 -12"><span class='ocrx_word' id='word_1_39' title='bbox 354 469 431 504; x_wconf 88' lang='lat' dir='ltr'><strong>Kal.</strong></span> <span class='ocrx_word' id='word_1_40' title='bbox 447 469 533 515; x_wconf 90' lang='lat' dir='ltr'><strong>ipsis</strong></span> <span class='ocrx_word' id='word_1_41' title='bbox 548 469 629 503; x_wconf 89' lang='lat' dir='ltr'><strong>Iulii</strong></span> <span class='ocrx_word' id='word_1_42' title='bbox 644 461 843 504; x_wconf 83' lang='lat' dir='ltr'><strong>convenire.</strong></span> <span class='ocrx_word' id='word_1_43' title='bbox 869 468 939 504; x_wconf 88' lang='lat' dir='ltr'><strong>Sed</strong></span> <span class='ocrx_word' id='word_1_44' title='bbox 958 470 996 505; x_wconf 91' lang='lat' dir='ltr'><strong>in</strong></span> <span class='ocrx_word' id='word_1_45' title='bbox 1018 481 1059 504; x_wconf 89' lang='lat' dir='ltr'><strong>eo</strong></span> <span class='ocrx_word' id='word_1_46' title='bbox 1081 468 1259 515; x_wconf 90' lang='lat' dir='ltr'><strong>probando</strong></span> <span class='ocrx_word' id='word_1_47' title='bbox 1275 469 1403 504; x_wconf 89' lang='lat' dir='ltr'><strong>mirum</strong></span> <span class='ocrx_word' id='word_1_48' title='bbox 1418 479 1525 515; x_wconf 86' lang='lat' dir='ltr'><strong>quam</strong></span> <span class='ocrx_word' id='word_1_49' title='bbox 1539 469 1661 504; x_wconf 87' lang='lat' dir='ltr'><strong>inscite</strong></span> <span class='ocrx_word' id='word_1_50' title='bbox 1677 469 1904 515; x_wconf 87' lang='lat' dir='ltr'><strong>imperiteque</strong></span> 
     </span>
     <span class='ocr_line' id='line_1_7' title="bbox 355 525 1903 572; baseline 0 -12"><span class='ocrx_word' id='word_1_51' title='bbox 355 529 522 560; x_wconf 84' lang='lat' dir='ltr'><strong>versetur.</strong></span> <span class='ocrx_word' id='word_1_52' title='bbox 553 525 612 560; x_wconf 85' lang='lat' dir='ltr'><strong>Sic</strong></span> <span class='ocrx_word' id='word_1_53' title='bbox 629 525 723 560; x_wconf 85' lang='lat' dir='ltr'><strong>enim</strong></span> <span class='ocrx_word' id='word_1_54' title='bbox 738 525 905 572; x_wconf 86' lang='lat' dir='ltr'><strong>disputat:</strong></span> <span class='ocrx_word' id='word_1_55' title='bbox 921 525 1096 561; x_wconf 89' lang='lat' dir='ltr'><strong>Lucianus</strong></span> <span class='ocrx_word' id='word_1_56' title='bbox 1112 526 1149 560; x_wconf 94' lang='lat' dir='ltr'><strong>in</strong></span> <span class='ocrx_word' id='word_1_57' title='bbox 1163 526 1235 560; x_wconf 87' lang='lat' dir='ltr'><strong>vita</strong></span> <span class='ocrx_word' id='word_1_58' title='bbox 1246 525 1424 572; x_wconf 85' lang='lat' dir='ltr'><strong>Peregrini</strong></span> <span class='ocrx_word' id='word_1_59' title='bbox 1438 526 1556 560; x_wconf 88' lang='lat' dir='ltr'><strong>statim</strong></span> <span class='ocrx_word' id='word_1_60' title='bbox 1571 529 1651 572; x_wconf 92' lang='lat' dir='ltr'><strong>post</strong></span> <span class='ocrx_word' id='word_1_61' title='bbox 1663 526 1903 572; x_wconf 72' lang='lat' dir='ltr'><strong>Olympiacam</strong></span> 
     </span>
     <span class='ocr_line' id='line_1_8' title="bbox 354 581 1904 633; baseline 0 -16"><span class='ocrx_word' id='word_1_62' title='bbox 354 583 491 626; x_wconf 90' lang='lat' dir='ltr'><strong>ludum,</strong></span> <span class='ocrx_word' id='word_1_63' title='bbox 513 593 593 617; x_wconf 92' lang='lat' dir='ltr'><strong>cum</strong></span> <span class='ocrx_word' id='word_1_64' title='bbox 616 581 729 617; x_wconf 85' lang='lat' dir='ltr'><strong>adhuc</strong></span> <span class='ocrx_word' id='word_1_65' title='bbox 749 582 911 628; x_wconf 78' lang='lat' dir='ltr'><strong>frequens</strong></span> <span class='ocrx_word' id='word_1_66' title='bbox 934 587 1108 618; x_wconf 88' lang='lat' dir='ltr'><strong>mercatus</strong></span> <span class='ocrx_word' id='word_1_67' title='bbox 1128 586 1235 625; x_wconf 90' lang='lat' dir='ltr'><strong>esset,</strong></span> <span class='ocrx_word' id='word_1_68' title='bbox 1251 582 1350 633; x_wconf 30' lang='lat' dir='ltr'><strong>&#39;circa</strong></span> <span class='ocrx_word' id='word_1_69' title='bbox 1363 582 1512 618; x_wconf 82' lang='lat' dir='ltr'><strong>mediam</strong></span> <span class='ocrx_word' id='word_1_70' title='bbox 1526 587 1663 618; x_wconf 89' lang='lat' dir='ltr'><strong>noctem</strong></span> <span class='ocrx_word' id='word_1_71' title='bbox 1678 582 1904 629; x_wconf 83' lang='lat' dir='ltr'><strong>Peregrinum</strong></span> 
     </span>
     <span class='ocr_line' id='line_1_9' title="bbox 355 639 1906 686; baseline 0 -12"><span class='ocrx_word' id='word_1_72' title='bbox 355 651 392 674; x_wconf 90' lang='lat' dir='ltr'><strong>se</strong></span> <span class='ocrx_word' id='word_1_73' title='bbox 414 640 453 674; x_wconf 90' lang='lat' dir='ltr'><strong>in</strong></span> <span class='ocrx_word' id='word_1_74' title='bbox 474 650 601 685; x_wconf 85' lang='lat' dir='ltr'><strong>rogum</strong></span> <span class='ocrx_word' id='word_1_75' title='bbox 623 639 784 675; x_wconf 87' lang='lat' dir='ltr'><strong>iniecisse</strong></span> <span class='ocrx_word' id='word_1_76' title='bbox 806 643 940 683; x_wconf 88' lang='lat' dir='ltr'><strong>narrat,</strong></span> <span class='ocrx_word' id='word_1_77' title='bbox 965 639 1186 676; x_wconf 89' lang='lat' dir='ltr'><strong>commodum</strong></span> <span class='ocrx_word' id='word_1_78' title='bbox 1210 639 1387 675; x_wconf 88' lang='lat' dir='ltr'><strong>exoriente</strong></span> <span class='ocrx_word' id='word_1_79' title='bbox 1407 640 1502 675; x_wconf 89' lang='lat' dir='ltr'><strong>luna.</strong></span> <span class='ocrx_word' id='word_1_80' title='bbox 1548 639 1703 686; x_wconf 85' lang='lat' dir='ltr'><strong>Contigit</strong></span> <span class='ocrx_word' id='word_1_81' title='bbox 1727 639 1906 686; x_wconf 80' lang='lat' dir='ltr'><strong>Peregrini</strong></span> 
     </span>
     <span class='ocr_line' id='line_1_10' title="bbox 354 695 1904 743; baseline 0 -12"><span class='ocrx_word' id='word_1_82' title='bbox 354 708 450 731; x_wconf 90' lang='lat' dir='ltr'><strong>mors</strong></span> <span class='ocrx_word' id='word_1_83' title='bbox 465 696 616 732; x_wconf 91' lang='lat' dir='ltr'><strong>Eusebio</strong></span> <span class='ocrx_word' id='word_1_84' title='bbox 632 699 721 731; x_wconf 86' lang='lat' dir='ltr'><strong>teste</strong></span> <span class='ocrx_word' id='word_1_85' title='bbox 737 695 874 743; x_wconf 86' lang='lat' dir='ltr'><strong>Olymp.</strong></span> <span class='ocrx_word' id='word_1_86' title='bbox 891 706 1076 739; x_wconf 64' lang='lat' dir='ltr'><strong>ccxxxvx„</strong></span> <span class='ocrx_word' id='word_1_87' title='bbox 1096 697 1192 742; x_wconf 80' lang='lat' dir='ltr'><strong>cyclo</strong></span> <span class='ocrx_word' id='word_1_88' title='bbox 1209 708 1279 731; x_wconf 83' lang='lat' dir='ltr'><strong>xrv.</strong></span> <span class='ocrx_word' id='word_1_89' title='bbox 1325 696 1437 741; x_wconf 83' lang='lat' dir='ltr'><strong>Igitur</strong></span> <span class='ocrx_word' id='word_1_90' title='bbox 1450 696 1529 732; x_wconf 87' lang='lat' dir='ltr'><strong>Iulii</strong></span> <span class='ocrx_word' id='word_1_91' title='bbox 1544 709 1629 732; x_wconf 81' lang='lat' dir='ltr'><strong>xvn.</strong></span> <span class='ocrx_word' id='word_1_92' title='bbox 1647 697 1731 731; x_wconf 93' lang='lat' dir='ltr'><strong>luna</strong></span> <span class='ocrx_word' id='word_1_93' title='bbox 1747 700 1820 731; x_wconf 90' lang='lat' dir='ltr'><strong>erat</strong></span> <span class='ocrx_word' id='word_1_94' title='bbox 1834 708 1904 738; x_wconf 67' lang='lat' dir='ltr'><strong>xx„</strong></span> 
     </span>
     <span class='ocr_line' id='line_1_11' title="bbox 354 753 1905 800; baseline 0 -12"><span class='ocrx_word' id='word_1_95' title='bbox 354 757 416 788; x_wconf 85' lang='lat' dir='ltr'><strong>aut</strong></span> <span class='ocrx_word' id='word_1_96' title='bbox 430 766 519 796; x_wconf 77' lang='lat' dir='ltr'><strong>m,</strong></span> <span class='ocrx_word' id='word_1_97' title='bbox 541 757 576 789; x_wconf 89' lang='lat' dir='ltr'><strong>et</strong></span> <span class='ocrx_word' id='word_1_98' title='bbox 595 753 673 788; x_wconf 87' lang='lat' dir='ltr'><strong>ideo</strong></span> <span class='ocrx_word' id='word_1_99' title='bbox 695 753 787 788; x_wconf 86' lang='lat' dir='ltr'><strong>circa</strong></span> <span class='ocrx_word' id='word_1_100' title='bbox 800 753 951 789; x_wconf 81' lang='lat' dir='ltr'><strong>mediam</strong></span> <span class='ocrx_word' id='word_1_101' title='bbox 966 757 1105 789; x_wconf 90' lang='lat' dir='ltr'><strong>noctem</strong></span> <span class='ocrx_word' id='word_1_102' title='bbox 1121 754 1306 788; x_wconf 87' lang='lat' dir='ltr'><strong>oriebatur.</strong></span> <span class='ocrx_word' id='word_1_103' title='bbox 1351 753 1458 799; x_wconf 85' lang='lat' dir='ltr'><strong>Atqui</strong></span> <span class='ocrx_word' id='word_1_104' title='bbox 1473 753 1694 800; x_wconf 86' lang='lat' dir='ltr'><strong>Olympiacus</strong></span> <span class='ocrx_word' id='word_1_105' title='bbox 1711 764 1803 799; x_wconf 89' lang='lat' dir='ltr'><strong>agon</strong></span> <span class='ocrx_word' id='word_1_106' title='bbox 1818 753 1905 788; x_wconf 91' lang='lat' dir='ltr'><strong>cele-</strong></span> 
     </span>
     <span class='ocr_line' id='line_1_12' title="bbox 354 809 1906 857; baseline -0.001 -11"><span class='ocrx_word' id='word_1_107' title='bbox 354 811 448 846; x_wconf 89' lang='lat' dir='ltr'><strong>brari</strong></span> <span class='ocrx_word' id='word_1_108' title='bbox 463 811 599 846; x_wconf 82' lang='lat' dir='ltr'><strong>solebat</strong></span> <span class='ocrx_word' id='word_1_109' title='bbox 613 822 671 847; x_wconf 95' lang='lat' dir='ltr'><strong>xv.</strong></span> <span class='ocrx_word' id='word_1_110' title='bbox 690 810 744 846; x_wconf 90' lang='lat' dir='ltr'><strong>die</strong></span> <span class='ocrx_word' id='word_1_111' title='bbox 760 810 891 846; x_wconf 83' lang='lat' dir='ltr'><strong>mensis</strong></span> <span class='ocrx_word' id='word_1_112' title='bbox 906 811 1031 857; x_wconf 89' lang='lat' dir='ltr'><strong>primo.</strong></span> <span class='ocrx_word' id='word_1_113' title='bbox 1075 811 1196 856; x_wconf 88' lang='lat' dir='ltr'><strong>Itaque</strong></span> <span class='ocrx_word' id='word_1_114' title='bbox 1212 821 1291 845; x_wconf 91' lang='lat' dir='ltr'><strong>cnm</strong></span> <span class='ocrx_word' id='word_1_115' title='bbox 1306 821 1347 846; x_wconf 92' lang='lat' dir='ltr'><strong>eo</strong></span> <span class='ocrx_word' id='word_1_116' title='bbox 1363 811 1503 846; x_wconf 87' lang='lat' dir='ltr'><strong>saeculo</strong></span> <span class='ocrx_word' id='word_1_117' title='bbox 1518 810 1799 845; x_wconf 88' lang='lat' dir='ltr'><strong>Hecatombaeon</strong></span> <span class='ocrx_word' id='word_1_118' title='bbox 1813 809 1906 845; x_wconf 90' lang='lat' dir='ltr'><strong>idem</strong></span> 
     </span>
     <span class='ocr_line' id='line_1_13' title="bbox 354 862 1904 914; baseline 0 -12"><span class='ocrx_word' id='word_1_119' title='bbox 354 871 447 902; x_wconf 87' lang='lat' dir='ltr'><strong>esset</strong></span> <span class='ocrx_word' id='word_1_120' title='bbox 469 868 530 914; x_wconf 90' lang='lat' dir='ltr'><strong>qui</strong></span> <span class='ocrx_word' id='word_1_121' title='bbox 550 862 675 910; x_wconf 89' lang='lat' dir='ltr'><strong>Iulius,</strong></span> <span class='ocrx_word' id='word_1_122' title='bbox 698 879 755 902; x_wconf 88' lang='lat' dir='ltr'><strong>xv.</strong></span> <span class='ocrx_word' id='word_1_123' title='bbox 771 867 851 902; x_wconf 86' lang='lat' dir='ltr'><strong>Iulii</strong></span> <span class='ocrx_word' id='word_1_124' title='bbox 873 868 1070 902; x_wconf 87' lang='lat' dir='ltr'><strong>celebratus</strong></span> <span class='ocrx_word' id='word_1_125' title='bbox 1094 871 1146 903; x_wconf 90' lang='lat' dir='ltr'><strong>est</strong></span> <span class='ocrx_word' id='word_1_126' title='bbox 1169 878 1279 914; x_wconf 88' lang='lat' dir='ltr'><strong>agon,</strong></span> <span class='ocrx_word' id='word_1_127' title='bbox 1303 870 1339 902; x_wconf 92' lang='lat' dir='ltr'><strong>et</strong></span> <span class='ocrx_word' id='word_1_128' title='bbox 1361 867 1464 902; x_wconf 89' lang='lat' dir='ltr'><strong>tertio</strong></span> <span class='ocrx_word' id='word_1_129' title='bbox 1484 867 1539 902; x_wconf 90' lang='lat' dir='ltr'><strong>die</strong></span> <span class='ocrx_word' id='word_1_130' title='bbox 1555 878 1577 902; x_wconf 87' lang='lat' dir='ltr'><strong>a</strong></span> <span class='ocrx_word' id='word_1_131' title='bbox 1598 867 1786 902; x_wconf 77' lang='lat' dir='ltr'><strong>certamine</strong></span> <span class='ocrx_word' id='word_1_132' title='bbox 1805 866 1904 902; x_wconf 88' lang='lat' dir='ltr'><strong>finito</strong></span> 
     </span>
     <span class='ocr_line' id='line_1_14' title="bbox 353 923 1905 967; baseline -0.001 -8"><span class='ocrx_word' id='word_1_133' title='bbox 353 925 437 959; x_wconf 88' lang='lat' dir='ltr'><strong>luna</strong></span> <span class='ocrx_word' id='word_1_134' title='bbox 453 927 529 960; x_wconf 81' lang='lat' dir='ltr'><strong>erat</strong></span> <span class='ocrx_word' id='word_1_135' title='bbox 541 936 602 960; x_wconf 87' lang='lat' dir='ltr'><strong>xx.</strong></span> <span class='ocrx_word' id='word_1_136' title='bbox 648 924 703 960; x_wconf 89' lang='lat' dir='ltr'><strong>En</strong></span> <span class='ocrx_word' id='word_1_137' title='bbox 723 924 881 959; x_wconf 88' lang='lat' dir='ltr'><strong>criticum</strong></span> <span class='ocrx_word' id='word_1_138' title='bbox 896 923 1048 960; x_wconf 87' lang='lat' dir='ltr'><strong>hominis</strong></span> <span class='ocrx_word' id='word_1_139' title='bbox 1071 935 1228 960; x_wconf 84' lang='lat' dir='ltr'><strong>acumen.</strong></span> <span class='ocrx_word' id='word_1_140' title='bbox 1274 924 1596 964; x_wconf 79' lang='lat' dir='ltr'><strong>Demonstrandum.</strong></span> <span class='ocrx_word' id='word_1_141' title='bbox 1612 927 1702 967; x_wconf 87' lang='lat' dir='ltr'><strong>erat,</strong></span> <span class='ocrx_word' id='word_1_142' title='bbox 1722 924 1905 959; x_wconf 86' lang='lat' dir='ltr'><strong>Hecatom·</strong></span> 
     </span>
     <span class='ocr_line' id='line_1_15' title="bbox 353 981 1905 1018; baseline 0 -2"><span class='ocrx_word' id='word_1_143' title='bbox 353 982 524 1018; x_wconf 88' lang='lat' dir='ltr'><strong>baeonem</strong></span> <span class='ocrx_word' id='word_1_144' title='bbox 537 981 692 1016; x_wconf 82' lang='lat' dir='ltr'><strong>Atticum</strong></span> <span class='ocrx_word' id='word_1_145' title='bbox 707 981 819 1016; x_wconf 88' lang='lat' dir='ltr'><strong>fixum</strong></span> <span class='ocrx_word' id='word_1_146' title='bbox 834 981 944 1017; x_wconf 79' lang='lat' dir='ltr'><strong>fuisse</strong></span> <span class='ocrx_word' id='word_1_147' title='bbox 958 982 995 1017; x_wconf 91' lang='lat' dir='ltr'><strong>in</strong></span> <span class='ocrx_word' id='word_1_148' title='bbox 1009 981 1086 1016; x_wconf 83' lang='lat' dir='ltr'><strong>Kal.</strong></span> <span class='ocrx_word' id='word_1_149' title='bbox 1101 981 1207 1016; x_wconf 89' lang='lat' dir='ltr'><strong>Iuliis.</strong></span> <span class='ocrx_word' id='word_1_150' title='bbox 1253 981 1307 1016; x_wconf 91' lang='lat' dir='ltr'><strong>Ad</strong></span> <span class='ocrx_word' id='word_1_151' title='bbox 1326 981 1362 1016; x_wconf 93' lang='lat' dir='ltr'><strong>id</strong></span> <span class='ocrx_word' id='word_1_152' title='bbox 1375 981 1523 1017; x_wconf 90' lang='lat' dir='ltr'><strong>aniani</strong></span> <span class='ocrx_word' id='word_1_153' title='bbox 1544 981 1783 1016; x_wconf 87' lang='lat' dir='ltr'><strong>testimonium</strong></span> <span class='ocrx_word' id='word_1_154' title='bbox 1797 981 1905 1016; x_wconf 85' lang='lat' dir='ltr'><strong>Heca-</strong></span> 
     </span>
     <span class='ocr_line' id='line_1_16' title="bbox 352 1037 1906 1086; baseline -0.001 -12"><span class='ocrx_word' id='word_1_155' title='bbox 352 1039 597 1074; x_wconf 84' lang='lat' dir='ltr'><strong>tombaeonem</strong></span> <span class='ocrx_word' id='word_1_156' title='bbox 611 1039 776 1086; x_wconf 88' lang='lat' dir='ltr'><strong>pertinet,</strong></span> <span class='ocrx_word' id='word_1_157' title='bbox 792 1038 940 1085; x_wconf 81' lang='lat' dir='ltr'><strong>profert,</strong></span> <span class='ocrx_word' id='word_1_158' title='bbox 958 1038 1051 1085; x_wconf 88' lang='lat' dir='ltr'><strong>quod</strong></span> <span class='ocrx_word' id='word_1_159' title='bbox 1066 1039 1110 1073; x_wconf 87' lang='lat' dir='ltr'><strong>ad</strong></span> <span class='ocrx_word' id='word_1_160' title='bbox 1125 1050 1199 1073; x_wconf 88' lang='lat' dir='ltr'><strong>rem</strong></span> <span class='ocrx_word' id='word_1_161' title='bbox 1214 1037 1300 1073; x_wconf 89' lang='lat' dir='ltr'><strong>nihil</strong></span> <span class='ocrx_word' id='word_1_162' title='bbox 1316 1038 1457 1074; x_wconf 90' lang='grc'><strong>0111111110</strong></span> <span class='ocrx_word' id='word_1_163' title='bbox 1472 1038 1630 1085; x_wconf 85' lang='lat' dir='ltr'><strong>pertinet.</strong></span> <span class='ocrx_word' id='word_1_164' title='bbox 1660 1037 1699 1073; x_wconf 89' lang='lat' dir='ltr'><strong>Si</strong></span> <span class='ocrx_word' id='word_1_165' title='bbox 1714 1037 1798 1084; x_wconf 90' lang='lat' dir='ltr'><strong>quid</strong></span> <span class='ocrx_word' id='word_1_166' title='bbox 1813 1038 1906 1074; x_wconf 87' lang='grc'><strong>0111111</strong></span> 
     </span>
     <span class='ocr_line' id='line_1_17' title="bbox 353 1095 1907 1140; baseline -0.001 -9"><span class='ocrx_word' id='word_1_167' title='bbox 353 1107 399 1131; x_wconf 87' lang='lat' dir='ltr'><strong>ex</strong></span> <span class='ocrx_word' id='word_1_168' title='bbox 415 1107 456 1131; x_wconf 91' lang='lat' dir='ltr'><strong>eo</strong></span> <span class='ocrx_word' id='word_1_169' title='bbox 472 1095 516 1131; x_wconf 90' lang='lat' dir='ltr'><strong>de</strong></span> <span class='ocrx_word' id='word_1_170' title='bbox 530 1096 714 1131; x_wconf 86' lang='lat' dir='ltr'><strong>neomenia</strong></span> <span class='ocrx_word' id='word_1_171' title='bbox 729 1095 860 1130; x_wconf 82' lang='lat' dir='ltr'><strong>mensis</strong></span> <span class='ocrx_word' id='word_1_172' title='bbox 875 1095 1033 1138; x_wconf 86' lang='lat' dir='ltr'><strong>efficitur,</strong></span> <span class='ocrx_word' id='word_1_173' title='bbox 1049 1096 1094 1130; x_wconf 89' lang='lat' dir='ltr'><strong>ad</strong></span> <span class='ocrx_word' id='word_1_174' title='bbox 1108 1095 1338 1140; x_wconf 88' lang='lat' dir='ltr'><strong>Elidensium,</strong></span> <span class='ocrx_word' id='word_1_175' title='bbox 1353 1107 1426 1131; x_wconf 92' lang='lat' dir='ltr'><strong>non</strong></span> <span class='ocrx_word' id='word_1_176' title='bbox 1441 1096 1486 1131; x_wconf 87' lang='lat' dir='ltr'><strong>ad</strong></span> <span class='ocrx_word' id='word_1_177' title='bbox 1498 1095 1759 1130; x_wconf 85' lang='lat' dir='ltr'><strong>Atheniensium</strong></span> <span class='ocrx_word' id='word_1_178' title='bbox 1775 1105 1907 1131; x_wconf 87' lang='grc'><strong>0111111111</strong></span> 
     </span>
     <span class='ocr_line' id='line_1_18' title="bbox 353 1151 1906 1199; baseline -0.001 -11"><span class='ocrx_word' id='word_1_179' title='bbox 353 1163 394 1188; x_wconf 83' lang='grc'><strong>00</strong></span> <span class='ocrx_word' id='word_1_180' title='bbox 410 1164 568 1188; x_wconf 87' lang='lat' dir='ltr'><strong>mensem</strong></span> <span class='ocrx_word' id='word_1_181' title='bbox 582 1153 740 1188; x_wconf 82' lang='lat' dir='ltr'><strong>refertur.</strong></span> <span class='ocrx_word' id='word_1_182' title='bbox 763 1152 852 1187; x_wconf 84' lang='lat' dir='ltr'><strong>Nam</strong></span> <span class='ocrx_word' id='word_1_183' title='bbox 866 1153 904 1187; x_wconf 90' lang='lat' dir='ltr'><strong>in</strong></span> <span class='ocrx_word' id='word_1_184' title='bbox 918 1153 1031 1195; x_wconf 88' lang='lat' dir='ltr'><strong>Elide,</strong></span> <span class='ocrx_word' id='word_1_185' title='bbox 1047 1163 1119 1187; x_wconf 91' lang='lat' dir='ltr'><strong>non</strong></span> <span class='ocrx_word' id='word_1_186' title='bbox 1131 1152 1275 1188; x_wconf 88' lang='lat' dir='ltr'><strong>Athenis</strong></span> <span class='ocrx_word' id='word_1_187' title='bbox 1292 1156 1392 1199; x_wconf 87' lang='lat' dir='ltr'><strong>gesta</strong></span> <span class='ocrx_word' id='word_1_188' title='bbox 1408 1156 1506 1196; x_wconf 86' lang='lat' dir='ltr'><strong>sunt,</strong></span> <span class='ocrx_word' id='word_1_189' title='bbox 1523 1163 1611 1199; x_wconf 92' lang='lat' dir='ltr'><strong>quae</strong></span> <span class='ocrx_word' id='word_1_190' title='bbox 1627 1163 1649 1186; x_wconf 88' lang='lat' dir='ltr'><strong>a</strong></span> <span class='ocrx_word' id='word_1_191' title='bbox 1659 1151 1813 1187; x_wconf 90' lang='lat' dir='ltr'><strong>Luciano</strong></span> <span class='ocrx_word' id='word_1_192' title='bbox 1829 1162 1906 1186; x_wconf 89' lang='lat' dir='ltr'><strong>nar-</strong></span> 
     </span>
     <span class='ocr_line' id='line_1_19' title="bbox 353 1208 1907 1256; baseline -0.001 -10"><span class='ocrx_word' id='word_1_193' title='bbox 353 1214 482 1246; x_wconf 81' lang='lat' dir='ltr'><strong>rantur.</strong></span> <span class='ocrx_word' id='word_1_194' title='bbox 511 1210 645 1246; x_wconf 88' lang='lat' dir='ltr'><strong>Deinde</strong></span> <span class='ocrx_word' id='word_1_195' title='bbox 659 1211 760 1245; x_wconf 86' lang='lat' dir='ltr'><strong>illum</strong></span> <span class='ocrx_word' id='word_1_196' title='bbox 774 1210 890 1256; x_wconf 86' lang='lat' dir='ltr'><strong>ipsum</strong></span> <span class='ocrx_word' id='word_1_197' title='bbox 903 1209 1050 1245; x_wconf 89' lang='lat' dir='ltr'><strong>Luciani</strong></span> <span class='ocrx_word' id='word_1_198' title='bbox 1063 1210 1179 1245; x_wconf 89' lang='lat' dir='ltr'><strong>locum</strong></span> <span class='ocrx_word' id='word_1_199' title='bbox 1195 1220 1302 1256; x_wconf 83' lang='lat' dir='ltr'><strong>quam</strong></span> <span class='ocrx_word' id='word_1_200' title='bbox 1319 1210 1537 1256; x_wconf 86' lang='lat' dir='ltr'><strong>negligenter</strong></span> <span class='ocrx_word' id='word_1_201' title='bbox 1557 1209 1688 1255; x_wconf 81' lang='lat' dir='ltr'><strong>attigit!</strong></span> <span class='ocrx_word' id='word_1_202' title='bbox 1719 1208 1798 1244; x_wconf 87' lang='lat' dir='ltr'><strong>Non</strong></span> <span class='ocrx_word' id='word_1_203' title='bbox 1813 1208 1907 1244; x_wconf 90' lang='lat' dir='ltr'><strong>enim</strong></span> 
     </span>
     <span class='ocr_line' id='line_1_20' title="bbox 353 1265 1906 1312; baseline -0.001 -9"><span class='ocrx_word' id='word_1_204' title='bbox 353 1268 475 1303; x_wconf 79' lang='lat' dir='ltr'><strong>scribit</strong></span> <span class='ocrx_word' id='word_1_205' title='bbox 489 1268 581 1303; x_wconf 81' lang='lat' dir='ltr'><strong>circa</strong></span> <span class='ocrx_word' id='word_1_206' title='bbox 595 1266 746 1302; x_wconf 88' lang='lat' dir='ltr'><strong>mediam</strong></span> <span class='ocrx_word' id='word_1_207' title='bbox 761 1270 900 1302; x_wconf 91' lang='lat' dir='ltr'><strong>noctem</strong></span> <span class='ocrx_word' id='word_1_208' title='bbox 916 1270 1074 1302; x_wconf 78' lang='lat' dir='ltr'><strong>exortam</strong></span> <span class='ocrx_word' id='word_1_209' title='bbox 1091 1278 1167 1302; x_wconf 89' lang='lat' dir='ltr'><strong>esse</strong></span> <span class='ocrx_word' id='word_1_210' title='bbox 1181 1267 1320 1310; x_wconf 82' lang='lat' dir='ltr'><strong>lunam,</strong></span> <span class='ocrx_word' id='word_1_211' title='bbox 1344 1267 1406 1302; x_wconf 88' lang='lat' dir='ltr'><strong>sed</strong></span> <span class='ocrx_word' id='word_1_212' title='bbox 1427 1267 1578 1302; x_wconf 85' lang='lat' dir='ltr'><strong>amicum</strong></span> <span class='ocrx_word' id='word_1_213' title='bbox 1595 1266 1711 1309; x_wconf 89' lang='lat' dir='ltr'><strong>illum,</strong></span> <span class='ocrx_word' id='word_1_214' title='bbox 1734 1265 1780 1300; x_wconf 85' lang='lat' dir='ltr'><strong>ad</strong></span> <span class='ocrx_word' id='word_1_215' title='bbox 1802 1276 1906 1312; x_wconf 89' lang='lat' dir='ltr'><strong>quem</strong></span> 
     </span>
    </p>
   </div>
   <div class='ocr_carea' id='block_1_4' title="bbox 343 1321 1905 1371">
    <p class='ocr_par' dir='ltr' id='par_1_4' title="bbox 343 1321 1905 1371">
     <span class='ocr_line' id='line_1_21' title="bbox 343 1321 1905 1371; baseline -0.003 -11"><span class='ocrx_word' id='word_1_216' title='bbox 343 1324 555 1368; x_wconf 80' lang='lat' dir='ltr'><strong>diverterat,</strong></span> <span class='ocrx_word' id='word_1_217' title='bbox 573 1325 665 1360; x_wconf 90' lang='lat' dir='ltr'><strong>circa</strong></span> <span class='ocrx_word' id='word_1_218' title='bbox 679 1323 831 1359; x_wconf 90' lang='lat' dir='ltr'><strong>mediam</strong></span> <span class='ocrx_word' id='word_1_219' title='bbox 846 1327 985 1359; x_wconf 90' lang='lat' dir='ltr'><strong>noctem</strong></span> <span class='ocrx_word' id='word_1_220' title='bbox 1001 1323 1095 1359; x_wconf 82' lang='lat' dir='ltr'><strong>adid</strong></span> <span class='ocrx_word' id='word_1_221' title='bbox 1110 1324 1347 1370; x_wconf 80' lang='lat' dir='ltr'><strong>spectaculum</strong></span> <span class='ocrx_word' id='word_1_222' title='bbox 1358 1324 1570 1371; x_wconf 78' lang='lat' dir='ltr'><strong>profectum:</strong></span> <span class='ocrx_word' id='word_1_223' title='bbox 1587 1322 1659 1369; x_wconf 68' lang='grc' dir='ltr'>περὶ</span> <span class='ocrx_word' id='word_1_224' title='bbox 1676 1322 1776 1369; x_wconf 80' lang='grc' dir='ltr'>μέσας</span> <span class='ocrx_word' id='word_1_225' title='bbox 1792 1321 1905 1362; x_wconf 72' lang='grc' dir='ltr'>νύκτας</span> 
     </span>
    </p>
   </div>
   <div class='ocr_carea' id='block_1_5' title="bbox 351 1375 1907 3083">
    <p class='ocr_par' dir='ltr' id='par_1_5' title="bbox 351 1375 1907 2332">
     <span class='ocr_line' id='line_1_22' title="bbox 353 1375 1904 1427; baseline -0.002 -12"><span class='ocrx_word' id='word_1_226' title='bbox 353 1380 528 1422; x_wconf 78' lang='grc' dir='ltr'>ἐξαναστὰς</span> <span class='ocrx_word' id='word_1_227' title='bbox 544 1380 638 1427; x_wconf 75' lang='grc' dir='ltr'>ἀπῄει</span> <span class='ocrx_word' id='word_1_228' title='bbox 653 1380 728 1415; x_wconf 77' lang='grc' dir='ltr'>εὐθὺ</span> <span class='ocrx_word' id='word_1_229' title='bbox 745 1383 801 1425; x_wconf 80' lang='grc' dir='ltr'><strong>τῆς</strong></span> <span class='ocrx_word' id='word_1_230' title='bbox 813 1378 976 1427; x_wconf 83' lang='grc' dir='ltr'>Ἀρπίνης·</span> <span class='ocrx_word' id='word_1_231' title='bbox 995 1378 1070 1415; x_wconf 82' lang='grc' dir='ltr'>ἔνθα</span> <span class='ocrx_word' id='word_1_232' title='bbox 1085 1377 1124 1424; x_wconf 79' lang='grc' dir='ltr'><strong>ἦν</strong></span> <span class='ocrx_word' id='word_1_233' title='bbox 1140 1379 1161 1424; x_wconf 81' lang='grc' dir='ltr'>ἡ</span> <span class='ocrx_word' id='word_1_234' title='bbox 1181 1379 1285 1427; x_wconf 79' lang='grc' dir='ltr'>πυρὰ,</span> <span class='ocrx_word' id='word_1_235' title='bbox 1310 1379 1436 1416; x_wconf 84' lang='grc' dir='ltr'>στάδιοι</span> <span class='ocrx_word' id='word_1_236' title='bbox 1457 1378 1572 1421; x_wconf 82' lang='grc' dir='ltr'>πάντες</span> <span class='ocrx_word' id='word_1_237' title='bbox 1596 1375 1686 1414; x_wconf 73' lang='grc' dir='ltr'>οὗτοι</span> <span class='ocrx_word' id='word_1_238' title='bbox 1707 1377 1824 1415; x_wconf 75' lang='grc' dir='ltr'>εἴκοσιν</span> <span class='ocrx_word' id='word_1_239' title='bbox 1840 1377 1904 1413; x_wconf 75' lang='grc' dir='ltr'><strong>ἀπο</strong></span> 
     </span>
     <span class='ocr_line' id='line_1_23' title="bbox 352 1434 1906 1485; baseline -0.001 -13"><span class='ocrx_word' id='word_1_240' title='bbox 352 1440 409 1482; x_wconf 79' lang='grc' dir='ltr'><strong>τῆς</strong></span> <span class='ocrx_word' id='word_1_241' title='bbox 426 1437 611 1485; x_wconf 84' lang='grc' dir='ltr'>Ὀλυμπίας</span> <span class='ocrx_word' id='word_1_242' title='bbox 627 1437 711 1472; x_wconf 82' lang='grc' dir='ltr'>κατὰ</span> <span class='ocrx_word' id='word_1_243' title='bbox 726 1436 783 1482; x_wconf 87' lang='grc' dir='ltr'><strong>τὴν</strong></span> <span class='ocrx_word' id='word_1_244' title='bbox 799 1436 1017 1484; x_wconf 78' lang='grc' dir='ltr'>ἱππόδρομον.</span> <span class='ocrx_word' id='word_1_245' title='bbox 1047 1438 1135 1472; x_wconf 86' lang='lat' dir='ltr'><strong>Mox</strong></span> <span class='ocrx_word' id='word_1_246' title='bbox 1150 1449 1232 1474; x_wconf 91' lang='lat' dir='ltr'><strong>vero</strong></span> <span class='ocrx_word' id='word_1_247' title='bbox 1249 1438 1405 1474; x_wconf 86' lang='lat' dir='ltr'><strong>subiicit:</strong></span> <span class='ocrx_word' id='word_1_248' title='bbox 1422 1438 1476 1472; x_wconf 74' lang='grc' dir='ltr'><strong>καὶ</strong></span> <span class='ocrx_word' id='word_1_249' title='bbox 1492 1435 1600 1482; x_wconf 83' lang='grc' dir='ltr'>ἐπειδὴ</span> <span class='ocrx_word' id='word_1_250' title='bbox 1615 1436 1636 1481; x_wconf 84' lang='grc' dir='ltr'>ἡ</span> <span class='ocrx_word' id='word_1_251' title='bbox 1653 1436 1772 1480; x_wconf 81' lang='grc' dir='ltr'>σελήνη</span> <span class='ocrx_word' id='word_1_252' title='bbox 1789 1434 1906 1471; x_wconf 80' lang='grc' dir='ltr'>ἀνέτει-</span> 
     </span>
     <span class='ocr_line' id='line_1_24' title="bbox 353 1492 1907 1542; baseline -0.001 -12"><span class='ocrx_word' id='word_1_253' title='bbox 353 1495 427 1541; x_wconf 81' lang='grc' dir='ltr'><strong>λεν,</strong></span> <span class='ocrx_word' id='word_1_254' title='bbox 451 1515 496 1522; x_wconf 92' lang='grc'>-</span> <span class='ocrx_word' id='word_1_255' title='bbox 519 1496 662 1542; x_wconf 83' lang='grc' dir='ltr'>πρόεισιν</span> <span class='ocrx_word' id='word_1_256' title='bbox 686 1493 814 1534; x_wconf 79' lang='grc' dir='ltr'>ἐκεῖνος.</span> <span class='ocrx_word' id='word_1_257' title='bbox 861 1494 1027 1530; x_wconf 87' lang='lat' dir='ltr'><strong>Accidere</strong></span> <span class='ocrx_word' id='word_1_258' title='bbox 1049 1494 1167 1541; x_wconf 88' lang='lat' dir='ltr'><strong>itaque</strong></span> <span class='ocrx_word' id='word_1_259' title='bbox 1181 1495 1295 1542; x_wconf 91' lang='lat' dir='ltr'><strong>potuit</strong></span> <span class='ocrx_word' id='word_1_260' title='bbox 1309 1499 1349 1530; x_wconf 87' lang='lat' dir='ltr'><strong>ut</strong></span> <span class='ocrx_word' id='word_1_261' title='bbox 1364 1495 1516 1538; x_wconf 88' lang='lat' dir='ltr'><strong>duabus,</strong></span> <span class='ocrx_word' id='word_1_262' title='bbox 1539 1495 1594 1530; x_wconf 89' lang='lat' dir='ltr'><strong>vel</strong></span> <span class='ocrx_word' id='word_1_263' title='bbox 1617 1494 1744 1538; x_wconf 86' lang='lat' dir='ltr'><strong>tribus,</strong></span> <span class='ocrx_word' id='word_1_264' title='bbox 1767 1492 1862 1529; x_wconf 89' lang='lat' dir='ltr'><strong>horis</strong></span> <span class='ocrx_word' id='word_1_265' title='bbox 1885 1504 1907 1528; x_wconf 89' lang='lat' dir='ltr'><strong>a</strong></span> 
     </span>
     <span class='ocr_line' id='line_1_25' title="bbox 351 1550 1904 1599; baseline -0.002 -11"><span class='ocrx_word' id='word_1_266' title='bbox 351 1552 468 1588; x_wconf 88' lang='lat' dir='ltr'><strong>media</strong></span> <span class='ocrx_word' id='word_1_267' title='bbox 482 1556 584 1588; x_wconf 92' lang='lat' dir='ltr'><strong>nocte</strong></span> <span class='ocrx_word' id='word_1_268' title='bbox 599 1553 671 1588; x_wconf 89' lang='lat' dir='ltr'><strong>iam</strong></span> <span class='ocrx_word' id='word_1_269' title='bbox 686 1552 814 1598; x_wconf 87' lang='lat' dir='ltr'><strong>elapsis</strong></span> <span class='ocrx_word' id='word_1_270' title='bbox 830 1562 997 1599; x_wconf 84' lang='lat' dir='ltr'><strong>apparere</strong></span> <span class='ocrx_word' id='word_1_271' title='bbox 1012 1552 1098 1587; x_wconf 84' lang='lat' dir='ltr'><strong>luna</strong></span> <span class='ocrx_word' id='word_1_272' title='bbox 1118 1552 1279 1598; x_wconf 89' lang='lat' dir='ltr'><strong>coeperit.</strong></span> <span class='ocrx_word' id='word_1_273' title='bbox 1326 1551 1395 1587; x_wconf 87' lang='lat' dir='ltr'><strong>Sed</strong></span> <span class='ocrx_word' id='word_1_274' title='bbox 1417 1563 1530 1598; x_wconf 89' lang='lat' dir='ltr'><strong>neque</strong></span> <span class='ocrx_word' id='word_1_275' title='bbox 1553 1552 1652 1587; x_wconf 87' lang='lat' dir='ltr'><strong>tertio</strong></span> <span class='ocrx_word' id='word_1_276' title='bbox 1675 1552 1732 1587; x_wconf 89' lang='lat' dir='ltr'><strong>vel</strong></span> <span class='ocrx_word' id='word_1_277' title='bbox 1754 1550 1904 1586; x_wconf 87' lang='lat' dir='ltr'><strong>secundo</strong></span> 
     </span>
     <span class='ocr_line' id='line_1_26' title="bbox 352 1607 1906 1656; baseline -0.001 -11"><span class='ocrx_word' id='word_1_278' title='bbox 352 1610 487 1656; x_wconf 89' lang='lat' dir='ltr'><strong>potius,</strong></span> <span class='ocrx_word' id='word_1_279' title='bbox 511 1620 618 1656; x_wconf 88' lang='lat' dir='ltr'><strong>quam</strong></span> <span class='ocrx_word' id='word_1_280' title='bbox 634 1622 680 1646; x_wconf 85' lang='lat' dir='ltr'><strong>rv.</strong></span> <span class='ocrx_word' id='word_1_281' title='bbox 695 1610 751 1645; x_wconf 89' lang='lat' dir='ltr'><strong>vel</strong></span> <span class='ocrx_word' id='word_1_282' title='bbox 767 1622 799 1644; x_wconf 89' lang='lat' dir='ltr'><strong>v.</strong></span> <span class='ocrx_word' id='word_1_283' title='bbox 815 1620 837 1644; x_wconf 85' lang='lat' dir='ltr'><strong>a</strong></span> <span class='ocrx_word' id='word_1_284' title='bbox 852 1609 1049 1644; x_wconf 83' lang='lat' dir='ltr'><strong>celebritate</strong></span> <span class='ocrx_word' id='word_1_285' title='bbox 1065 1609 1120 1644; x_wconf 89' lang='lat' dir='ltr'><strong>die</strong></span> <span class='ocrx_word' id='word_1_286' title='bbox 1135 1609 1227 1644; x_wconf 90' lang='lat' dir='ltr'><strong>istud</strong></span> <span class='ocrx_word' id='word_1_287' title='bbox 1243 1609 1399 1644; x_wconf 88' lang='lat' dir='ltr'><strong>evenisse</strong></span> <span class='ocrx_word' id='word_1_288' title='bbox 1415 1609 1543 1645; x_wconf 88' lang='lat' dir='ltr'><strong>debuit.</strong></span> <span class='ocrx_word' id='word_1_289' title='bbox 1590 1608 1718 1644; x_wconf 86' lang='lat' dir='ltr'><strong>Scribit</strong></span> <span class='ocrx_word' id='word_1_290' title='bbox 1731 1608 1824 1644; x_wconf 89' lang='lat' dir='ltr'><strong>enim</strong></span> <span class='ocrx_word' id='word_1_291' title='bbox 1838 1607 1906 1644; x_wconf 91' lang='lat' dir='ltr'><strong>Lu-</strong></span> 
     </span>
     <span class='ocr_line' id='line_1_27' title="bbox 353 1665 1906 1713; baseline -0.001 -11"><span class='ocrx_word' id='word_1_292' title='bbox 353 1668 475 1702; x_wconf 85' lang='lat' dir='ltr'><strong>cianus</strong></span> <span class='ocrx_word' id='word_1_293' title='bbox 490 1667 600 1702; x_wconf 86' lang='lat' dir='ltr'><strong>finitis</strong></span> <span class='ocrx_word' id='word_1_294' title='bbox 615 1667 686 1702; x_wconf 87' lang='lat' dir='ltr'><strong>iam</strong></span> <span class='ocrx_word' id='word_1_295' title='bbox 704 1666 916 1712; x_wconf 83' lang='lat' dir='ltr'><strong>Olympiacis</strong></span> <span class='ocrx_word' id='word_1_296' title='bbox 931 1666 1022 1702; x_wconf 89' lang='lat' dir='ltr'><strong>ludis</strong></span> <span class='ocrx_word' id='word_1_297' title='bbox 1044 1666 1270 1713; x_wconf 89' lang='lat' dir='ltr'><strong>Peregrinum</strong></span> <span class='ocrx_word' id='word_1_298' title='bbox 1295 1666 1386 1701; x_wconf 91' lang='lat' dir='ltr'><strong>diem</strong></span> <span class='ocrx_word' id='word_1_299' title='bbox 1408 1666 1451 1701; x_wconf 91' lang='lat' dir='ltr'><strong>de</strong></span> <span class='ocrx_word' id='word_1_300' title='bbox 1474 1666 1528 1701; x_wconf 88' lang='lat' dir='ltr'><strong>die</strong></span> <span class='ocrx_word' id='word_1_301' title='bbox 1551 1665 1744 1705; x_wconf 76' lang='lat' dir='ltr'><strong>trahentem</strong></span> <span class='ocrx_word' id='word_1_302' title='bbox 1766 1666 1906 1702; x_wconf 88' lang='lat' dir='ltr'><strong>demum</strong></span> 
     </span>
     <span class='ocr_line' id='line_1_28' title="bbox 352 1721 1906 1770; baseline -0.001 -11"><span class='ocrx_word' id='word_1_303' title='bbox 352 1728 482 1759; x_wconf 81' lang='lat' dir='ltr'><strong>certam</strong></span> <span class='ocrx_word' id='word_1_304' title='bbox 494 1725 530 1759; x_wconf 89' lang='lat' dir='ltr'><strong>in</strong></span> <span class='ocrx_word' id='word_1_305' title='bbox 542 1727 680 1759; x_wconf 89' lang='lat' dir='ltr'><strong>noctem</strong></span> <span class='ocrx_word' id='word_1_306' title='bbox 693 1723 908 1759; x_wconf 84' lang='lat' dir='ltr'><strong>condixisse:</strong></span> <span class='ocrx_word' id='word_1_307' title='bbox 927 1721 944 1757; x_wconf 89' lang='grc' dir='ltr'>ὁ</span> <span class='ocrx_word' id='word_1_308' title='bbox 959 1722 993 1758; x_wconf 81' lang='grc' dir='ltr'><strong>δὲ</strong></span> <span class='ocrx_word' id='word_1_309' title='bbox 1006 1721 1066 1757; x_wconf 71' lang='grc' dir='ltr'>αἰεὶ</span> <span class='ocrx_word' id='word_1_310' title='bbox 1079 1721 1345 1770; x_wconf 75' lang='grc' dir='ltr'>ἀναβαλλόμενος</span> <span class='ocrx_word' id='word_1_311' title='bbox 1362 1723 1462 1758; x_wconf 78' lang='grc' dir='ltr'>νύκτα</span> <span class='ocrx_word' id='word_1_312' title='bbox 1477 1722 1515 1757; x_wconf 75' lang='lat' dir='ltr'><strong>rb</strong></span> <span class='ocrx_word' id='word_1_313' title='bbox 1529 1722 1714 1758; x_wconf 79' lang='grc' dir='ltr'>τελευταῖον</span> <span class='ocrx_word' id='word_1_314' title='bbox 1725 1722 1906 1770; x_wconf 78' lang='grc' dir='ltr'>προειρήκει</span> 
     </span>
     <span class='ocr_line' id='line_1_29' title="bbox 353 1779 1907 1827; baseline 0 -11"><span class='ocrx_word' id='word_1_315' title='bbox 353 1780 568 1822; x_wconf 79' lang='grc' dir='ltr'>ἐπιδείξασθαι</span> <span class='ocrx_word' id='word_1_316' title='bbox 584 1780 641 1826; x_wconf 70' lang='grc' dir='ltr'><strong>τὴν</strong></span> <span class='ocrx_word' id='word_1_317' title='bbox 658 1783 781 1815; x_wconf 79' lang='grc' dir='ltr'>καῦσιν.</span> <span class='ocrx_word' id='word_1_318' title='bbox 813 1780 867 1816; x_wconf 88' lang='lat' dir='ltr'><strong>Ad</strong></span> <span class='ocrx_word' id='word_1_319' title='bbox 882 1779 969 1816; x_wconf 80' lang='lat' dir='ltr'><strong>haec</strong></span> <span class='ocrx_word' id='word_1_320' title='bbox 985 1781 1062 1827; x_wconf 88' lang='lat' dir='ltr'><strong>quis</strong></span> <span class='ocrx_word' id='word_1_321' title='bbox 1079 1780 1297 1827; x_wconf 83' lang='lat' dir='ltr'><strong>Scaligerum</strong></span> <span class='ocrx_word' id='word_1_322' title='bbox 1313 1780 1446 1824; x_wconf 90' lang='lat' dir='ltr'><strong>docuit,</strong></span> <span class='ocrx_word' id='word_1_323' title='bbox 1466 1792 1522 1816; x_wconf 88' lang='lat' dir='ltr'><strong>xv.</strong></span> <span class='ocrx_word' id='word_1_324' title='bbox 1538 1780 1664 1816; x_wconf 86' lang='lat' dir='ltr'><strong>Iuliani</strong></span> <span class='ocrx_word' id='word_1_325' title='bbox 1678 1781 1826 1823; x_wconf 87' lang='lat' dir='ltr'><strong>mensis,</strong></span> <span class='ocrx_word' id='word_1_326' title='bbox 1841 1779 1907 1815; x_wconf 89' lang='lat' dir='ltr'><strong>hoc</strong></span> 
     </span>
     <span class='ocr_line' id='line_1_30' title="bbox 353 1837 1906 1884; baseline -0.001 -10"><span class='ocrx_word' id='word_1_327' title='bbox 353 1842 407 1874; x_wconf 88' lang='lat' dir='ltr'><strong>est</strong></span> <span class='ocrx_word' id='word_1_328' title='bbox 422 1838 519 1882; x_wconf 89' lang='lat' dir='ltr'><strong>Iulii,</strong></span> <span class='ocrx_word' id='word_1_329' title='bbox 541 1849 613 1874; x_wconf 88' lang='grc'><strong>11011</strong></span> <span class='ocrx_word' id='word_1_330' title='bbox 636 1843 754 1873; x_wconf 89' lang='lat' dir='ltr'><strong>autem</strong></span> <span class='ocrx_word' id='word_1_331' title='bbox 777 1838 927 1881; x_wconf 86' lang='lat' dir='ltr'><strong>lunaris,</strong></span> <span class='ocrx_word' id='word_1_332' title='bbox 952 1837 1172 1884; x_wconf 83' lang='lat' dir='ltr'><strong>olympiacos</strong></span> <span class='ocrx_word' id='word_1_333' title='bbox 1191 1838 1269 1873; x_wconf 85' lang='lat' dir='ltr'><strong>illos</strong></span> <span class='ocrx_word' id='word_1_334' title='bbox 1285 1847 1416 1884; x_wconf 76' lang='lat' dir='ltr'><strong>agones</strong></span> <span class='ocrx_word' id='word_1_335' title='bbox 1433 1837 1475 1873; x_wconf 89' lang='lat' dir='ltr'><strong>de</strong></span> <span class='ocrx_word' id='word_1_336' title='bbox 1490 1849 1586 1872; x_wconf 91' lang='lat' dir='ltr'><strong>more</strong></span> <span class='ocrx_word' id='word_1_337' title='bbox 1601 1838 1793 1873; x_wconf 80' lang='lat' dir='ltr'><strong>celebratos</strong></span> <span class='ocrx_word' id='word_1_338' title='bbox 1809 1840 1906 1873; x_wconf 77' lang='lat' dir='ltr'><strong>esse?</strong></span> 
     </span>
     <span class='ocr_line' id='line_1_31' title="bbox 352 1893 1907 1942; baseline -0.002 -10"><span class='ocrx_word' id='word_1_339' title='bbox 352 1895 465 1938; x_wconf 83' lang='lat' dir='ltr'><strong>Quam</strong></span> <span class='ocrx_word' id='word_1_340' title='bbox 480 1895 567 1931; x_wconf 82' lang='lat' dir='ltr'><strong>haec</strong></span> <span class='ocrx_word' id='word_1_341' title='bbox 581 1906 672 1931; x_wconf 88' lang='grc'><strong>10110</strong></span> <span class='ocrx_word' id='word_1_342' title='bbox 687 1899 723 1930; x_wconf 85' lang='grc'><strong>01</strong></span> <span class='ocrx_word' id='word_1_343' title='bbox 737 1893 927 1942; x_wconf 81' lang='grc' dir='ltr'>ἀνάρμοστα</span> <span class='ocrx_word' id='word_1_344' title='bbox 943 1895 1014 1931; x_wconf 84' lang='lat' dir='ltr'><strong>sint</strong></span> <span class='ocrx_word' id='word_1_345' title='bbox 1028 1906 1131 1930; x_wconf 90' lang='lat' dir='ltr'><strong>nemo</strong></span> <span class='ocrx_word' id='word_1_346' title='bbox 1148 1906 1219 1930; x_wconf 88' lang='lat' dir='ltr'><strong>non</strong></span> <span class='ocrx_word' id='word_1_347' title='bbox 1233 1894 1336 1931; x_wconf 88' lang='lat' dir='ltr'><strong>videt.</strong></span> <span class='ocrx_word' id='word_1_348' title='bbox 1360 1894 1460 1930; x_wconf 89' lang='lat' dir='ltr'><strong>Certe</strong></span> <span class='ocrx_word' id='word_1_349' title='bbox 1478 1894 1649 1930; x_wconf 81' lang='lat' dir='ltr'><strong>Calvisius</strong></span> <span class='ocrx_word' id='word_1_350' title='bbox 1666 1893 1907 1942; x_wconf 75' lang='lat' dir='ltr'><strong>Olympiadem</strong></span> 
     </span>
     <span class='ocr_line' id='line_1_32' title="bbox 352 1951 1905 1999; baseline -0.001 -11"><span class='ocrx_word' id='word_1_351' title='bbox 352 1953 449 1988; x_wconf 80' lang='lat' dir='ltr'><strong>illam</strong></span> <span class='ocrx_word' id='word_1_352' title='bbox 466 1963 634 1989; x_wconf 77' lang='lat' dir='ltr'><strong>ccxxxvi.</strong></span> <span class='ocrx_word' id='word_1_353' title='bbox 650 1952 803 1998; x_wconf 80' lang='lat' dir='ltr'><strong>Augusti</strong></span> <span class='ocrx_word' id='word_1_354' title='bbox 818 1963 900 1996; x_wconf 56' lang='grc' dir='ltr'><strong>ιιι,</strong></span> <span class='ocrx_word' id='word_1_355' title='bbox 921 1963 994 1988; x_wconf 88' lang='grc'><strong>11011</strong></span> <span class='ocrx_word' id='word_1_356' title='bbox 1013 1951 1101 1987; x_wconf 89' lang='lat' dir='ltr'><strong>Iulio</strong></span> <span class='ocrx_word' id='word_1_357' title='bbox 1119 1956 1295 1998; x_wconf 79' lang='lat' dir='ltr'><strong>peractam</strong></span> <span class='ocrx_word' id='word_1_358' title='bbox 1310 1952 1499 1988; x_wconf 84' lang='lat' dir='ltr'><strong>existimat.</strong></span> <span class='ocrx_word' id='word_1_359' title='bbox 1544 1951 1612 1994; x_wconf 82' lang='lat' dir='ltr'><strong>Qui</strong></span> <span class='ocrx_word' id='word_1_360' title='bbox 1633 1955 1670 1987; x_wconf 91' lang='lat' dir='ltr'><strong>et</strong></span> <span class='ocrx_word' id='word_1_361' title='bbox 1689 1952 1767 1999; x_wconf 85' lang='lat' dir='ltr'><strong>ipse</strong></span> <span class='ocrx_word' id='word_1_362' title='bbox 1788 1954 1905 1987; x_wconf 79' lang='lat' dir='ltr'><strong>tamen</strong></span> 
     </span>
     <span class='ocr_line' id='line_1_33' title="bbox 352 2007 1904 2056; baseline -0.001 -11"><span class='ocrx_word' id='word_1_363' title='bbox 352 2010 476 2056; x_wconf 86' lang='lat' dir='ltr'><strong>puerili</strong></span> <span class='ocrx_word' id='word_1_364' title='bbox 491 2020 634 2056; x_wconf 87' lang='lat' dir='ltr'><strong>prorsus</strong></span> <span class='ocrx_word' id='word_1_365' title='bbox 650 2020 765 2044; x_wconf 90' lang='lat' dir='ltr'><strong>errore</strong></span> <span class='ocrx_word' id='word_1_366' title='bbox 780 2009 817 2044; x_wconf 90' lang='lat' dir='ltr'><strong>in</strong></span> <span class='ocrx_word' id='word_1_367' title='bbox 831 2009 893 2044; x_wconf 82' lang='lat' dir='ltr'><strong>illa</strong></span> <span class='ocrx_word' id='word_1_368' title='bbox 907 2008 1086 2055; x_wconf 85' lang='lat' dir='ltr'><strong>Peregrini</strong></span> <span class='ocrx_word' id='word_1_369' title='bbox 1099 2007 1245 2044; x_wconf 81' lang='lat' dir='ltr'><strong>historia</strong></span> <span class='ocrx_word' id='word_1_370' title='bbox 1267 2020 1343 2044; x_wconf 87' lang='lat' dir='ltr'><strong>sese</strong></span> <span class='ocrx_word' id='word_1_371' title='bbox 1363 2009 1534 2052; x_wconf 80' lang='lat' dir='ltr'><strong>traduxit,</strong></span> <span class='ocrx_word' id='word_1_372' title='bbox 1558 2008 1641 2044; x_wconf 87' lang='lat' dir='ltr'><strong>dum</strong></span> <span class='ocrx_word' id='word_1_373' title='bbox 1665 2008 1784 2044; x_wconf 82' lang='lat' dir='ltr'><strong>scribit</strong></span> <span class='ocrx_word' id='word_1_374' title='bbox 1803 2007 1904 2045; x_wconf 87' lang='lat' dir='ltr'><strong>Pere-</strong></span> 
     </span>
     <span class='ocr_line' id='line_1_34' title="bbox 353 2064 1904 2114; baseline -0.001 -12"><span class='ocrx_word' id='word_1_375' title='bbox 353 2068 493 2114; x_wconf 84' lang='lat' dir='ltr'><strong>grinum</strong></span> <span class='ocrx_word' id='word_1_376' title='bbox 516 2065 750 2102; x_wconf 77' lang='lat' dir='ltr'><strong>Christianum</strong></span> <span class='ocrx_word' id='word_1_377' title='bbox 773 2076 850 2101; x_wconf 89' lang='lat' dir='ltr'><strong>esse</strong></span> <span class='ocrx_word' id='word_1_378' title='bbox 872 2065 1005 2101; x_wconf 76' lang='lat' dir='ltr'><strong>tactum</strong></span> <span class='ocrx_word' id='word_1_379' title='bbox 1028 2076 1120 2101; x_wconf 85' lang='lat' dir='ltr'><strong>anno</strong></span> <span class='ocrx_word' id='word_1_380' title='bbox 1145 2064 1269 2101; x_wconf 83' lang='lat' dir='ltr'><strong>Christi</strong></span> <span class='ocrx_word' id='word_1_381' title='bbox 1286 2077 1426 2109; x_wconf 63' lang='lat' dir='ltr'><strong>suin„</strong></span> <span class='ocrx_word' id='word_1_382' title='bbox 1450 2065 1586 2112; x_wconf 88' lang='lat' dir='ltr'><strong>Olymp.</strong></span> <span class='ocrx_word' id='word_1_383' title='bbox 1604 2074 1727 2103; x_wconf 82' lang='lat' dir='ltr'><strong>coxm.</strong></span> <span class='ocrx_word' id='word_1_384' title='bbox 1772 2064 1814 2100; x_wconf 88' lang='lat' dir='ltr'><strong>In</strong></span> <span class='ocrx_word' id='word_1_385' title='bbox 1835 2076 1904 2112; x_wconf 90' lang='lat' dir='ltr'><strong>quo</strong></span> 
     </span>
     <span class='ocr_line' id='line_1_35' title="bbox 352 2121 1904 2172; baseline -0.001 -12"><span class='ocrx_word' id='word_1_386' title='bbox 352 2129 493 2160; x_wconf 87' lang='lat' dir='ltr'><strong>centum</strong></span> <span class='ocrx_word' id='word_1_387' title='bbox 519 2123 770 2170; x_wconf 84' lang='lat' dir='ltr'><strong>propemodum</strong></span> <span class='ocrx_word' id='word_1_388' title='bbox 798 2123 899 2158; x_wconf 86' lang='lat' dir='ltr'><strong>annis</strong></span> <span class='ocrx_word' id='word_1_389' title='bbox 927 2123 1074 2158; x_wconf 81' lang='lat' dir='ltr'><strong>aberrat.</strong></span> <span class='ocrx_word' id='word_1_390' title='bbox 1125 2121 1215 2158; x_wconf 79' lang='lat' dir='ltr'><strong>Nam</strong></span> <span class='ocrx_word' id='word_1_391' title='bbox 1238 2122 1416 2169; x_wconf 81' lang='lat' dir='ltr'><strong>Peregrini</strong></span> <span class='ocrx_word' id='word_1_392' title='bbox 1442 2133 1536 2158; x_wconf 82' lang='lat' dir='ltr'><strong>mors</strong></span> <span class='ocrx_word' id='word_1_393' title='bbox 1562 2122 1682 2158; x_wconf 87' lang='lat' dir='ltr'><strong>incidit</strong></span> <span class='ocrx_word' id='word_1_394' title='bbox 1706 2122 1744 2172; x_wconf 82' lang='lat' dir='ltr'><strong>in</strong></span> <span class='ocrx_word' id='word_1_395' title='bbox 1767 2122 1904 2169; x_wconf 85' lang='lat' dir='ltr'><strong>Olymp.</strong></span> 
     </span>
     <span class='ocr_line' id='line_1_36' title="bbox 353 2178 1904 2226; baseline -0.001 -9"><span class='ocrx_word' id='word_1_396' title='bbox 353 2191 538 2224; x_wconf 63' lang='lat' dir='ltr'><strong>ccxxxvi„</strong></span> <span class='ocrx_word' id='word_1_397' title='bbox 562 2191 693 2216; x_wconf 77' lang='lat' dir='ltr'><strong>annum</strong></span> <span class='ocrx_word' id='word_1_398' title='bbox 709 2178 836 2215; x_wconf 82' lang='lat' dir='ltr'><strong>Christi</strong></span> <span class='ocrx_word' id='word_1_399' title='bbox 852 2190 955 2216; x_wconf 75' lang='lat' dir='ltr'><strong>osxv.</strong></span> <span class='ocrx_word' id='word_1_400' title='bbox 988 2179 1086 2215; x_wconf 86' lang='lat' dir='ltr'><strong>Vixit</strong></span> <span class='ocrx_word' id='word_1_401' title='bbox 1100 2183 1215 2214; x_wconf 82' lang='lat' dir='ltr'><strong>sutem</strong></span> <span class='ocrx_word' id='word_1_402' title='bbox 1231 2178 1376 2215; x_wconf 88' lang='lat' dir='ltr'><strong>Herodis</strong></span> <span class='ocrx_word' id='word_1_403' title='bbox 1391 2178 1495 2215; x_wconf 82' lang='lat' dir='ltr'><strong>Attici</strong></span> <span class='ocrx_word' id='word_1_404' title='bbox 1509 2183 1663 2226; x_wconf 86' lang='lat' dir='ltr'><strong>tempore</strong></span> <span class='ocrx_word' id='word_1_405' title='bbox 1684 2179 1750 2215; x_wconf 88' lang='lat' dir='ltr'><strong>sub</strong></span> <span class='ocrx_word' id='word_1_406' title='bbox 1770 2180 1819 2216; x_wconf 80' lang='lat' dir='ltr'><strong>M.</strong></span> <span class='ocrx_word' id='word_1_407' title='bbox 1835 2179 1904 2215; x_wconf 91' lang='lat' dir='ltr'><strong>Au·</strong></span> 
     </span>
     <span class='ocr_line' id='line_1_37' title="bbox 353 2234 1905 2283; baseline -0.001 -9"><span class='ocrx_word' id='word_1_408' title='bbox 353 2239 437 2274; x_wconf 84' lang='lat' dir='ltr'><strong>relio</strong></span> <span class='ocrx_word' id='word_1_409' title='bbox 453 2238 647 2281; x_wconf 82' lang='lat' dir='ltr'><strong>Antonino,</strong></span> <span class='ocrx_word' id='word_1_410' title='bbox 672 2242 710 2273; x_wconf 88' lang='lat' dir='ltr'><strong>ut</strong></span> <span class='ocrx_word' id='word_1_411' title='bbox 733 2248 778 2272; x_wconf 86' lang='lat' dir='ltr'><strong>ex</strong></span> <span class='ocrx_word' id='word_1_412' title='bbox 799 2235 1004 2272; x_wconf 83' lang='lat' dir='ltr'><strong>Philostrato</strong></span> <span class='ocrx_word' id='word_1_413' title='bbox 1020 2235 1080 2272; x_wconf 89' lang='lat' dir='ltr'><strong>lib.</strong></span> <span class='ocrx_word' id='word_1_414' title='bbox 1092 2248 1131 2272; x_wconf 88' lang='lat' dir='ltr'><strong>u.</strong></span> <span class='ocrx_word' id='word_1_415' title='bbox 1148 2235 1189 2271; x_wconf 92' lang='lat' dir='ltr'><strong>de</strong></span> <span class='ocrx_word' id='word_1_416' title='bbox 1204 2235 1272 2273; x_wconf 83' lang='lat' dir='ltr'><strong>Vit.</strong></span> <span class='ocrx_word' id='word_1_417' title='bbox 1288 2234 1394 2283; x_wconf 80' lang='lat' dir='ltr'><strong>soph.</strong></span> <span class='ocrx_word' id='word_1_418' title='bbox 1417 2236 1454 2271; x_wconf 91' lang='lat' dir='ltr'><strong>in</strong></span> <span class='ocrx_word' id='word_1_419' title='bbox 1476 2235 1611 2271; x_wconf 85' lang='lat' dir='ltr'><strong>Herode</strong></span> <span class='ocrx_word' id='word_1_420' title='bbox 1634 2235 1818 2283; x_wconf 83' lang='lat' dir='ltr'><strong>colligitur,</strong></span> <span class='ocrx_word' id='word_1_421' title='bbox 1841 2247 1905 2272; x_wconf 87' lang='lat' dir='ltr'><strong>nec</strong></span> 
     </span>
     <span class='ocr_line' id='line_1_38' title="bbox 353 2293 959 2332; baseline -0.003 -1"><span class='ocrx_word' id='word_1_422' title='bbox 353 2307 422 2331; x_wconf 88' lang='grc'><strong>11011</strong></span> <span class='ocrx_word' id='word_1_423' title='bbox 438 2300 474 2331; x_wconf 85' lang='lat' dir='ltr'><strong>et</strong></span> <span class='ocrx_word' id='word_1_424' title='bbox 487 2307 533 2332; x_wconf 88' lang='lat' dir='ltr'><strong>ex</strong></span> <span class='ocrx_word' id='word_1_425' title='bbox 547 2295 700 2331; x_wconf 81' lang='lat' dir='ltr'><strong>Lucisno</strong></span> <span class='ocrx_word' id='word_1_426' title='bbox 715 2294 754 2330; x_wconf 89' lang='lat' dir='ltr'><strong>in</strong></span> <span class='ocrx_word' id='word_1_427' title='bbox 767 2294 862 2329; x_wconf 89' lang='lat' dir='ltr'><strong>illins</strong></span> <span class='ocrx_word' id='word_1_428' title='bbox 878 2293 959 2329; x_wconf 81' lang='lat' dir='ltr'><strong>vita.</strong></span> 
     </span>
    </p>

    <p class='ocr_par' dir='ltr' id='par_1_6' title="bbox 351 2348 1903 3083">
     <span class='ocr_line' id='line_1_39' title="bbox 443 2348 1902 2398; baseline 0 -11"><span class='ocrx_word' id='word_1_429' title='bbox 443 2350 535 2388; x_wconf 77' lang='grc' dir='ltr'>Κατὰ</span> <span class='ocrx_word' id='word_1_430' title='bbox 550 2350 723 2398; x_wconf 81' lang='grc' dir='ltr'>Ἐβραίους</span> <span class='ocrx_word' id='word_1_431' title='bbox 736 2348 956 2398; x_wconf 79' lang='grc' dir='ltr'>Μαρισουάν.]</span> <span class='ocrx_word' id='word_1_432' title='bbox 987 2349 1200 2397; x_wconf 75' lang='lat' dir='ltr'><strong>Epiphanius</strong></span> <span class='ocrx_word' id='word_1_433' title='bbox 1217 2349 1342 2386; x_wconf 76' lang='lat' dir='ltr'><strong>Christi</strong></span> <span class='ocrx_word' id='word_1_434' title='bbox 1357 2350 1568 2397; x_wconf 84' lang='lat' dir='ltr'><strong>baptismum</strong></span> <span class='ocrx_word' id='word_1_435' title='bbox 1584 2350 1743 2398; x_wconf 81' lang='lat' dir='ltr'><strong>assignat</strong></span> <span class='ocrx_word' id='word_1_436' title='bbox 1763 2351 1796 2387; x_wconf 89' lang='lat' dir='ltr'><strong>ei</strong></span> <span class='ocrx_word' id='word_1_437' title='bbox 1811 2362 1902 2388; x_wconf 88' lang='lat' dir='ltr'><strong>anno</strong></span> 
     </span>
     <span class='ocr_line' id='line_1_40' title="bbox 353 2406 1903 2456; baseline 0 -11"><span class='ocrx_word' id='word_1_438' title='bbox 353 2411 414 2456; x_wconf 87' lang='lat' dir='ltr'><strong>qui</strong></span> <span class='ocrx_word' id='word_1_439' title='bbox 429 2421 519 2446; x_wconf 86' lang='lat' dir='ltr'><strong>coss.</strong></span> <span class='ocrx_word' id='word_1_440' title='bbox 538 2408 660 2445; x_wconf 84' lang='lat' dir='ltr'><strong>habuit</strong></span> <span class='ocrx_word' id='word_1_441' title='bbox 676 2409 858 2444; x_wconf 79' lang='lat' dir='ltr'><strong>Silvanum</strong></span> <span class='ocrx_word' id='word_1_442' title='bbox 874 2412 909 2444; x_wconf 92' lang='lat' dir='ltr'><strong>et</strong></span> <span class='ocrx_word' id='word_1_443' title='bbox 923 2407 1087 2451; x_wconf 79' lang='lat' dir='ltr'><strong>Nervam,</strong></span> <span class='ocrx_word' id='word_1_444' title='bbox 1104 2409 1164 2455; x_wconf 87' lang='lat' dir='ltr'><strong>qui</strong></span> <span class='ocrx_word' id='word_1_445' title='bbox 1179 2412 1232 2443; x_wconf 87' lang='lat' dir='ltr'><strong>est</strong></span> <span class='ocrx_word' id='word_1_446' title='bbox 1246 2407 1400 2443; x_wconf 86' lang='lat' dir='ltr'><strong>lulianus</strong></span> <span class='ocrx_word' id='word_1_447' title='bbox 1414 2418 1554 2451; x_wconf 68' lang='lat' dir='ltr'><strong>suun,</strong></span> <span class='ocrx_word' id='word_1_448' title='bbox 1570 2406 1758 2444; x_wconf 85' lang='lat' dir='ltr'><strong>Novembri</strong></span> <span class='ocrx_word' id='word_1_449' title='bbox 1771 2419 1903 2452; x_wconf 86' lang='lat' dir='ltr'><strong>mense,</strong></span> 
     </span>
     <span class='ocr_line' id='line_1_41' title="bbox 353 2463 1902 2512; baseline -0.001 -9"><span class='ocrx_word' id='word_1_450' title='bbox 353 2478 432 2503; x_wconf 89' lang='lat' dir='ltr'><strong>cum</strong></span> <span class='ocrx_word' id='word_1_451' title='bbox 450 2478 536 2503; x_wconf 77' lang='lat' dir='ltr'><strong>xxix</strong></span> <span class='ocrx_word' id='word_1_452' title='bbox 553 2477 682 2510; x_wconf 79' lang='lat' dir='ltr'><strong>annos,</strong></span> <span class='ocrx_word' id='word_1_453' title='bbox 702 2476 842 2503; x_wconf 86' lang='lat' dir='ltr'><strong>menses</strong></span> <span class='ocrx_word' id='word_1_454' title='bbox 858 2476 883 2501; x_wconf 88' lang='lat' dir='ltr'>x</span> <span class='ocrx_word' id='word_1_455' title='bbox 899 2465 1085 2512; x_wconf 83' lang='lat' dir='ltr'><strong>implesset.</strong></span> <span class='ocrx_word' id='word_1_456' title='bbox 1131 2464 1355 2501; x_wconf 88' lang='lat' dir='ltr'><strong>Noviluuium</strong></span> <span class='ocrx_word' id='word_1_457' title='bbox 1375 2463 1528 2500; x_wconf 87' lang='lat' dir='ltr'><strong>medium</strong></span> <span class='ocrx_word' id='word_1_458' title='bbox 1543 2463 1608 2500; x_wconf 88' lang='lat' dir='ltr'><strong>hoc</strong></span> <span class='ocrx_word' id='word_1_459' title='bbox 1624 2475 1716 2501; x_wconf 86' lang='grc'><strong>011110</strong></span> <span class='ocrx_word' id='word_1_460' title='bbox 1731 2465 1852 2502; x_wconf 90' lang='lat' dir='ltr'><strong>incidit</strong></span> <span class='ocrx_word' id='word_1_461' title='bbox 1866 2466 1902 2502; x_wconf 88' lang='lat' dir='ltr'><strong>in</strong></span> 
     </span>
     <span class='ocr_line' id='line_1_42' title="bbox 352 2519 1901 2571; baseline 0.001 -12"><span class='ocrx_word' id='word_1_462' title='bbox 352 2523 439 2561; x_wconf 80' lang='lat' dir='ltr'><strong>Nov.</strong></span> <span class='ocrx_word' id='word_1_463' title='bbox 451 2537 513 2566; x_wconf 81' lang='grc'><strong>11.,</strong></span> <span class='ocrx_word' id='word_1_464' title='bbox 530 2522 623 2559; x_wconf 88' lang='lat' dir='ltr'><strong>horis</strong></span> <span class='ocrx_word' id='word_1_465' title='bbox 640 2523 772 2571; x_wconf 83' lang='lat' dir='ltr'><strong>sliquot</strong></span> <span class='ocrx_word' id='word_1_466' title='bbox 786 2527 866 2570; x_wconf 89' lang='lat' dir='ltr'><strong>post</strong></span> <span class='ocrx_word' id='word_1_467' title='bbox 879 2522 1016 2558; x_wconf 88' lang='lat' dir='ltr'><strong>initium</strong></span> <span class='ocrx_word' id='word_1_468' title='bbox 1031 2522 1160 2565; x_wconf 85' lang='lat' dir='ltr'><strong>noctis,</strong></span> <span class='ocrx_word' id='word_1_469' title='bbox 1178 2522 1274 2568; x_wconf 82' lang='lat' dir='ltr'><strong>cyclo</strong></span> <span class='ocrx_word' id='word_1_470' title='bbox 1287 2533 1323 2559; x_wconf 85' lang='lat' dir='ltr'><strong>x.</strong></span> <span class='ocrx_word' id='word_1_471' title='bbox 1347 2520 1460 2564; x_wconf 78' lang='lat' dir='ltr'><strong>Quare</strong></span> <span class='ocrx_word' id='word_1_472' title='bbox 1476 2521 1507 2557; x_wconf 86' lang='lat' dir='ltr'><strong>si</strong></span> <span class='ocrx_word' id='word_1_473' title='bbox 1519 2519 1724 2559; x_wconf 86' lang='lat' dir='ltr'><strong>Novembris</strong></span> <span class='ocrx_word' id='word_1_474' title='bbox 1741 2521 1814 2559; x_wconf 87' lang='lat' dir='ltr'><strong>dies</strong></span> <span class='ocrx_word' id='word_1_475' title='bbox 1826 2535 1901 2560; x_wconf 86' lang='lat' dir='ltr'><strong>vm.</strong></span> 
     </span>
     <span class='ocr_line' id='line_1_43' title="bbox 353 2577 1902 2623; baseline 0 -7"><span class='ocrx_word' id='word_1_476' title='bbox 353 2579 604 2617; x_wconf 78' lang='lat' dir='ltr'><strong>Msrchesuvsn</strong></span> <span class='ocrx_word' id='word_1_477' title='bbox 617 2580 747 2616; x_wconf 73' lang='lat' dir='ltr'><strong>Iudaici</strong></span> <span class='ocrx_word' id='word_1_478' title='bbox 759 2580 832 2615; x_wconf 87' lang='lat' dir='ltr'><strong>dies</strong></span> <span class='ocrx_word' id='word_1_479' title='bbox 848 2584 902 2615; x_wconf 87' lang='lat' dir='ltr'><strong>est</strong></span> <span class='ocrx_word' id='word_1_480' title='bbox 912 2591 972 2616; x_wconf 83' lang='lat' dir='ltr'><strong>vn.</strong></span> <span class='ocrx_word' id='word_1_481' title='bbox 981 2605 991 2623; x_wconf 93' lang='lat'><strong>,</strong></span> <span class='ocrx_word' id='word_1_482' title='bbox 1007 2579 1190 2615; x_wconf 83' lang='lat' dir='ltr'><strong>neomenia</strong></span> <span class='ocrx_word' id='word_1_483' title='bbox 1200 2578 1339 2615; x_wconf 81' lang='lat' dir='ltr'><strong>Iudaica</strong></span> <span class='ocrx_word' id='word_1_484' title='bbox 1354 2578 1431 2614; x_wconf 87' lang='lat' dir='ltr'><strong>iniit</strong></span> <span class='ocrx_word' id='word_1_485' title='bbox 1440 2577 1625 2616; x_wconf 83' lang='lat' dir='ltr'><strong>Novembr.</strong></span> <span class='ocrx_word' id='word_1_486' title='bbox 1640 2591 1684 2623; x_wconf 90' lang='lat'><strong>11,</strong></span> <span class='ocrx_word' id='word_1_487' title='bbox 1700 2583 1734 2616; x_wconf 89' lang='lat' dir='ltr'><strong>et</strong></span> <span class='ocrx_word' id='word_1_488' title='bbox 1750 2592 1770 2615; x_wconf 90' lang='lat' dir='ltr'><strong>v</strong></span> <span class='ocrx_word' id='word_1_489' title='bbox 1782 2580 1902 2616; x_wconf 87' lang='lat' dir='ltr'><strong>solidis</strong></span> 
     </span>
     <span class='ocr_line' id='line_1_44' title="bbox 353 2635 1901 2682; baseline -0.001 -8"><span class='ocrx_word' id='word_1_490' title='bbox 353 2638 473 2674; x_wconf 86' lang='lat' dir='ltr'><strong>diebus</strong></span> <span class='ocrx_word' id='word_1_491' title='bbox 490 2638 706 2674; x_wconf 82' lang='lat' dir='ltr'><strong>novilunium</strong></span> <span class='ocrx_word' id='word_1_492' title='bbox 723 2637 917 2674; x_wconf 78' lang='lat' dir='ltr'><strong>antecessit.</strong></span> <span class='ocrx_word' id='word_1_493' title='bbox 950 2635 1037 2672; x_wconf 86' lang='lat' dir='ltr'><strong>Nam</strong></span> <span class='ocrx_word' id='word_1_494' title='bbox 1053 2635 1190 2672; x_wconf 78' lang='lat' dir='ltr'><strong>Iudaico</strong></span> <span class='ocrx_word' id='word_1_495' title='bbox 1207 2635 1421 2672; x_wconf 83' lang='lat' dir='ltr'><strong>novilunium</strong></span> <span class='ocrx_word' id='word_1_496' title='bbox 1437 2635 1630 2682; x_wconf 80' lang='lat' dir='ltr'><strong>quadrabat</strong></span> <span class='ocrx_word' id='word_1_497' title='bbox 1644 2636 1680 2671; x_wconf 89' lang='lat' dir='ltr'><strong>in</strong></span> <span class='ocrx_word' id='word_1_498' title='bbox 1695 2635 1901 2673; x_wconf 88' lang='lat' dir='ltr'><strong>Novembris</strong></span> 
     </span>
     <span class='ocr_line' id='line_1_45' title="bbox 353 2691 1898 2741; baseline 0.001 -11"><span class='ocrx_word' id='word_1_499' title='bbox 353 2707 412 2731; x_wconf 84' lang='lat' dir='ltr'><strong>vu.</strong></span> <span class='ocrx_word' id='word_1_500' title='bbox 421 2721 430 2738; x_wconf 90' lang='lat'>‚</span> <span class='ocrx_word' id='word_1_501' title='bbox 446 2695 533 2730; x_wconf 79' lang='lat' dir='ltr'><strong>ieris</strong></span> <span class='ocrx_word' id='word_1_502' title='bbox 544 2707 568 2732; x_wconf 88' lang='grc' dir='ltr'><strong>ι,</strong></span> <span class='ocrx_word' id='word_1_503' title='bbox 594 2694 663 2731; x_wconf 84' lang='lat' dir='ltr'><strong>Sed</strong></span> <span class='ocrx_word' id='word_1_504' title='bbox 679 2706 749 2730; x_wconf 91' lang='lat' dir='ltr'><strong>non</strong></span> <span class='ocrx_word' id='word_1_505' title='bbox 760 2699 843 2741; x_wconf 88' lang='lat' dir='ltr'><strong>puto</strong></span> <span class='ocrx_word' id='word_1_506' title='bbox 860 2698 993 2730; x_wconf 74' lang='lat' dir='ltr'><strong>tautum</strong></span> <span class='ocrx_word' id='word_1_507' title='bbox 1009 2693 1053 2730; x_wconf 85' lang='lat' dir='ltr'><strong>sb</strong></span> <span class='ocrx_word' id='word_1_508' title='bbox 1069 2693 1138 2730; x_wconf 88' lang='lat' dir='ltr'><strong>iliis</strong></span> <span class='ocrx_word' id='word_1_509' title='bbox 1151 2691 1402 2730; x_wconf 85' lang='lat' dir='ltr'><strong>dissimulstsm</strong></span> <span class='ocrx_word' id='word_1_510' title='bbox 1413 2691 1522 2728; x_wconf 78' lang='lat' dir='ltr'><strong>fuisse</strong></span> <span class='ocrx_word' id='word_1_511' title='bbox 1537 2693 1695 2730; x_wconf 81' lang='lat' dir='ltr'><strong>lunarem</strong></span> <span class='ocrx_word' id='word_1_512' title='bbox 1707 2694 1898 2741; x_wconf 76' lang='grc' dir='ltr'>προήγησιν.</span> 
     </span>
     <span class='ocr_line' id='line_1_46' title="bbox 353 2748 1900 2798; baseline 0.001 -11"><span class='ocrx_word' id='word_1_513' title='bbox 353 2751 394 2787; x_wconf 81' lang='lat' dir='ltr'><strong>Et</strong></span> <span class='ocrx_word' id='word_1_514' title='bbox 409 2757 557 2788; x_wconf 75' lang='lat' dir='ltr'><strong>erratum</strong></span> <span class='ocrx_word' id='word_1_515' title='bbox 573 2751 731 2787; x_wconf 73' lang='lat' dir='ltr'><strong>fortassis</strong></span> <span class='ocrx_word' id='word_1_516' title='bbox 748 2756 814 2790; x_wconf 75' lang='lat' dir='ltr'><strong>est,</strong></span> <span class='ocrx_word' id='word_1_517' title='bbox 839 2755 877 2786; x_wconf 91' lang='lat' dir='ltr'><strong>ut</strong></span> <span class='ocrx_word' id='word_1_518' title='bbox 892 2762 952 2798; x_wconf 86' lang='lat' dir='ltr'><strong>pro</strong></span> <span class='ocrx_word' id='word_1_519' title='bbox 970 2748 1112 2797; x_wconf 66' lang='grc' dir='ltr'><strong>ἕβδόμῃ,</strong></span> <span class='ocrx_word' id='word_1_520' title='bbox 1136 2750 1225 2798; x_wconf 77' lang='grc' dir='ltr'>τρίτῃ</span> <span class='ocrx_word' id='word_1_521' title='bbox 1242 2749 1296 2786; x_wconf 86' lang='grc'><strong>101</strong></span> <span class='ocrx_word' id='word_1_522' title='bbox 1312 2748 1460 2797; x_wconf 62' lang='grc' dir='ltr'><strong>δευτέρᾳ,</strong></span> <span class='ocrx_word' id='word_1_523' title='bbox 1484 2749 1538 2785; x_wconf 83' lang='grc'><strong>101</strong></span> <span class='ocrx_word' id='word_1_524' title='bbox 1562 2755 1652 2786; x_wconf 88' lang='lat' dir='ltr'><strong>certe</strong></span> <span class='ocrx_word' id='word_1_525' title='bbox 1675 2749 1829 2798; x_wconf 69' lang='grc' dir='ltr'><strong>τετάρτῃ,</strong></span> <span class='ocrx_word' id='word_1_526' title='bbox 1852 2751 1900 2788; x_wconf 83' lang='grc'><strong>10·</strong></span> 
     </span>
     <span class='ocr_line' id='line_1_47' title="bbox 351 2806 1900 2855; baseline 0.001 -11"><span class='ocrx_word' id='word_1_527' title='bbox 351 2808 504 2855; x_wconf 78' lang='lat' dir='ltr'><strong>gendum</strong></span> <span class='ocrx_word' id='word_1_528' title='bbox 527 2809 589 2851; x_wconf 85' lang='lat' dir='ltr'><strong>sit,</strong></span> <span class='ocrx_word' id='word_1_529' title='bbox 614 2820 683 2855; x_wconf 90' lang='lat' dir='ltr'><strong>quo</strong></span> <span class='ocrx_word' id='word_1_530' title='bbox 699 2808 887 2844; x_wconf 82' lang='lat' dir='ltr'><strong>tolerabilis</strong></span> <span class='ocrx_word' id='word_1_531' title='bbox 904 2808 1108 2844; x_wconf 77' lang='lat' dir='ltr'><strong>neomeniae</strong></span> <span class='ocrx_word' id='word_1_532' title='bbox 1123 2807 1220 2844; x_wconf 83' lang='lat' dir='ltr'><strong>labes</strong></span> <span class='ocrx_word' id='word_1_533' title='bbox 1235 2806 1476 2844; x_wconf 77' lang='lat' dir='ltr'><strong>intercesserit.</strong></span> <span class='ocrx_word' id='word_1_534' title='bbox 1525 2806 1613 2849; x_wconf 81' lang='lat' dir='ltr'><strong>Quin</strong></span> <span class='ocrx_word' id='word_1_535' title='bbox 1638 2812 1671 2843; x_wconf 90' lang='lat' dir='ltr'><strong>et</strong></span> <span class='ocrx_word' id='word_1_536' title='bbox 1694 2808 1783 2844; x_wconf 81' lang='lat' dir='ltr'><strong>alius</strong></span> <span class='ocrx_word' id='word_1_537' title='bbox 1806 2819 1900 2846; x_wconf 84' lang='lat' dir='ltr'><strong>error</strong></span> 
     </span>
     <span class='ocr_line' id='line_1_48' title="bbox 352 2861 1900 2912; baseline 0.001 -11"><span class='ocrx_word' id='word_1_538' title='bbox 352 2871 403 2901; x_wconf 87' lang='lat' dir='ltr'><strong>est</strong></span> <span class='ocrx_word' id='word_1_539' title='bbox 420 2866 453 2900; x_wconf 88' lang='lat' dir='ltr'><strong>iu</strong></span> <span class='ocrx_word' id='word_1_540' title='bbox 472 2866 601 2901; x_wconf 82' lang='lat' dir='ltr'><strong>mensis</strong></span> <span class='ocrx_word' id='word_1_541' title='bbox 618 2865 859 2912; x_wconf 79' lang='lat' dir='ltr'><strong>appellatione.</strong></span> <span class='ocrx_word' id='word_1_542' title='bbox 891 2864 968 2901; x_wconf 87' lang='lat' dir='ltr'><strong>Non</strong></span> <span class='ocrx_word' id='word_1_543' title='bbox 985 2865 1077 2901; x_wconf 86' lang='lat' dir='ltr'><strong>enim</strong></span> <span class='ocrx_word' id='word_1_544' title='bbox 1094 2863 1365 2908; x_wconf 80' lang='lat' dir='ltr'><strong>Marchesuvan,</strong></span> <span class='ocrx_word' id='word_1_545' title='bbox 1388 2862 1449 2900; x_wconf 89' lang='lat' dir='ltr'><strong>sed</strong></span> <span class='ocrx_word' id='word_1_546' title='bbox 1464 2861 1620 2900; x_wconf 80' lang='lat' dir='ltr'><strong>Chasseu</strong></span> <span class='ocrx_word' id='word_1_547' title='bbox 1637 2876 1713 2901; x_wconf 82' lang='lat' dir='ltr'><strong>esse</strong></span> <span class='ocrx_word' id='word_1_548' title='bbox 1729 2865 1845 2909; x_wconf 88' lang='lat' dir='ltr'><strong>debet,</strong></span> <span class='ocrx_word' id='word_1_549' title='bbox 1869 2866 1900 2903; x_wconf 86' lang='lat' dir='ltr'><strong>si</strong></span> 
     </span>
     <span class='ocr_line' id='line_1_49' title="bbox 352 2920 1898 2969; baseline 0.001 -12"><span class='ocrx_word' id='word_1_550' title='bbox 352 2922 454 2958; x_wconf 85' lang='lat' dir='ltr'><strong>modo</strong></span> <span class='ocrx_word' id='word_1_551' title='bbox 472 2923 602 2958; x_wconf 80' lang='lat' dir='ltr'><strong>lunsris</strong></span> <span class='ocrx_word' id='word_1_552' title='bbox 619 2923 675 2958; x_wconf 82' lang='lat' dir='ltr'><strong>ille</strong></span> <span class='ocrx_word' id='word_1_553' title='bbox 693 2922 823 2959; x_wconf 79' lang='lat' dir='ltr'><strong>mensis</strong></span> <span class='ocrx_word' id='word_1_554' title='bbox 839 2922 914 2960; x_wconf 78' lang='lat' dir='ltr'><strong>tuit.</strong></span> <span class='ocrx_word' id='word_1_555' title='bbox 963 2922 1061 2965; x_wconf 86' lang='lat' dir='ltr'><strong>Quod</strong></span> <span class='ocrx_word' id='word_1_556' title='bbox 1083 2920 1223 2969; x_wconf 86' lang='lat' dir='ltr'><strong>quidem</strong></span> <span class='ocrx_word' id='word_1_557' title='bbox 1238 2920 1312 2958; x_wconf 81' lang='lat' dir='ltr'><strong>fleri</strong></span> <span class='ocrx_word' id='word_1_558' title='bbox 1328 2931 1397 2958; x_wconf 86' lang='grc'><strong>11011</strong></span> <span class='ocrx_word' id='word_1_559' title='bbox 1411 2924 1542 2967; x_wconf 77' lang='lat' dir='ltr'><strong>potest,</strong></span> <span class='ocrx_word' id='word_1_560' title='bbox 1567 2922 1596 2956; x_wconf 77' lang='lat' dir='ltr'><strong>si</strong></span> <span class='ocrx_word' id='word_1_561' title='bbox 1620 2922 1752 2969; x_wconf 85' lang='lat' dir='ltr'><strong>integer</strong></span> <span class='ocrx_word' id='word_1_562' title='bbox 1775 2922 1820 2959; x_wconf 85' lang='lat' dir='ltr'><strong>sit</strong></span> <span class='ocrx_word' id='word_1_563' title='bbox 1842 2921 1898 2958; x_wconf 85' lang='lat' dir='ltr'><strong>hic</strong></span> 
     </span>
     <span class='ocr_line' id='line_1_50' title="bbox 352 2977 1897 3026; baseline 0 -11"><span class='ocrx_word' id='word_1_564' title='bbox 352 2978 536 3026; x_wconf 75' lang='lat' dir='ltr'><strong>Epiphsuii</strong></span> <span class='ocrx_word' id='word_1_565' title='bbox 553 2979 648 3015; x_wconf 85' lang='lat' dir='ltr'><strong>locus</strong></span> <span class='ocrx_word' id='word_1_566' title='bbox 665 2984 698 3014; x_wconf 87' lang='lat' dir='ltr'><strong>et</strong></span> <span class='ocrx_word' id='word_1_567' title='bbox 712 2979 841 3015; x_wconf 76' lang='lat' dir='ltr'><strong>Iudaici</strong></span> <span class='ocrx_word' id='word_1_568' title='bbox 858 2979 986 3015; x_wconf 86' lang='lat' dir='ltr'><strong>mensis</strong></span> <span class='ocrx_word' id='word_1_569' title='bbox 1002 2983 1103 3015; x_wconf 79' lang='lat' dir='ltr'><strong>sexta</strong></span> <span class='ocrx_word' id='word_1_570' title='bbox 1117 2978 1332 3016; x_wconf 80' lang='lat' dir='ltr'><strong>novilunium</strong></span> <span class='ocrx_word' id='word_1_571' title='bbox 1352 2977 1577 3015; x_wconf 80' lang='lat' dir='ltr'><strong>commissum</strong></span> <span class='ocrx_word' id='word_1_572' title='bbox 1599 2978 1712 3016; x_wconf 75' lang='lat' dir='ltr'><strong>suerit.</strong></span> <span class='ocrx_word' id='word_1_573' title='bbox 1759 2978 1847 3022; x_wconf 89' lang='lat' dir='ltr'><strong>Quid</strong></span> <span class='ocrx_word' id='word_1_574' title='bbox 1868 2980 1897 3014; x_wconf 86' lang='lat' dir='ltr'><strong>si</strong></span> 
     </span>
     <span class='ocr_line' id='line_1_51' title="bbox 352 3034 1898 3083; baseline 0 -11"><span class='ocrx_word' id='word_1_575' title='bbox 352 3041 412 3072; x_wconf 83' lang='lat' dir='ltr'><strong>sut</strong></span> <span class='ocrx_word' id='word_1_576' title='bbox 429 3035 545 3072; x_wconf 79' lang='grc'><strong>11111001</strong></span> <span class='ocrx_word' id='word_1_577' title='bbox 562 3041 642 3071; x_wconf 85' lang='lat' dir='ltr'><strong>tunc</strong></span> <span class='ocrx_word' id='word_1_578' title='bbox 658 3037 823 3082; x_wconf 84' lang='lat' dir='ltr'><strong>temporis</strong></span> <span class='ocrx_word' id='word_1_579' title='bbox 833 3063 842 3081; x_wconf 86' lang='lat'><strong>,</strong></span> <span class='ocrx_word' id='word_1_580' title='bbox 858 3042 918 3073; x_wconf 86' lang='lat' dir='ltr'><strong>sut</strong></span> <span class='ocrx_word' id='word_1_581' title='bbox 930 3035 1140 3083; x_wconf 78' lang='lat' dir='ltr'><strong>Epiphanius</strong></span> <span class='ocrx_word' id='word_1_582' title='bbox 1158 3036 1230 3083; x_wconf 87' lang='lat' dir='ltr'><strong>ipse</strong></span> <span class='ocrx_word' id='word_1_583' title='bbox 1243 3034 1458 3071; x_wconf 83' lang='lat' dir='ltr'><strong>Iudaicorum</strong></span> <span class='ocrx_word' id='word_1_584' title='bbox 1475 3036 1647 3072; x_wconf 88' lang='lat' dir='ltr'><strong>mensium</strong></span> <span class='ocrx_word' id='word_1_585' title='bbox 1660 3036 1830 3073; x_wconf 75' lang='lat' dir='ltr'><strong>vocabula</strong></span> <span class='ocrx_word' id='word_1_586' title='bbox 1844 3035 1898 3072; x_wconf 88' lang='lat' dir='ltr'><strong>Iu-</strong></span> 
     </span>
    </p>
   </div>
  </div>
 </body>
</html>
