2008 3294
171 1490 199 1515 p.
213 1483 270 1509 187.

303 179 441 215 CLXVI

301 283 394 318 illius
410 282 479 317 diei
493 282 626 317 cibaria
636 282 859 328 parabantur,
876 291 955 316 cum
969 281 1005 317 id
1019 282 1094 329 ipso
1111 282 1200 316 festo
1216 281 1335 316 liceret
1350 291 1463 327 agere.
1487 282 1616 318 Verum
1632 281 1709 328 quis
1725 285 1778 318 est
1792 283 1852 329 qui

302 340 517 375 tolerabilem
528 338 617 373 hanc
628 339 793 384 loquendi
803 338 952 374 formam
962 342 1060 386 putet
1071 350 1146 374 esse
1156 365 1165 381 ,
1177 341 1216 373 ut
1227 348 1413 384 parasceve
1424 338 1598 385 paschatis
1610 338 1655 373 sit
1665 349 1851 385 parasceve

303 397 455 438 sabbati,
470 396 506 430 in
524 406 628 441 quam
644 395 810 430 incideret
824 395 978 442 pasclia?
1005 395 1160 431 Nimium
1175 395 1240 430 hoc
1257 394 1447 430 absurdum
1463 398 1524 431 est.
1556 395 1624 430 Sed
1641 398 1675 430 et
1689 395 1775 431 illud
1788 395 1852 431 fal-

302 454 498 494 sissimum,
518 453 651 498 primae
673 452 741 487 diei
761 463 962 498 azymorum
982 456 1267 498 caeterorumque
1288 451 1458 487 festorum
1477 463 1701 500 parascevem
1721 452 1853 498 nullam

302 511 410 545 fuisse
420 537 428 553 ‚
446 509 538 556 quod
554 520 600 544 ex
614 509 851 545 Hebraeorum
866 510 1002 557 scriptis
1019 509 1063 544 ab
1079 509 1156 544 aliis
1171 508 1360 544 refutatum
1375 512 1442 552 est,
1465 513 1504 544 ut
1523 509 1560 544 in
1583 521 1624 545 eo
1647 510 1854 546 commorari

302 567 388 602 nihil
403 567 450 602 sit
463 577 618 601 necesse.
640 566 704 602 Est
714 565 800 602 illud
812 566 951 613 quidem
962 569 1055 602 recte
1066 567 1102 601 in
1110 565 1302 601 Annalibus
1315 566 1547 610 observatum,
1562 566 1659 602 nulla
1668 577 1854 613 parasceve

304 624 348 658 ad
363 623 459 659 cibos
474 620 511 658 in
522 623 653 658 festum
668 623 760 659 diem
773 623 992 671 apparandos
1008 635 1096 670 opus
1111 623 1236 666 fuisse,
1259 622 1352 669 quod
1372 623 1410 658 in
1431 623 1515 659 solis
1537 623 1694 658 sabbatis
1709 634 1856 670 coquere

304 681 400 716 cibos
414 680 635 716 interdictum
651 684 762 724 esset,
776 681 896 716 liceret
909 681 946 716 in
963 681 1104 716 caeteris
1114 707 1122 723 ,
1138 681 1175 715 in
1191 691 1260 727 quo
1276 680 1460 727 plerosque
1470 681 1563 716 viros
1579 680 1730 716 eruditos
1745 679 1856 716 hallu-

303 739 436 773 cinatos
459 749 537 773 esse
558 738 770 774 monuimus.
817 737 886 773 Sed
908 741 1044 784 praeter
1067 737 1198 772 cibaria
1220 739 1356 772 constat
1378 737 1447 772 alia
1469 736 1640 784 quaedam
1662 737 1859 786 praeparari

305 796 518 842 oportuisse,
542 806 634 841 quac
651 799 713 830 aut
734 795 866 842 absque
889 795 1007 830 servili
1023 805 1125 842 opere
1140 794 1311 841 praestari
1325 804 1397 829 non
1411 797 1574 841 possent,
1596 797 1660 830 aut
1682 795 1726 830 ad
1747 795 1856 843 ipsius

303 853 384 887 festi
400 852 635 887 celebritatem
648 852 838 887 ineundam
853 852 1023 887 anteverti
1038 852 1211 887 deberent.
1235 850 1404 894 Quocirca
1416 850 1505 886 nihil
1520 855 1573 887 est
1584 852 1676 899 quod
1692 851 1856 892 adversm

303 913 374 944 tam
392 909 586 944 evidentem
601 909 740 945 Ioannis
756 909 976 947 autoritatem
992 909 1106 956 possit-
1125 908 1250 956 excipi.
1298 909 1344 943 At
1358 919 1439 943 vero
1464 919 1553 955 quae
1576 911 1622 943 ex
1645 908 1723 944 aliis
1746 909 1858 944 tribus

305 966 530 1013 evangelistis
546 970 667 1002 contra
680 965 769 1001 hanc
785 967 984 1013 opinionem
999 966 1226 1008 adducuntur,
1242 966 1338 1001 nullo
1354 965 1498 1012 negotio
1514 965 1752 1002 conciliantur.
1785 965 1858 1001 Pri-

304 1034 399 1058 mam
415 1024 509 1058 enim
522 1023 575 1058 illi
589 1023 680 1058 diem
695 1034 899 1069 azymorum
913 1026 1041 1058 vocant
1063 1034 1141 1058 eam
1162 1023 1310 1066 scilicet,
1333 1022 1432 1057 cuius
1452 1022 1490 1057 in
1505 1033 1687 1069 vesperam
1707 1021 1859 1069 paschae

305 1081 486 1116 celebritas
509 1084 544 1115 et
567 1091 769 1127 azymorum
790 1080 930 1115 initium
952 1080 1158 1122 incurreret,
1187 1080 1306 1126 utique
1329 1091 1375 1115 ex
1397 1080 1476 1126 lege
1498 1079 1740 1126 maiorumque
1761 1089 1860 1127 prae-

305 1138 451 1184 scripto3
475 1137 567 1184 qnod
591 1137 868 1172 animadvertens
891 1137 1003 1172 Lucas
1025 1137 1211 1184 prudenter
1234 1137 1375 1179 adiecit,
1400 1134 1432 1170 ἐν
1455 1131 1476 1183 ᾖ
1501 1133 1563 1171 ἔδει
1587 1135 1732 1183 θύεσθαι,
1761 1137 1860 1184 quasi

305 1195 446 1230 Scribas
462 1205 503 1229 ac
517 1194 721 1230 Pharisaeos
739 1194 878 1240 oblique
893 1197 1047 1236 notaret,
1071 1194 1131 1240 qni
1151 1192 1184 1228 ἐν
1199 1189 1220 1242 ᾖ
1240 1193 1299 1228 οὐκ
1315 1191 1378 1228 ἔδει
1393 1193 1681 1229 sacrificaverant.
1711 1193 1862 1229 Adiuvat

306 1263 527 1287 communem
542 1251 631 1287 hanc
646 1251 964 1298 interpretationem
980 1251 1177 1286 coniectura
1190 1251 1252 1286 illa
1271 1254 1407 1294 nostra,
1431 1261 1538 1298 quam
1561 1255 1664 1286 antea
1682 1251 1862 1298 proposui⁶

306 1321 384 1344 mus
393 1337 402 1354 ,
419 1309 589 1344 eiusmodi
605 1312 687 1343 tunc
702 1308 813 1343 fuisse
827 1308 1063 1344 celebritatem
1077 1307 1252 1355 paschatis
1262 1335 1270 1351 ,
1287 1311 1327 1344 ut
1341 1319 1423 1344 cum
1437 1311 1658 1356 praepostere
1674 1319 1716 1344 ae
1729 1311 1861 1356 pertur-

306 1367 386 1401 bate
402 1378 423 1402 a
440 1367 586 1401 concilio
603 1366 844 1400 denuntiatum
861 1368 971 1408 esset,
994 1369 1098 1412 atque
1118 1365 1223 1400 etiam
1238 1365 1289 1401 illi
1303 1365 1452 1401 fortasse
1466 1366 1708 1412 praestitutam
1721 1374 1862 1402 neome-

305 1425 400 1459 niam
422 1423 666 1470 paschatisque
690 1422 782 1458 diem
803 1422 1055 1466 retexuissent,
1078 1423 1234 1469 plerique
1262 1434 1342 1458 cum
1363 1421 1500 1458 Christo
1523 1427 1558 1458 et
1577 1423 1744 1470 apostolis
1771 1423 1861 1459 diem

304 1482 402 1516 illum
419 1480 673 1516 observandum
689 1480 900 1527 putaverint,
926 1490 994 1526 quo
1015 1480 1114 1526 prius
1135 1482 1171 1515 et
1186 1479 1325 1526 quidem
1339 1479 1495 1526 legitimo
1512 1482 1668 1527 tempore
1683 1480 1798 1516 fuerat
1809 1480 1862 1516 in-

305 1539 434 1573 dictum
445 1565 454 1580 ‚
475 1549 590 1584 neque
604 1548 732 1572 vanam
753 1537 850 1572 illam
866 1537 1113 1584 magistrorum
1127 1537 1406 1572 retractationem
1422 1537 1627 1572 curaverint.
1656 1537 1711 1572 Ex
1727 1548 1796 1584 quo
1811 1537 1862 1572 fa-

305 1599 399 1631 ctum
416 1596 463 1630 sit
476 1599 516 1630 ut
531 1595 680 1642 apostoli
695 1598 817 1641 parata
832 1594 924 1641 apud
938 1594 1039 1629 illum
1053 1592 1228 1641 hospitem
1244 1594 1362 1629 omnia
1375 1594 1576 1641 repererint.

395 1651 666 1699 Συλλαμβάνεται
682 1651 717 1686 δὲ
734 1654 773 1699 τῇ·
789 1650 908 1698 τρίτῃ]
933 1651 1008 1687 Iam
1022 1650 1107 1686 haec
1122 1651 1242 1687 facilia
1255 1654 1352 1695 sunt,
1366 1651 1543 1687 intellecta
1557 1652 1666 1687 semel
1679 1651 1864 1699 Epiphanii

306 1710 488 1745 sententia.
514 1709 723 1755 Quanquam
737 1709 957 1744 librariorum
973 1708 1077 1755 culpa
1091 1708 1263 1755 quaedam
1279 1712 1363 1744 sunt
1377 1711 1545 1756 concepta
1558 1719 1758 1756 perperam3
1773 1719 1863 1756 quae

306 1779 350 1802 ex
367 1767 618 1813 diagrammate
635 1766 840 1813 corrigenda
856 1769 948 1801 sunt.
980 1765 1164 1801 Caeterum
1178 1764 1330 1813 ἡμερινὴν
1347 1776 1424 1802 eam
1438 1767 1560 1802 lunam
1574 1769 1690 1810 vocat,
1713 1776 1801 1814 quae
1816 1765 1862 1801 ci-

306 1825 417 1859 viliter
433 1825 478 1859 ab
494 1828 571 1859 ortu
586 1824 670 1859 solis
687 1823 731 1858 ad
748 1833 911 1859 occasum
926 1822 1144 1869 perducitur;
1160 1821 1342 1870 νυκτερινὴν
1353 1834 1435 1859 vero
1449 1834 1538 1870 quae
1553 1827 1693 1859 noctem
1705 1825 1861 1870 occupat.

306 1880 382 1922 Qua
398 1892 442 1915 ex
459 1881 700 1916 observatione
717 1883 899 1927 corruptae
914 1879 1072 1915 lectionis
1088 1879 1214 1915 vitium
1235 1891 1297 1927 per
1319 1890 1397 1915 sese
1410 1880 1578 1927 proditur.
1610 1879 1730 1916 Scribe
1744 1879 1862 1926 igitur,

307 1941 427 1973 autore
442 1937 607 1984 Keplero,
624 1936 755 1983 πέμπτη
772 1934 1013 1984 τριςκαιδεκᾶτη
1030 1935 1210 1983 νυκτερινὴ,
1226 1935 1359 1983 ἡμερινὴ
1373 1935 1409 1971 δὲ
1422 1934 1602 1981 δωδεκάτη.
1628 1935 1727 1979 Quod
1742 1936 1862 1983 utique

307 1995 542 2030 necessarium
558 1998 625 2036 est,
648 1994 678 2028 si
696 1990 806 2040 τετρὰς
821 1993 928 2028 fuerit
943 1991 1112 2037 δωδεκάτη
1129 1993 1303 2040 νυκτερινή.
1349 1992 1440 2029 Nam
1454 1992 1521 2029 hae
1536 1993 1607 2029 sibi
1619 1993 1769 2029 invicem
1785 2005 1862 2029 suc-

307 2052 450 2095 cedunt,
470 2055 510 2087 ut
532 2062 620 2101 quae
636 2049 799 2098 νυκτιρινὴ
814 2050 918 2085 fuerit
933 2049 995 2085 fiat
1010 2048 1154 2096 ἠμερινή.
1205 2049 1334 2085 Notum
1357 2050 1450 2086 enim
1473 2053 1527 2086 est
1548 2050 1694 2087 Iudaeos
1718 2061 1740 2086 a
1761 2054 1863 2087 nocte

308 2110 398 2145 diem
414 2109 597 2156 auspicari.
642 2107 791 2150 Deinde,
815 2105 1047 2155 προσάββατον
1070 2105 1395 2154 τεσσαρεςκαιδεκάτη
1418 2105 1581 2154 νυκτερινὴ
1604 2107 1668 2155 πρὸ
1686 2108 1862 2155 δεκατριῶν

308 2166 389 2200 Καλ.
437 2166 525 2202 Nam
543 2165 700 2212 superior
715 2164 788 2200 dies
805 2164 868 2211 πρὸ
886 2161 1132 2211 δεκατιοσάρων
1147 2163 1218 2199 iam
1234 2162 1366 2200 habuit.
1411 2164 1501 2209 Item
1517 2162 1683 2211 σάββατον
1699 2177 1862 2200 πεντεκαι-

309 2222 426 2267 δεκάτη
443 2222 616 2270 νυκτερινή.
663 2221 754 2257 Nam
770 2220 811 2257 de
827 2221 981 2257 Nicaena
996 2220 1079 2257 luna
1097 2220 1258 2268 loquitur,
1282 2231 1352 2256 non
1373 2220 1416 2257 de
1438 2220 1588 2257 Iudaica.
1635 2221 1729 2265 Quae
1747 2223 1862 2259 omnia

308 2292 351 2315 ex
369 2281 536 2327 superiori
551 2279 717 2315 laterculo
733 2277 920 2326 repetenda
934 2281 1027 2315 sunt.

399 2336 655 2383 Ἐπιφώσκουσα
671 2335 834 2383 κυριακή.]
873 2334 939 2379 Qui
960 2334 1052 2371 hunc
1073 2334 1256 2383 Epiphanii
1280 2335 1395 2371 locum
1414 2335 1599 2383 percurrit,
1623 2335 1806 2384 diligenter
1828 2338 1862 2374 id

308 2394 581 2430 animadvertere
593 2394 695 2429 debet
710 2392 802 2440 quod
818 2392 988 2441 superiori
999 2392 1240 2429 dissertatione
1256 2393 1396 2441 copiose
1410 2392 1575 2429 traditum
1591 2396 1662 2437 est,
1678 2394 1767 2430 falsa
1779 2394 1863 2431 haec

309 2463 385 2487 esse
403 2462 490 2499 quae
507 2451 548 2486 de
570 2452 653 2487 luna
675 2450 835 2486 dicuntur
857 2450 976 2486 omnia
998 2452 1034 2485 et
1055 2460 1098 2486 ex
1115 2448 1299 2497 Epiphanii
1316 2448 1585 2486 hallucinatione
1608 2451 1780 2498 protecta3
1804 2453 1863 2499 qui

310 2509 566 2556 aequinoctium
585 2519 606 2543 a
623 2519 703 2543 xxv.
715 2507 831 2543 Martii
848 2506 891 2542 ad
908 2517 1012 2550 xxm,
1034 2506 1265 2554 plenilunium
1279 2517 1361 2543 vere
1377 2505 1422 2543 ab
1438 2505 1560 2543 eadem
1575 2519 1656 2544 xxv.
1673 2508 1728 2544 die
1744 2520 1789 2545 ex
1805 2509 1863 2545 Ni-

310 2577 418 2601 nacna
434 2566 600 2607 formula,
622 2564 676 2600 vel
699 2564 814 2612 potius
834 2574 856 2599 a
871 2576 967 2600 xxvr.
982 2563 1123 2612 perinde
1139 2563 1183 2599 ad
1199 2575 1286 2600 xxrr.
1302 2563 1523 2600 transtulerit.
1569 2563 1644 2607 Quo
1667 2566 1782 2613 posito
1806 2577 1862 2614 cy-

310 2624 441 2659 olorum
459 2622 613 2659 omnium
631 2632 671 2657 ac
685 2621 851 2657 seriarum
874 2621 1043 2657 rationem
1066 2621 1278 2669 permiscuit.
1319 2620 1414 2664 Quae
1437 2630 1589 2669 quonam
1612 2626 1713 2670 pacto
1737 2625 1862 2672 corrigi

312 2685 469 2727 pcmnent,
486 2683 521 2715 et
537 2680 570 2715 in
588 2680 679 2715 viem
696 2678 740 2714 ab
757 2689 871 2715 errore
888 2678 1027 2722 deduci,
1043 2688 1149 2726 supra
1164 2677 1424 2716 declaravimus.
1452 2677 1564 2726 Igitur
1580 2690 1624 2714 ex
1641 2682 1693 2715 tet
1709 2691 1863 2718 errorum

311 2738 526 2780 argumentis
542 2741 623 2772 natu
641 2739 694 2771 est
705 2736 831 2772 vitiosa
846 2736 907 2772 illa
917 2735 1004 2772 feria
1019 2746 1111 2772 anno
1124 2734 1258 2772 Iuliano
1271 2746 1404 2780 axxvr..
1419 2733 1486 2771 hoo
1497 2739 1550 2771 est
1561 2735 1735 2773 dominica
1747 2738 1863 2775 Martii

314 2805 398 2829 xxn.
409 2820 418 2836 ,
440 2805 518 2828 cum
536 2804 653 2830 revera
669 2796 761 2829 esset
775 2793 863 2829 ieris
878 2805 910 2830 v.
947 2790 1204 2840 Ἔπιφώσκουσα
1220 2802 1303 2840 erge
1320 2790 1453 2841 κυριακὴ
1469 2792 1588 2829 lunam
1604 2792 1726 2830 habuit
1740 2807 1796 2833 xv.
1813 2795 1863 2832 di-

313 2861 446 2886 urnam.
489 2851 550 2886 ilic
567 2849 798 2898 ὶπιφώσκουσα
813 2850 951 2898 proprie
968 2850 1127 2886 sumitur.
1171 2849 1304 2898 Quippe
1321 2860 1407 2887 xxrr.
1423 2848 1478 2885 die
1494 2849 1538 2885 ab
1556 2854 1633 2886 ortu
1649 2852 1732 2887 solis
1749 2853 1864 2901 coepit

313 2919 369 2943 xv.
388 2907 519 2943 diurna.
563 2907 657 2943 Unde
674 2906 806 2955 ἣμιρινὴ
822 2918 884 2955 pro
901 2906 1064 2954 νυκτερινὴ
1080 2906 1336 2943 substituimus.
1370 2906 1531 2954 Alioquin
1547 2905 1567 2951 ἡ
1586 2907 1719 2956 κυριακὴ
1736 2921 1792 2946 xv.
1809 2922 1862 2944 νυ-

315 2962 437 3011 κτιρινὴ
454 2964 520 2999 dici
537 2969 664 3011 potent,
687 2964 716 2999 si
739 2965 813 3000 eius
836 2964 972 3000 initium
995 2964 1039 2999 ab
1061 2964 1284 3000 antecedente
1299 2966 1401 3000 nocte
1422 2967 1610 3012 reputatur.
1656 2965 1776 3014 Neque
1791 2977 1861 3003 vox

314 3020 544 3067 imepo'mouee
557 3021 740 3068 quiequam
754 3021 886 3065 obsim
903 3031 992 3068 quae
1006 3031 1172 3069 persaepe
1184 3021 1226 3058 de
1241 3020 1459 3058 illucescente
1474 3021 1544 3068 dle,
1562 3033 1813 3071 nonnunquam
1829 3028 1862 3060 et
