2008 3294
1628 124 1749 160 XXIII

288 229 352 273 Ὃς
366 231 554 280 Αὔγουστος
571 228 659 278 παρὰ
675 229 876 278 ‘Panna-1053
899 229 973 268 Imo
990 240 1071 266 veto
1088 230 1302 278 September.
1337 229 1408 265 Sed
1422 228 1540 265 nescio
1556 232 1674 264 utrum
1689 228 1747 264 isti

196 289 322 327 Iuliani
336 300 378 325 ac
393 288 618 329 solarisanni
631 288 783 335 primum
797 298 954 338 mensem
967 287 1005 325 in
1016 286 1178 334 Augusto
1196 287 1389 323 defixerint.

288 347 461 393 Γορπιαῖος
491 343 526 380 δὲ
547 342 635 392 παρὰ
656 345 847 392 Μακεδόσι]
877 343 918 381 In
937 343 1129 392 Alogorum
1149 342 1292 380 Haeresi
1312 343 1376 379 No.
1393 356 1489 380 xxrv.
1513 343 1618 390 longe
1640 343 1746 378 aliam

199 403 412 441 Graecorum
430 394 605 439 mensium
627 402 879 445 ordinationem
901 401 1065 448 sequitur.
1103 401 1193 437 Nam
1218 401 1446 444 Graecorum,
1469 400 1541 436 sive
1565 400 1744 447 Syrorum,

195 461 405 508 Audynaeus
419 459 597 502 Ianuario,
612 459 700 495 Dius
714 459 902 496 Novembri
914 457 1109 507 respondet.
1147 458 1194 493 At
1208 458 1274 494 hoc
1288 460 1365 494 loco
1379 458 1544 504 quoniam
1558 457 1743 505 Apellaeus

196 529 277 554 cum
297 519 457 564 Augusto
480 516 669 562 confertur,
692 516 872 553 Ianuarius
900 516 965 553 erit
982 515 1206 558 Artemisius‚
1229 519 1264 550 et
1283 515 1432 562 Dystrus
1454 515 1659 550 November.
1704 515 1744 550 In

194 575 427 612 Macedonicis
442 574 621 610 mensibus
636 574 751 620 magis
773 573 839 609 sibi
853 577 1107 611 consentaneus
1130 577 1192 608 est.
1239 572 1329 608 Nam
1350 573 1420 607 illio
1442 572 1625 619 Apellaeus
1643 572 1744 607 Octo-

194 633 267 669 bris
281 632 337 668 die
352 643 447 668 xxxv.
463 631 587 678 coepit.
617 630 714 666 Unde
731 642 945 679 consequens
960 633 1014 667 est
1026 629 1236 680 Gorpiaenm
1252 630 1402 676 Augusti
1413 632 1547 676 partem
1564 640 1743 677 occupare.

195 690 258 727 Est
278 692 397 728 autem
415 681 719 725 Macedonicorum
747 699 788 724 ao
809 687 1199 735 Syromacedonicorum
1209 714 1218 730 ,
1249 698 1337 734 quos
1366 686 1578 722 Graecorum
1604 687 1745 722 nomine

195 743 363 795 appellat,
377 746 551 782 mensium
565 746 662 781 varia
676 745 861 790 admodum
876 755 940 782 nec
955 745 1041 787 satis
1053 745 1226 792 explicata
1240 744 1436 791 dispositio:
1454 743 1495 778 de
1513 755 1582 790 qua
1597 755 1744 790 agemus

194 804 240 841 ad
254 804 446 851 Alogorum
459 802 599 838 haresin
613 803 780 850 pluribus.
825 802 967 839 Interim
982 801 1081 838 valde
1097 802 1253 849 suspicor
1269 813 1330 848 pro
1348 801 1511 847 Apellaeo
1533 800 1598 836 hoc
1615 801 1651 836 in
1667 802 1743 836 loco

194 860 474 898 substituendum
496 871 573 895 esse
588 859 718 903 Loum;
733 860 802 896 nisi
816 860 852 896 in
869 870 910 896 eo
926 870 1063 906 quoque
1074 858 1309 895 hallucinatus
1324 858 1371 894 sit
1385 857 1609 905 Epiphanius.

283 917 344 952 Καὶ
361 915 452 957 εὐθὺς
475 914 515 951 τὰ
531 914 660 964 ’Ἃζυμα
676 915 884 961 ἐπιτελοῦσι]
921 916 1038 952 Potuit
1051 916 1137 952 haec
1160 916 1261 955 certis
1283 926 1329 952 ex
1345 914 1523 951 autoribus
1543 916 1744 962 comperire,
1800 939 1805 945 ·
1855 939 1861 946 -

192 975 249 1011 vel
264 985 383 1011 coram
398 974 581 1011 observare
595 975 680 1022 ipse.
729 973 841 1017 Quare
863 985 935 1010 non
949 977 1078 1012 temere
1097 973 1139 1009 de
1154 968 1339 1021 Epiphanii
1353 971 1421 1008 fide
1438 971 1663 1008 dubitandum
1681 978 1743 1015 est,

195 1031 288 1079 qnod
302 1032 339 1067 in
350 1031 500 1067 Elencho
515 1031 600 1067 facit
615 1031 781 1078 Scaliger.

283 1087 333 1124 Οὐ
349 1088 412 1136 μὴν
429 1087 465 1124 ek
480 1088 670 1133 ἐπείσθησαν
687 1090 755 1131 τοῖς
766 1088 979 1135 Σεβουαίοις.]
1000 1088 1094 1124 Haec
1109 1088 1164 1125 vel
1176 1087 1290 1124 aliena
1305 1087 1349 1122 ab
1362 1086 1534 1129 hocloco,
1551 1088 1604 1122 vel
1620 1099 1743 1134 parum

195 1146 331 1185 sincera
343 1146 514 1183 videntur.
563 1146 658 1188 Quae
673 1146 724 1182 ita
737 1145 826 1182 forte
841 1145 1053 1182 restituenda
1067 1149 1164 1184 sunt:
1188 1144 1237 1180 Οὐ
1254 1143 1318 1191 μὴν
1342 1144 1377 1178 δὲ
1393 1142 1584 1188 ἐπείσθησαν
1603 1147 1668 1184 τοῖς
1686 1146 1743 1179 Σε-

193 1200 335 1250 βουόιίοις
350 1202 524 1250 Γορθηνοὶ,
546 1202 600 1238 καὶ
616 1202 646 1237 οἱ
662 1200 774 1249 ἄλλοι,
795 1202 861 1238 hoc
877 1206 931 1239 est
945 1202 1112 1239 Dosithei.
1157 1201 1343 1238 Gomarius
1364 1202 1414 1237 ita
1435 1202 1583 1249 legerat:
1608 1202 1657 1236 Οὐ
1681 1202 1743 1248 μὴν

193 1258 292 1298 ἔπεια,
308 1262 376 1302 τοῖς
391 1259 466 1307 Σεβ.
483 1259 513 1294 οἱ
528 1257 643 1306 ἄλλοι,
660 1263 837 1308 expuncta
850 1271 936 1296 voce
958 1258 1125 1308 Γορθηνοί.

566 1363 628 1400 AD
651 1363 884 1400 nfflsm
904 1364 984 1402 xn.
1012 1334 1366 1400 eonrmomm„

284 1432 440 1479 Γορθηνοὶ
456 1431 510 1477 δὲ,
526 1432 580 1470 καὶ
596 1431 626 1467 οἱ
642 1430 738 1468 ἄλλοι
753 1431 931 1480 Ἐσσηνοί]
954 1434 1043 1472 Mire
1057 1434 1253 1481 implicatus
1265 1437 1300 1471 et
1310 1433 1486 1470 involutus
1501 1433 1557 1470 hic
1570 1434 1667 1470 locus
1680 1441 1742 1470 est.

193 1489 284 1527 Nam
297 1501 386 1538 quos
400 1490 554 1538 repetitis
576 1489 671 1526 hisce
692 1490 854 1534 vocibus,
882 1488 994 1538 ἄλλοι,
1023 1489 1134 1531 ἄλλων
1150 1495 1185 1527 et
1199 1489 1344 1537 ἐκείνοις,
1368 1491 1556 1539 intelligat,
1580 1492 1744 1527 extricari

192 1548 254 1584 vix
264 1550 390 1595 potest.
434 1547 600 1591 Nonnihil
615 1558 894 1595 assequeremur,
915 1549 946 1584 si
961 1549 1002 1585 de
1018 1548 1158 1584 Essenis
1172 1549 1250 1584 istis
1266 1552 1454 1592 constaret,
1471 1560 1558 1596 quos
1576 1550 1664 1584 iuter
1680 1549 1742 1585 Sa-

191 1605 380 1651 maritanus
394 1597 485 1642 unus
498 1604 712 1653 Epiphanius
727 1609 943 1642 annumerat.
986 1606 1094 1654 Atqui
1107 1606 1181 1642 veri
1195 1610 1230 1642 et
1245 1606 1370 1653 γνήσιοι
1383 1606 1524 1650 Esseni,
1541 1618 1628 1654 quos
1644 1607 1741 1642 Philo

192 1673 233 1698 ac
247 1660 392 1698 Iudaeus
417 1661 597 1708 exhibent,
624 1661 711 1698 nihil
737 1674 817 1698 cum
832 1663 907 1699 istis
923 1664 1078 1700 moribus
1103 1667 1207 1711 atque
1230 1674 1273 1699 ea
1293 1664 1463 1700 festorum
1485 1665 1742 1711 perturbatione

193 1720 390 1755 commercii
403 1718 607 1756 habuerunt.
653 1714 887 1756 Divinandum
909 1722 1138 1767 igitur'nobis
1162 1726 1230 1764 est,
1254 1726 1288 1756 et
1310 1722 1346 1757 in
1362 1722 1512 1757 tenebris
1529 1722 1742 1756 attrectanda

192 1777 335 1820 veritas,
353 1776 444 1824 quod
467 1777 610 1827 minime
625 1777 859 1824 desperamus.
898 1777 1092 1814 Serrarium
1112 1779 1169 1815 hic
1191 1780 1303 1826 agitat
1323 1779 1479 1825 Scaliger
1502 1778 1644 1814 Eleuohi
1667 1790 1739 1825 cap.

191 1847 267 1883 xx,
277 1837 312 1871 et
325 1835 450 1871 mitam
464 1834 498 1871 ei
507 1833 813 1872 hallucinationem
821 1836 954 1880 obiicit,
971 1836 1063 1884 quod
1076 1847 1119 1873 ex
1132 1837 1174 1872 iis
1186 1836 1370 1884 Epiphanii
1381 1836 1495 1871 verbis
1504 1863 1512 1878 ,
1529 1836 1581 1870 καὶ
1599 1835 1628 1870 οἱ
1645 1834 1740 1870 ἄλλοι

193 1891 360 1939 Ἐσσηνοὶ,
376 1890 505 1939 duplex
520 1891 564 1928 ab
579 1892 639 1929 iuo
655 1902 767 1939 genus
782 1892 994 1930 Essenorum
1010 1894 1154 1940 agnosci
1169 1894 1206 1929 in
1221 1893 1434 1930 Trihaeresio
1451 1894 1645 1941 scripserat.
1664 1894 1740 1941 Ipse

190 1951 308 1988 autem
322 1949 438 1995 nullos
453 1949 541 1986 alios
555 1948 707 1988 Essenos
723 1950 837 1987 videre
853 1962 890 1986 se
907 1950 1007 1994 dicit,
1027 1955 1163 1999 praeter
1184 1963 1244 1986 eos
1266 1963 1354 1999 quos
1377 1951 1511 1987 decima
1527 1949 1664 1986 haeresi
1678 1963 1739 1998 po-

191 2007 271 2051 suit-
315 2006 410 2043 Nam
423 2012 538 2059 recta,
553 2006 682 2055 inquit,
699 2014 777 2043 erat
790 2009 912 2043 locum>
928 2008 1101 2056 Γορθηνοὶ,
1119 2008 1171 2043 καὶ
1189 2007 1218 2043 οἳ
1235 2006 1346 2043 ἄλλοιε
1363 2010 1424 2044 sed
1439 2011 1518 2055 quia
1534 2012 1623 2043 inter
1639 2008 1739 2043 Em-

189 2076 250 2101 ἰω
265 2070 298 2101 et
311 2075 366 2101 eos
381 2065 422 2100 de
448 2064 565 2111 quibua
592 2065 738 2112 loquitur
756 2066 942 2102 Gortlaenos
958 2067 1061 2102 medii
1081 2069 1253 2103 interiecti
1277 2072 1355 2100 sunt
1366 2065 1527 2108 Sebuaea‘,
1555 2078 1595 2101 ue
1618 2068 1660 2101 de
1679 2067 1738 2100 Se-

190 2122 308 2162 buaes‘s
320 2122 492 2162 videretur
506 2122 612 2168 loqui,
628 2123 758 2158 adiecit
770 2121 804 2164 ἐξ
825 2121 997 2171 ἐπιμέτρου
1014 2123 1168 2159 Essenos.
1200 2124 1295 2159 Idem
1311 2123 1468 2170 Scaliger
1483 2122 1580 2170 ἐγγὺς
1597 2115 1662 2158 τῶν
1681 2121 1738 2157 ἆλ-

191 2178 260 2214 λων
275 2177 318 2216 ‹le
332 2177 500 2216 Sebuaeis
515 2179 669 2227 exponit.
715 2178 810 2222 Quae
830 2180 1066 2228 interpretatio
1090 2193 1160 2217 non
1182 2181 1301 2229 inepta
1315 2181 1437 2224 modo,
1461 2181 1523 2216 sed
1544 2180 1737 2228 Epiphanio

190 2235 260 2284 ipsi
274 2235 443 2272 contraria
457 2238 522 2273 est.
567 2234 657 2273 Nam
678 2248 723 2273 ex
746 2248 788 2272 ea
808 2238 962 2285 sequitur
975 2237 1207 2286 Epiphaniam
1222 2239 1311 2275 velle
1328 2237 1521 2274 Gorthenos
1538 2242 1573 2272 et
1586 2238 1737 2273 Essenos

191 2293 430 2347 Sebuaeorum
449 2293 581 2330 vicinos
607 2293 728 2331 eadem
755 2305 834 2331 oum
859 2295 944 2342 ipsis
960 2295 1089 2339 facere,
1106 2295 1146 2331 τὰ
1165 2295 1222 2330 ἴσα
1238 2294 1366 2336 ἐκείνοις
1383 2294 1542 2342 πράττειν.
1582 2295 1633 2330 Ad
1651 2307 1736 2342 quos

191 2351 289 2387 enim
303 2345 342 2385 το
359 2348 503 2396 ἐκείνοις,
525 2350 595 2386 nisi
616 2350 660 2387 ad
675 2350 851 2389 Sebuaeos
874 2353 1083 2399 pertinebit?
1128 2353 1202 2388 Hoc
1223 2357 1338 2388 autem
1362 2353 1650 2388 absurdissimum
1673 2357 1736 2396 est,

192 2419 271 2445 cum
287 2411 323 2444 et
337 2410 441 2443 antea
455 2407 597 2451 dixerit,
621 2411 655 2443 et
669 2409 815 2444 subinde
830 2413 986 2453 moneat,
1011 2409 1206 2455 Gorthenos
1226 2411 1351 2445 saltem
1373 2421 1394 2444 a
1410 2410 1576 2445 Sebuaeis
1591 2421 1735 2458 magno-

191 2476 274 2514 pere
289 2465 505 2502 dissensisse.
552 2463 639 2500 Cum
658 2460 765 2511 igitur
787 2466 968 2502 manifeste
991 2465 1046 2502 hic
1068 2467 1104 2501 in
1119 2466 1243 2502 mendo
1260 2467 1358 2502 locus
1374 2466 1532 2510 haereat,
1555 2467 1734 2503 videamus

192 2521 484 2571 quemadmodum
495 2522 668 2558 recenseri
681 2522 804 2569 possit.
850 2521 891 2558 Iu
905 2522 1216 2588 ‘Anacephalaeosh
1240 2534 1328 2570 quae
1352 2535 1525 2559 summam
1546 2523 1733 2560 haereseon

192 2579 441 2628 oomplectitur,
466 2578 762 2615 Samaritanorum
777 2582 846 2615 tres
862 2580 992 2627 priores
1007 2583 1131 2616 sectae
1137 2581 1187 2626 ita
1201 2581 1347 2615 breviter
1363 2581 1594 2629 explicantur:
1611 2581 1733 2628 Γορθη-

193 2636 258 2683 νοὶ,
281 2635 310 2671 οἱ
331 2633 443 2676 ἄλλοις
464 2638 586 2684 καιροῖς
608 2634 663 2676 τὰς
687 2634 798 2683 ἑορτὰς
820 2633 951 2682 ἄγοντες
973 2634 1061 2683 παρὰ
1082 2638 1157 2678 τοὺς
1178 2636 1382 2683 Σεβουαίους.
1421 2637 1592 2685 Σεβουαῖοι
1609 2637 1660 2673 διὰ
1675 2638 1733 2684 τὴν

194 2692 292 2739 αὐτὴν
308 2692 410 2728 αἰτίαν
426 2694 491 2728 τῶν
508 2691 629 2740 ἑορτῶν
646 2692 727 2740 πρὸς
743 2694 818 2733 τοὺς
834 2692 1014 2740 Γορθηνοὶις
1031 2694 1270 2742 διαφερόμενοι·
1300 2692 1452 2739 Ἐσσηνοὶ
1469 2694 1546 2742 μηδ’
1563 2694 1732 2744 ὁποτέραις

193 2750 436 2799 ἐναντιούμενοι,
451 2752 520 2791 τοῖς
537 2749 572 2785 δὲ
584 2749 886 2797 παρατυγχάνουσιν
899 2749 1102 2798 ἑορτάζοντες
1115 2749 1316 2798 ἀδιαφόρωςε
1338 2752 1508 2795 θοντΙιεηί,
1521 2756 1579 2800 qui
1589 2755 1732 2790 dirersis

195 2821 218 2844 a
231 2807 393 2845 Sobuaeis
406 2808 606 2854 temporibus
611 2809 707 2853 festa
724 2808 909 2842 celebrant.-
924 2806 1084 2850 Sebuaei,
1100 2812 1159 2855 qui
1172 2809 1211 2843 ob
1226 2809 1290 2844 illa
1305 2811 1382 2855 ipsa
1390 2811 1488 2856 festa
1511 2824 1534 2846 a
1553 2811 1733 2846 Gorehem's

195 2865 375 2915 dissident:
388 2865 513 2902 Esseni
526 2867 653 2900 neutris
669 2866 899 2907 adversantes,
920 2869 957 2899 in
979 2877 1192 2912 quoscumque
1207 2867 1404 2909 inciderint,
1426 2870 1498 2902 sine
1519 2869 1585 2903 ullo
1608 2871 1729 2904 discri-

195 2925 282 2957 utine
287 2925 383 2968 festa
399 2934 472 2958 cum
486 2924 571 2969 ipsis
585 2922 712 2958 obeunt.
751 2921 791 2956 In
814 2921 987 2958 Breviario
1014 2922 1100 2957 tomi
1120 2921 1238 2966 huius,
1262 2923 1353 2970 quod
1377 2925 1489 2972 operis
1511 2926 1610 2961 initio
1633 2938 1729 2973 prae·

195 2978 308 3016 fixum
330 2983 397 3023 est,
417 2979 455 3016 in
471 2978 656 3015 Gorthenis
678 2989 741 3025 pro
757 2990 797 3015 eo
815 2978 905 3025 quod
922 2982 975 3014 est
990 2976 1077 3026 παρὰ
1092 2979 1167 3020 τοὺς
1182 2980 1391 3028 Σεβουαίους,
1410 2994 1589 3030 perperam
1603 2983 1729 3031 legitur
