2008 3294
317 176 438 215 XXVI

317 284 475 327 impietas
490 282 576 316 haec
583 284 708 327 fateri.
749 281 899 317 Proinde
920 283 1115 317 execranda
1137 283 1202 316 illa
1223 285 1390 318 sententia
1401 282 1574 326 Serrarii,
1598 287 1656 328 qui
1676 296 1740 319 non
1759 287 1868 319 minus

317 341 419 384 impie
434 351 534 384 quam
550 339 695 372 ridicule
711 350 786 372 eam
801 343 923 374 tuetur.
959 338 1051 374 Nam
1067 338 1160 385 quod
1176 338 1225 373 ait
1240 341 1367 386 πνεῦμα
1381 339 1451 375 illic
1466 340 1540 375 sine
1557 341 1700 376 articulo
1715 342 1868 387 positum

318 397 477 431 universe
509 395 616 438 sumi,
645 406 724 431 cum
750 397 790 429 ut
816 395 977 442 spiritum
996 399 1156 431 sanctum
1182 395 1412 442 significaret,
1439 397 1477 430 το
1495 400 1622 443 πνεῦμα
1649 398 1868 433 scribendum

316 453 436 496 fuerit,
453 452 544 498 quod
560 452 620 487 diu
634 455 715 487 ante
730 452 948 499 Scaliger-um
962 453 1118 488 Salmero
1134 455 1254 487 noster
1269 453 1528 497 observaverat,
1543 453 1630 489 nihil
1645 454 1689 490 ad
1703 465 1778 490 rem
1791 467 1868 501 per-

317 511 414 546 tinet.
460 509 598 544 Etenim
612 520 717 556 saepe
732 512 859 556 πνεῦμα
877 509 953 545 sine
973 510 1115 545 articulo
1138 520 1201 556 pro
1217 510 1344 556 spiritu
1363 515 1484 547 sancto
1507 512 1545 546 in
1566 511 1746 558 scripturis
1768 522 1868 547 usur-

317 571 436 614 patur3
460 570 501 603 ut
514 567 635 604 Ioann.
653 578 705 610 111,
721 566 757 602 5:
781 567 864 602 Nisi
877 570 951 613 quie
965 574 1104 602 renatus
1116 569 1231 612 fuerit
1250 579 1291 601 ex
1311 579 1402 612 aqua
1418 574 1452 603 et
1463 570 1608 614 spiritu.-
1631 566 1664 608 ἐξ
1680 567 1799 609 ὕδατος
1815 568 1868 603 καὶ

318 625 517 670 πνεύματος;
546 628 582 659 et
601 624 679 659 aliis
705 624 744 659 in
768 624 874 667 locis,
905 635 1053 670 quorum
1074 624 1243 659 nonnulla
1261 624 1392 670 profert
1409 625 1447 660 in
1473 625 1656 660 Minervali
1683 613 1869 661 Sei-rarius.

318 681 430 724 Quare
445 693 517 716 non
531 678 762 728 improbanda
774 680 860 716 haec
873 681 1060 728 Epiphanii
1073 681 1310 727 interpretatio
1325 681 1477 725 videtur,
1493 682 1635 716 tametsi
1649 681 1691 717 de
1707 682 1782 718 solo
1799 683 1868 729 spi-

316 739 385 774 ritu
400 742 521 774 sancto
535 739 691 784 praecise
704 739 859 775 locutum
874 742 1012 785 putaret
1026 739 1290 784 evangelistam.
1319 737 1418 780 Quod
1432 749 1574 773 necesse
1588 750 1661 774 non
1677 742 1741 774 est.
1771 739 1869 775 Hanc

317 795 687 836 enimsaduoaeorum
696 799 850 831 mentem
864 795 974 831 fuisse
989 796 1163 842 suspicor,
1179 798 1219 830 ut
1230 795 1389 842 spiritum
1405 806 1544 830 omnem
1553 821 1562 838 ,
1578 794 1644 831 hoc
1659 800 1713 831 est
1727 807 1868 842 πνευμα-
1907 828 1924 834 ,

317 852 405 897 τικὴν
418 852 542 898 οὐσίαν,
556 852 711 888 funditus
722 854 893 896 tollerent,
907 853 1054 899 ideoque
1066 863 1271 899 corporeum
1283 863 1359 888 esse
1372 852 1476 888 deum
1487 856 1696 896 assererent,
1713 857 1754 888 ut
1762 853 1869 899 Lyra-

317 922 382 945 nus
398 910 587 946 existimat.
630 909 688 945 Ex
709 921 778 957 quo
805 910 1028 956 consequitur
1055 910 1162 944 etiam
1182 910 1344 956 spiritum
1370 913 1532 945 sanctum
1558 910 1636 946 illos
1660 910 1867 958 abnegasse.

317 967 414 1002 Unde
440 967 564 1005 merito
590 967 635 1002 ab
657 966 849 1014 Epiphanio
877 967 1023 1013 aliisque
1054 967 1185 1002 dictum
1207 970 1262 1002 est
1284 966 1504 1017 Sadducaeos
1527 967 1688 1015 spiritum
1710 970 1869 1003 sanctum

316 1025 515 1071 ignorasse,
531 1027 572 1060 ut
585 1034 663 1060 eam
678 1035 724 1059 ex
739 1027 812 1059 toto
828 1035 957 1070 genere
973 1025 1038 1058 τῶν
1055 1022 1247 1071 πνευμάτων
1263 1024 1416 1070 speciem
1433 1024 1639 1071 deligerent,
1656 1035 1726 1072 qua
1739 1029 1869 1071 negata

314 1082 429 1117 maius
443 1082 496 1117 illi
509 1082 579 1119 sibi
591 1081 778 1127 impietatis
795 1081 926 1116 crimen
942 1085 1164 1116 arcesserent.

407 1139 457 1172 Τὰ
473 1137 578 1173 πάντα
594 1138 628 1173 δὲ
641 1137 699 1172 ἴσα
714 1138 928 1185 Σαμαρείταις
941 1137 1165 1184 φυλάττουσι]
1180 1138 1339 1173 Etiamne
1350 1149 1468 1174 sacros
1484 1150 1604 1174 omnes
1616 1139 1724 1174 libros
1734 1142 1869 1186 praeter

314 1195 586 1232 Pentateuchum
599 1195 843 1242 repudiarunt?
865 1195 1051 1231 Affirmant
1064 1199 1197 1230 veteres
1219 1206 1340 1230 omnes
1363 1196 1566 1242 praesertim
1582 1196 1769 1243 Origenes,
1785 1197 1868 1233 Ter-

315 1254 499 1296 tullianus,
524 1253 772 1299 Hieronymus,
798 1252 909 1296 Beda,
935 1252 1030 1288 Elias
1058 1263 1196 1299 quoque
1211 1248 1401 1296 Thisbites‚
1425 1253 1567 1299 aliique,
1592 1265 1678 1300 quos
1695 1253 1867 1289 Sonarius

315 1315 422 1347 testes
437 1311 531 1346 citat.
554 1310 670 1356 Negat
683 1314 802 1346 autem
817 1310 973 1356 Scaliger
988 1313 1023 1345 et
1037 1310 1248 1347 contrarium
1264 1320 1462 1345 asseverare
1476 1310 1664 1357 Iosephum
1679 1311 1866 1347 existimat.

314 1369 385 1404 Sed
406 1372 544 1403 tantum
565 1368 666 1403 abest
686 1371 727 1402 ut
749 1370 869 1403 contra
888 1366 1057 1414 Iosephus
1079 1368 1224 1411 sentiat,
1251 1371 1292 1403 ut
1312 1368 1344 1402 is
1368 1377 1590 1403 communem
1603 1368 1702 1403 illam
1714 1369 1774 1404 lib.
1790 1381 1868 1406 xm.

315 1426 410 1472 Orig.
426 1436 502 1472 cap.
520 1437 609 1462 xvm
635 1425 844 1460 sententiam
869 1424 1026 1460 videatur
1050 1424 1236 1460 adstruere.
1287 1424 1398 1460 Docet
1418 1425 1512 1460 enim
1533 1424 1736 1461 Pharisaeos
1757 1426 1868 1475 multa

314 1484 442 1530 populo
465 1482 665 1525 tradidisse,
690 1480 770 1529 ἅπερ
794 1481 854 1516 οὐκ
878 1480 1122 1529 ἀναγέγραπται
1144 1479 1176 1516 ἐν
1200 1483 1268 1522 τοῖς
1291 1481 1460 1522 Μωῦσέως
1475 1482 1602 1529 νόμοις·
1624 1482 1678 1525 καὶ
1699 1480 1752 1518 διὰ
1767 1485 1869 1518 τοῦτο

315 1543 418 1575 ταῦτα
433 1540 471 1574 τ“ο
488 1539 721 1574 Σαδδουκαίων
734 1538 825 1586 γένος
841 1537 1011 1585 ἐκβάλλει,
1033 1537 1141 1585 λέγων
1157 1537 1262 1573 ἐκεῖνα
1278 1538 1344 1573 δεῖν
1364 1537 1513 1586 ἡγεῖσθαι
1527 1540 1651 1586 νόμιμα
1665 1539 1866 1589 τὰχγεγραμ-

316 1597 412 1644 μένα,
435 1596 476 1631 τὰ
492 1595 527 1632 δὲ
543 1595 579 1630 ἐκ
600 1596 814 1643 παραδόσεως
829 1597 896 1630 τῶν
913 1595 1062 1642 πατέρων
1079 1594 1124 1642 μὴ
1145 1597 1262 1642 τηρεῖν.
1309 1595 1504 1632 Sadducaei
1517 1596 1624 1643 igitur
1639 1599 1759 1632 autore
1773 1597 1866 1635 Iose-

314 1654 382 1702 pho
406 1655 484 1691 sola
505 1653 591 1689 haec
614 1653 816 1690 asciscenda
837 1653 1121 1699 observandaque
1144 1653 1304 1698 dicebant
1327 1664 1416 1699 quae
1444 1656 1562 1689 essent
1584 1654 1713 1701 scripta
1742 1652 1774 1688 ἐν
1797 1656 1866 1696 τοῖς

315 1712 484 1752 Μωῢσέως
501 1712 624 1758 νόμοις,
671 1711 770 1754 Quod
785 1714 820 1746 et
834 1711 894 1746 lib.
910 1722 1016 1754 xvm,
1033 1721 1108 1758 cap.
1126 1722 1154 1746 11
1169 1710 1223 1746 his
1239 1710 1353 1745 verbis
1377 1711 1565 1758 expressit:
1591 1709 1737 1761 φυλακῆς
1759 1710 1795 1746 δὲ
1810 1710 1866 1746 οὖ-

316 1770 429 1816 δαμῶς
445 1781 540 1804 τινων
558 1768 767 1816 μεταποίησις
785 1767 912 1815 αὐτοῖς,
929 1767 950 1813 ἥ
967 1768 1032 1803 τῶν
1052 1768 1174 1815 νόμων.
1222 1767 1314 1803 Sane
1331 1771 1391 1804 aut
1405 1767 1490 1804 haec
1505 1766 1644 1815 Iosephi
1658 1769 1765 1804 verba.
1780 1768 1866 1807 Sad-

316 1827 466 1864 ducaeos
481 1826 636 1863 indicant
650 1827 765 1862 nullos
780 1826 868 1866 alios
885 1836 989 1872 quam
1004 1825 1114 1861 Mosis
1130 1825 1237 1861 libros
1253 1825 1453 1869 admisisse,
1476 1828 1536 1861 aut
1554 1825 1678 1862 saltem
1688 1837 1758 1863 non
1781 1826 1866 1864 illud

317 1885 408 1931 quod
425 1895 447 1920 a
462 1883 638 1930 Scaligero
655 1887 729 1919 tam
744 1883 964 1930 pertinaciter
978 1886 1172 1929 pugnatur,
1194 1882 1368 1927 efficiunt,
1390 1886 1429 1919 ut
1449 1893 1568 1918 sacros
1585 1894 1704 1919 omnes
1721 1884 1865 1932 scriptu-

315 1953 374 1977 rae
389 1942 496 1977 libros
513 1942 667 1988 amplexi
681 1941 768 1984 sint,
786 1940 842 1980 τὰς
858 1938 1023 1987 ἀγράφους
1035 1939 1244 1987 ,δευτερώσεις
1259 1940 1448 1977 reiecerint.
1485 1940 1570 1987 Agit
1591 1940 1686 1976 enim
1705 1941 1766 1977 illo
1787 1942 1864 1977 loco

315 2000 497 2047 praecipue
514 1997 680 2046 Iosephus
703 1997 774 2045 περὶ
797 1998 984 2045 πρακτικῶν
1005 1996 1168 2048 νομίμων,
1191 1997 1233 2033 de
1250 1997 1372 2034 ritibus
1388 2008 1429 2033 ae
1457 1997 1764 2034 consuetudinibus
1793 1999 1865 2035 sive

271 2082 277 2088 .
316 2057 471 2103 legibus,
493 2055 620 2103 quibus
641 2055 818 2103 agendum
839 2054 970 2101 aliquid
986 2055 1248 2101 praescribitur,
1273 2065 1362 2102 quae
1377 2055 1413 2090 in
1431 2055 1506 2091 solo
1522 2054 1595 2091 fere
1609 2055 1719 2091 Mosis
1741 2055 1864 2093 Penta·
1915 2054 1918 2057 ⁴

315 2112 440 2150 teucho
457 2113 686 2151 continentur.
725 2112 822 2149 Unde
838 2123 918 2149 cum
933 2111 1127 2149 Sadducaei
1144 2112 1360 2160 exciperent,
1376 2122 1418 2148 ea
1439 2112 1611 2148 duntaxat
1633 2123 1722 2160 quae
1738 2114 1866 2162 scripta

315 2175 414 2207 erant
429 2170 604 2207 observari
620 2170 759 2214 debere,
783 2170 878 2206 solos
893 2169 1026 2216 Moysis
1041 2169 1166 2214 libros,
1183 2170 1308 2216 quibus
1325 2168 1365 2204 τὰ
1380 2170 1504 2217 νόμιμα
1519 2169 1864 2217 comprehenduntur,

314 2229 572 2276 intelligebant,
594 2239 667 2264 nen
692 2226 876 2263 historicos
899 2230 960 2263 aut
981 2226 1201 2275 propheticos
1224 2226 1350 2271 libros,
1374 2227 1500 2274 quibus
1523 2238 1634 2263 novae
1655 2227 1789 2274 nullae,
1806 2233 1865 2266 aut

317 2296 530 2335 perpaucae,
546 2285 755 2322 cerimoniae
771 2284 1037 2332 praecipiuntur.
1077 2283 1220 2320 Caetera
1235 2284 1326 2332 apud
1343 2283 1534 2327 Serrai-ium
1549 2284 1637 2321 vido.

555 2402 558 2408 ¹
608 2388 668 2425 AD
692 2387 918 2426 HAERESIN
939 2387 1031 2432 XV„
1055 2386 1174 2431 QUAE
1196 2386 1281 2424 EST
1303 2387 1575 2426 SCRIBARUM.

405 2458 606 2495 Scribarum
627 2458 711 2495 ordo
733 2469 845 2504 neque
867 2457 1032 2494 Iudaismi
1052 2456 1204 2493 haeresis
1226 2457 1310 2502 fuit,
1325 2467 1437 2505 neque
1460 2457 1540 2504 πρὸς
1563 2457 1763 2505 Φαρισαίους
1779 2456 1863 2499 ἀντι·

318 2515 599 2563 διαστελλόμενος.
622 2515 714 2552 Nam
729 2519 764 2551 et
779 2515 922 2552 Scribae
938 2515 1091 2563 plerique
1106 2513 1299 2559 Pharisaei,
1320 2526 1391 2552 non
1406 2518 1522 2552 tamen
1538 2526 1676 2560 omnes3
1700 2517 1863 2564 quemad·

316 2574 458 2610 modum
481 2574 570 2610 inter
592 2572 773 2620 theologos
795 2571 952 2609 nonnulli
966 2571 1128 2608 monachi
1150 2576 1185 2608 et
1199 2572 1354 2609 arctioris
1375 2572 1466 2609 vitae
1491 2572 1714 2620 professores.
1753 2573 1863 2619 Theo-

318 2630 502 2679 phylactus
518 2631 553 2667 in
568 2631 699 2668 Lucam
715 2640 791 2678 cap.
810 2642 857 2666 xi.
879 2629 970 2665 Sane
987 2630 1052 2665 alii
1066 2636 1166 2665 erant
1179 2629 1400 2677 Leqiepert'tt',
1416 2635 1449 2666 et
1462 2630 1527 2665 alii·
1541 2630 1736 2668 Pharisaei.
1769 2631 1863 2668 Nam

318 2689 504 2725 Pharium·
518 2689 718 2724 videbantur
733 2695 769 2723 ut
783 2686 955 2730 monachi,
973 2693 1004 2722 ee
1018 2689 1077 2734 qui
1091 2687 1134 2723 ab
1151 2688 1232 2723 aliis
1246 2699 1281 2723 ee
1295 2687 1523 2734 eeqroqebant.
1563 2686 1772 2736 Leqispern'ti
1783 2702 1862 2727 vero

316 2746 460 2782 Scribae
476 2753 575 2781 erant
598 2753 629 2781 et
645 2746 813 2788 doctores,
841 2747 899 2792 qui
912 2745 1086 2780 uoluebant
1099 2747 1307 2792 quaestiones
1322 2745 1416 2791 leuia.
1439 2743 1603 2781 Testatus
1618 2745 1655 2781 in
1671 2756 1744 2794 cap.
1761 2758 1862 2784 xxm.

319 2804 403 2839 unt.
422 2803 560 2845 Quaest.
579 2814 639 2839 κη.
661 2802 841 2838 Sciendum
856 2803 944 2848 quod
957 2803 1036 2838 licet
1044 2808 1220 2850 ponantur
1235 2802 1291 2839 Mc
1301 2800 1444 2838 scribae
1460 2806 1492 2836 et
1502 2801 1689 2839 Pharisaei
1703 2809 1862 2851 tanquan

319 2862 473 2896 ‹la'eto'ncei
480 2885 490 2903 ,
507 2873 570 2895 mm
587 2861 816 2906 dinen'nquutur
831 2862 919 2895 inter
934 2872 969 2896 ae
984 2861 1073 2895 sicut
1087 2858 1297 2896 Phar-taam
1312 2865 1345 2895 ee
1355 2857 1594 2902 sadducaeus,
1617 2863 1688 2896 aive
1701 2863 1790 2898 sicut
1802 2874 1861 2909 op-

313 2920 448 2967 posita,
464 2919 544 2964 quia
562 2917 669 2951 nuum
685 2917 895 2954 Pharisaeus
917 2922 966 2952 ent
986 2917 1225 2960 sadducaeus,
1247 2928 1348 2965 neque
1364 2928 1381 2952 e
1397 2919 1587 2960 contrario,
1603 2920 1683 2964 quia
1699 2925 1799 2955 eram
1811 2931 1860 2955 ae-

320 2982 397 3011 etae
413 2976 616 3023 diepararao
638 2981 669 3010 et
684 2977 783 3021 quani
805 2976 997 3022 oppositae.-
1020 2975 1080 3010 ced
1095 2975 1321 3022 distinguntur
1342 2975 1430 3009 κίονι
1446 2977 1691 3020 qrammaeicuae
1707 2982 1739 3012 et
1753 2978 1859 3014 diale-

320 3035 444 3076 cticum,-
459 3035 540 3080 quia
552 3033 631 3068 licet
642 3032 788 3067 aliudne
800 3034 1060 3078 yrummatn'eum
1075 3043 1172 3075 enee,
1189 3031 1286 3068 ‹ac-‘ud
1298 3031 1524 3075 dialecticum,
1541 3038 1650 3069 tamen
1661 3034 1862 3082 idempoteat
