2008 3294
305 204 422 242 occu

303 309 412 344 sebat.
441 309 546 354 Atqui
567 308 639 342 sine
661 318 742 342 vero
765 307 939 354 baptismo
955 307 1170 344 Christianus
1191 319 1266 344 esse
1286 319 1389 344 nemo
1405 312 1531 355 potest.
1578 309 1624 345 Ut
1647 313 1764 345 autem
1787 310 1848 356 qui

304 365 518 401 Christianus
534 376 604 400 nou
619 365 682 407 sit,
702 365 797 411 pacis
820 375 860 399 ac
882 365 1084 401 concordiae
1102 366 1215 412 gratia
1230 366 1319 400 inter
1335 365 1547 402 Christianos
1562 366 1732 402 habeatur
1746 367 1848 413 eique

305 422 348 457 ad
362 422 480 457 divina
494 422 656 467 mysteria
670 421 885 467 permittatur
901 421 1030 465 aditus,
1053 423 1146 469 quod
1167 423 1203 458 iu
1219 422 1404 458 Encratitis
1420 424 1584 470 aliisque,
1609 435 1696 470 quos
1717 424 1849 470 alioqui

302 478 564 524 rebaptizandos
579 489 654 513 esse
669 481 852 521 statuerat,
874 478 936 513 sed
952 482 1075 514 utnon
1090 479 1189 514 fieret
1202 480 1298 526 pacis
1314 490 1439 515 caussa
1453 481 1649 524 remiserat,
1671 485 1848 527 praestan-

304 536 387 570 dum
402 547 479 570 esse
494 535 612 570 eodem
627 535 664 570 in
680 546 810 570 canone
826 535 987 571 decernit.
1026 536 1114 580 Hoc,
1130 537 1273 582 iuquam
1283 563 1292 579 ,
1309 537 1353 572 ab
1370 538 1535 572 ecclesiae
1550 548 1617 573 usu
1637 549 1678 573 ac
1692 537 1849 573 moribus

303 597 337 628 et
351 603 373 627 a
387 592 529 628 Nicaeni
549 592 686 627 concilii
705 592 920 638 aliorumque
934 596 1091 628 veterum
1107 594 1344 629 sanctionibus
1361 593 1530 631 abhorret.
1574 595 1772 637 Quinetiam
1788 595 1849 630 ba-

302 650 471 696 ptismum
493 661 513 684 a
533 650 628 684 laicis
651 649 815 684 collatum
828 649 964 685 irritum
979 661 1020 685 ac
1035 651 1171 686 nullum
1187 662 1263 686 esse
1278 650 1430 686 Basilius
1447 651 1539 687 idem
1555 652 1741 688 arbitratus
1755 652 1849 688 vide-

302 710 371 749 tur,
393 717 473 741 cum
495 718 538 741 ex
561 706 737 753 Cypriani,
758 706 950 742 Firmiliani
971 708 1187 754 aliorumque
1206 708 1378 743 sententia
1397 709 1588 755 baptizatos
1609 709 1655 744 ab
1674 708 1849 744 haeriticis

302 763 443 810 perinde
465 762 606 810 ἀληθινῷ
625 763 797 810 baptismo
814 764 1006 811 expiandos
1027 776 1104 800 esse
1127 765 1221 807 dicit,
1243 776 1284 800 ac
1308 765 1338 800 si
1361 765 1405 800 ab
1428 765 1527 801 laicis
1549 765 1585 800 id
1608 766 1850 803 obtinuissent.

302 820 411 862 Quasi
423 820 590 856 laicorum
604 820 794 867 baptismus
811 820 960 864 ἀληθινὸς
975 833 1047 857 non
1063 826 1166 858 esset.
1192 822 1291 864 Quod
1307 833 1406 857 secus
1422 833 1459 858 se
1474 821 1596 866 habet,
1612 826 1652 859 ut
1665 823 1756 859 inter
1772 834 1848 859 cae·

301 880 395 912 teros
417 878 564 923 August.
578 878 637 913 lib.
649 890 688 914 11.
703 883 823 913 contra
841 878 950 925 Epist.
967 879 1080 914 Parm.
1098 890 1173 926 cap.
1188 891 1266 915 xm.
1282 879 1442 915 declarat.
1474 879 1628 915 Tametsi
1644 879 1767 915 eodem
1788 880 1850 916 illo

300 935 377 970 loco
394 934 545 978 dubitat,
560 938 674 970 utrum
689 935 732 970 ab
747 946 788 970 eo
805 936 866 981 qui
880 947 1062 982 nunquam
1078 936 1296 972 Christianus
1311 936 1416 972 fuerit
1431 937 1627 983 baptismus
1642 937 1754 984 possit
1769 948 1848 974 cou-

300 991 397 1028 sserri:
429 992 479 1027 Et
492 991 577 1027 haec
592 993 719 1038 quidem
736 993 810 1027 alia
826 996 977 1038 quaestio
993 1000 1058 1036 ese,
1079 996 1201 1039 iuquit,
1223 999 1335 1028 utrum
1359 999 1391 1028 et
1406 994 1448 1028 ab
1464 996 1510 1028 iis
1525 999 1583 1039 qui
1597 997 1849 1040 nunquamfue-

301 1052 373 1083 ηἰιέ
387 1048 578 1084 Christiani
586 1051 694 1095 pose-‘t
707 1050 892 1096 baptismus
908 1051 999 1086 dari.
1046 1050 1123 1085 Nec
1147 1052 1281 1097 aliquid
1303 1052 1380 1085 inde
1398 1056 1517 1085 temere
1533 1052 1774 1096 affirmandum
1790 1057 1849 1094 est,

301 1109 373 1141 sine
389 1109 572 1142 autoritate
587 1109 675 1142 tanti
689 1108 839 1149 concilii,
855 1113 1012 1152 quantum
1029 1114 1146 1143 tantae
1160 1110 1214 1142 reo·
1227 1109 1356 1153 sufficit
1399 1107 1468 1143 Sed
1491 1108 1620 1144 mirum
1636 1112 1690 1144 est
1705 1107 1798 1154 quod
1811 1108 1850 1144 in

301 1163 453 1200 Eliberit.
468 1163 616 1199 concilio
631 1162 712 1198 Gan.
724 1175 872 1200 xxxvm.
887 1165 1059 1200 sancitur:
1109 1165 1152 1200 Ut
1169 1177 1316 1211 pereyre
1333 1168 1534 1210 naviqantes
1548 1167 1723 1210 inyraente
1738 1177 1850 1200 neces-

301 1223 402 1256 nitate
419 1234 442 1256 a
457 1222 775 1267 quocumquefideli‚
792 1223 849 1266 qui
864 1233 929 1255 non
941 1224 988 1256 sit
1002 1222 1172 1266 bigamus,
1189 1223 1364 1268 baptizari
1372 1225 1517 1268 possint.
1559 1219 1698 1269 Ergone
1713 1233 1736 1257 a
1750 1222 1849 1269 biga-

301 1277 370 1314 mis
385 1277 553 1324 baptizari
566 1278 603 1313 in
617 1281 711 1313 tanta
726 1278 933 1314 necessitate
948 1289 1020 1314 uon
1033 1278 1152 1314 licuit?

391 1334 435 1372 N.
452 1347 538 1371 xvn.
561 1334 622 1369 Καὶ
645 1334 834 1379 συνηυλίσθη
853 1333 924 1381 μετ’
944 1334 1079 1380 αὖτῶν.]
1111 1336 1186 1371 Act.
1197 1348 1234 1379 1.,
1249 1335 1283 1371 4.
1298 1335 1352 1371 καὶ
1367 1335 1617 1383 συναλιζόμενος
1633 1335 1851 1383 παρήγγειλεν

303 1390 413 1432 αὐτοῖς
429 1396 494 1428 etc.
520 1392 586 1427 Pro
604 1402 670 1438 quo
684 1392 811 1438 legisse
825 1392 960 1428 videtur
973 1391 1206 1439 Epiphanius,
1223 1392 1276 1427 καὶ
1292 1393 1573 1440 συναυλιζὸμενος.
1599 1393 1691 1430 Nam
1705 1394 1743 1429 in
1757 1394 1850 1430 Anae-

262 1479 269 1486 .
301 1448 519 1496 cephalaeosi
538 1459 622 1495 pag.
639 1447 708 1485 137.
730 1449 824 1484 idem
840 1450 1051 1485 vocabulum
1073 1454 1234 1497 usurpat:
1266 1449 1328 1484 Καὶ
1351 1450 1620 1498 συναυλιζόμενος
1645 1450 1684 1485 οὗ
1708 1451 1851 1495 δοκήσει,

302 1503 378 1540 ἀλλ’
394 1505 560 1552 ἀλληθείᾳ.
591 1505 795 1552 Quanquam
808 1506 868 1542 lib.
882 1518 905 1542 1.
919 1506 1058 1542 Panarii
1072 1518 1154 1554 pag.
1167 1507 1222 1543 50.
1240 1507 1330 1543 unde
1344 1508 1460 1543 locum
1474 1508 1574 1543 illum
1595 1508 1632 1543 in
1646 1507 1850 1554 Anacepha-

301 1564 435 1600 laeosin
461 1564 651 1607 transtulit,
676 1574 894 1599 communem
920 1563 1104 1600 lectionem
1128 1565 1315 1611 expressit:
1339 1564 1394 1599 καὶ
1416 1564 1620 1606 συναλίζεται
1643 1564 1683 1599 οὐ
1706 1565 1851 1612 δοκήσει,

301 1619 378 1655 ἀλλ’
395 1619 537 1668 ἀληθείᾳ.
560 1621 710 1658 Verbum
725 1620 949 1662 συναλίζεσθαι
964 1621 1110 1657 eandem
1121 1621 1193 1657 fere
1205 1625 1414 1669 potestatem
1427 1621 1548 1666 habet,
1564 1633 1672 1669 quam
1685 1624 1735 1668 τῷ
1751 1634 1849 1656 συνα-

301 1677 446 1719 λίζεσθαι
469 1677 611 1725 quidam
633 1678 839 1721 attribuunt,
861 1678 1027 1714 nimirum
1050 1681 1229 1715 convenire
1249 1691 1322 1714 cun
1339 1680 1467 1724 aliquo,
1490 1681 1705 1725 conqreyari.
1735 1678 1850 1726 Atque

300 1736 350 1771 ita
370 1735 557 1771 nonnullos
578 1736 692 1782 legere
711 1735 806 1771 Beda
824 1739 981 1772 testatur.
1011 1736 1057 1772 At
1071 1736 1239 1783 interpres
1254 1739 1372 1772 noster
1388 1736 1637 1783 συναλιζόμενος
1653 1737 1754 1772 vertit
1769 1747 1851 1773 con*

301 1805 447 1830 vescens.
487 1793 564 1836 Quo
578 1804 683 1829 sensu
699 1792 964 1839 Chrysostomus
981 1794 1129 1840 accepit,
1145 1797 1180 1829 et
1194 1792 1488 1840 Theophyloetus,
1504 1797 1544 1830 ut
1557 1793 1650 1830 idem
1665 1794 1767 1830 sitae
1781 1795 1849 1829 τῶν

301 1849 391 1885 ἁλῶν
404 1850 458 1885 καὶ
470 1849 632 1897 τραπέζης
649 1850 801 1897 μετέχειν.
825 1849 895 1886 Sed
907 1854 942 1886 et
953 1850 1185 1897 Hieronymus
1197 1850 1306 1898 Epist.
1316 1861 1372 1887 cr..
1385 1851 1429 1886 ad
1440 1851 1634 1895 Hedibiam,
1647 1850 1849 1895 Quaestvu.

302 1919 500 1943 convescens
512 1908 609 1954 legit.

391 1963 433 2000 N.
449 1976 525 2001 xxr.
548 1964 625 2012 ssepi
642 1964 764 2011 θεσμῶν
782 1963 818 1999 δὲ
833 1967 888 2009 τῆς
905 1964 1034 2010 αὐτῆς.]
1056 1965 1208 2012 Egregia
1224 1965 1385 2013 deinceps
1401 1976 1442 2002 ac
1457 1966 1643 2013 singularis
1659 1966 1850 2013 disputatio

300 2022 456 2068 sequitur
472 2021 513 2057 de
527 2021 722 2069 praecipuis
743 2022 908 2058 ecclesiae
929 2022 1070 2067 ritibus,
1091 2033 1195 2069 quem
1214 2023 1311 2058 velut
1332 2022 1564 2059 characterem
1586 2034 1628 2059 ac
1648 2027 1768 2059 uotam
1788 2023 1847 2059 ad-

301 2078 412 2123 hibet,
437 2090 506 2126 quo
529 2078 574 2115 ab
597 2078 796 2117 adulterinis
820 2079 1068 2115 conventiculis
1092 2078 1260 2129 catholica
1281 2080 1429 2115 ecclesia
1444 2079 1668 2126 dignoscitur.
1682 2091 1685 2094 ·
1714 2079 1849 2123 Quibus

301 2147 366 2172 uos
387 2135 602 2183 argumentis
623 2145 669 2171 ae
684 2135 793 2184 simis
815 2135 954 2183 perinde
973 2136 1040 2172 hoc
1055 2124 1211 2183 tempore
1226 2147 1346 2172 veram
1360 2147 1401 2172 ac
1416 2136 1612 2172 Romanam
1628 2136 1810 2173 ecclesiam
1826 2148 1848 2172 a

300 2192 397 2229 faece
418 2193 692 2234 novissimma
707 2190 895 2234 hammon
918 2193 1143 2229 secernimus.
1172 2193 1262 2229 Nam
1277 2193 1432 2240 plerique
1449 2204 1571 2229 omnes
1585 2193 1637 2229 ini
1651 2195 1776 2230 veteris
1793 2205 1848 2230 ec-

301 2250 425 2287 clesiae
441 2261 562 2289 mores
569 2250 610 2289 in
620 2238 879 2303 muru
894 2260 934 2286 ac
951 2250 1198 2286 consuetudine
1214 2250 1424 2287 resederunt.
1471 2249 1640 2293 Quocirca
1662 2251 1766 2297 pauci
1784 2251 1849 2295 im,

301 2308 363 2355 qui
376 2305 733 2355 super-sunum
744 2315 872 2356 nepo
888 2306 1067 2343 catholicis
1085 2307 1246 2344 omnibus
1263 2308 1340 2343 usui
1356 2318 1432 2344 esse
1447 2311 1609 2355 possunt,
1626 2312 1666 2343 ut
1680 2308 1850 2345 adversus

299 2376 468 2401 novorum
484 2363 667 2409 hominm
683 2363 856 2410 mm
876 2369 979 2412 atque
995 2364 1168 2400 inscitiam
1186 2369 1415 2412 opponantur.
1445 2365 1494 2401 Ac
1510 2364 1541 2400 si
1556 2364 1598 2400 de
1613 2365 1762 2411 singulis
1777 2366 1846 2402 illis

299 2422 420 2458 ritibus
431 2422 536 2469 paule
552 2420 745 2461 accuratius
757 2422 863 2459 verba
873 2421 987 2458 facere
999 2421 1133 2465 vellem,
1148 2422 1350 2468 ingentibus
1366 2421 1621 2459 commentariis
1638 2433 1726 2469 opus
1739 2427 1840 2460 esset.

299 2478 349 2515 Ne
366 2478 453 2515 nihil
466 2490 551 2516 vero
563 2478 695 2524 dicam,
713 2479 896 2527 praecipua
911 2478 1084 2525 quaedam
1098 2490 1143 2515 ex
1159 2479 1201 2515 iis
1216 2479 1324 2515 libare
1339 2478 1470 2526 placuit
1484 2488 1571 2525 quae
1586 2478 1623 2515 iu
1639 2479 1849 2517 adversariis

299 2537 443 2580 nostris,
467 2536 611 2584 proinde
635 2540 675 2573 ut
696 2543 851 2573 autorem
867 2546 1038 2584 quemque
1061 2535 1098 2572 in
1121 2546 1245 2572 uranus
1269 2546 1445 2583 ceperam,
1467 2535 1664 2583 promiscue
1682 2536 1850 2574 adnotata

299 2604 419 2641 repen.

524 2741 582 2779 DE
600 2741 850 2780 versamus
874 2741 1140 2786 QUIBUSDAM
1163 2740 1406 2780 EOCLESIAE
1428 2739 1619 2778 RITIBUS.

389 2820 448 2856 Καὶ
466 2824 597 2868 πρῶτον
613 2822 670 2870 μιν
686 2823 828 2871 κρηπίς]
850 2823 1002 2859 Primum
1019 2823 1183 2860 ecclesiae
1198 2823 1323 2859 veteris
1338 2822 1551 2865 institutum,
1567 2821 1659 2868 quod
1675 2820 1845 2870 hodieque

299 2879 333 2915 in
347 2878 505 2914 Romana
516 2880 690 2924 retinetur,
706 2881 743 2916 iu
757 2880 926 2927 graduum
943 2880 1171 2927 ordinumque
1183 2880 1378 2916 discrimine
1393 2878 1545 2927 positum
1562 2882 1624 2915 est.
1648 2878 1738 2915 Nam
1751 2879 1844 2927 priu-

298 2947 379 2983 eeps
395 2935 549 2972 omnium
570 2947 611 2971 ac
627 2938 944 2984 praestantissimus
966 2941 1018 2973 est
1032 2938 1208 2983 virginum
1231 2937 1332 2981 ordo,
1355 2936 1416 2983 qui
1435 2935 1470 2971 in
1494 2940 1640 2982 utroque
1661 2947 1750 2972 sexu
1772 2947 1844 2973 cer-

298 2994 401 3036 nitur,
416 3003 567 3040 quocum
582 2994 810 3030 moun-ntiemn
824 2995 913 3031 vitae
925 3005 1039 3041 genus
1051 2994 1282 3041 coniungitur.
1320 2993 1503 3030 Proximus
1517 2991 1595 3029 huic
1612 2994 1845 3031 continentiae

299 3049 428 3097 gradus
442 3055 512 3093 est,
527 3054 602 3086 tum
618 3049 784 3093 viduitas,
800 3062 839 3086 ac
856 3056 1031 3098 postremo
1047 3051 1123 3088 loco
1139 3051 1349 3098 coniugium.
