2008 3294
1626 159 1708 197 XLI

160 266 351 303 Secundus.
387 266 546 303 Clemens
563 265 663 300 Alex.
678 266 740 301 lib.
754 277 804 302 ιιι.
826 265 956 302 Strom.
974 264 1068 300 addit
1083 268 1118 299 et
1132 263 1328 303 Prodicum.
1351 264 1483 301 Verum
1497 267 1591 300 certa
1603 274 1706 311 quae·

160 324 239 359 dam
262 335 303 359 ac
324 323 507 371 peculiaris
529 326 625 358 secta
644 323 713 358 fuit
735 334 823 370 quae
843 322 912 359 sibi
927 321 1170 359 Gnosticorum
1187 333 1317 358 nomen
1335 333 1420 369 prae
1435 322 1581 358 caeteris
1595 322 1706 358 vindi-

160 381 258 426 carit,
270 381 312 416 de
325 382 450 428 quibus
462 380 576 415 hocin
588 381 698 427 capite
711 381 786 427 agit
796 379 1018 428 Epiphanius,
1032 382 1066 414 et
1075 379 1134 414 alii
1145 379 1206 426 qui
1216 379 1258 414 de
1270 379 1472 415 haeresibus
1483 379 1706 427 scripserunt,

157 409 396 486 imprimisque
407 438 657 481 Tertullianus,
675 438 735 485 qui
747 437 970 485 Scorpiaeurn
982 439 1101 471 contra
1113 435 1297 472 Gnosticos
1309 437 1433 480 edidit,
1447 447 1554 484 quam
1565 437 1706 507 quidem

158 494 316 532 haeresin
331 495 560 542 Hieronymus
578 498 699 530 contra
709 494 939 542 Vigilantiam
953 493 1106 529 scribens
1122 492 1288 529 Oaianam
1302 498 1416 531 vocat.

247 552 289 589 N.
306 563 343 588 ιι.
366 550 499 596 Ἐπειδὴ
515 551 578 599 γὰρ
595 550 719 600 νουρα]
766 555 873 593 ιε’-ι·ιῠ
895 551 1064 587 Annaea
1085 550 1206 596 lingua
1226 551 1347 596 ignem
1369 551 1558 598 significat.
1605 551 1705 595 Quod

157 608 274 645 autem
285 609 420 646 Iudaeis
434 613 516 656 post
531 610 767 656 captivitatem
781 608 962 645 familiaris
977 618 1018 644 ao
1032 608 1206 655 popularis
1217 608 1340 654 lingua
1352 608 1498 655 Syriaca
1511 609 1612 652 foret,
1626 609 1704 645 ideo

155 670 240 703 nota
253 678 325 703 non
341 666 454 714 βαθείᾳ
467 667 606 713 lingua,
625 678 714 714 quae
731 671 766 702 et
780 646 950 715 ΕῊἾὮΞ
967 665 1100 708 dicitur,
1122 664 1182 700 sed
1203 666 1383 701 communi
1403 677 1444 701 ac
1459 667 1598 714 vulgari
1612 667 1704 703 idem

157 735 236 759 esse
252 724 370 771 quod'
359 734 479 771 ignem
501 725 640 759 asserit:
665 724 796 770 βαθειαν
817 726 934 759 autem
953 723 1110 770 linguam
1132 722 1290 758 alludens
1311 722 1356 758 ad
1378 722 1566 760 Ezechielis
1587 725 1704 761 locum

155 781 258 825 dixit,
283 781 343 828 qui
364 785 417 817 est
439 792 512 828 cap.
530 793 587 827 ιιι,
614 782 672 816 15:
698 782 778 816 Non
794 783 880 816 enim
896 781 946 816 ad
953 781 1111 827 populum
1126 781 1293 826 profundi
1313 783 1492 822 sermonis,
1517 789 1550 817 et
1568 785 1705 828 iynotae

155 840 292 885 linquae
308 845 342 874 tu
358 841 510 874 mitteris.
532 838 705 874 Hebraico.
719 837 946 885 linguam
934 847 1054 884 Ignem
1064 836 1256 884 significat,
1267 837 1440 872 Ata-mam
1452 842 1604 879 κτῖΐῧκ-
1628 839 1705 882 Qua

153 907 238 932 voce
260 896 380 943 ignem
403 907 424 931 a
445 896 578 932 Noemo
601 899 764 932 vocatum
785 895 937 932 Berosus
958 894 1116 943 prodidit.
1155 894 1269 969 Atque
1293 894 1372 930 inde
1394 894 1554 931 fortassis
1580 895 1704 933 Graeci

154 951 283 994 Ἑστίας
300 954 470 1000 originem
485 953 713 991 deduxerunt.

243 1005 397 1045 Οότοιτὰ
411 1023 471 1046 του
488 1011 534 1046 «lu
535 1010 731 1056 λιστίωνος.]
754 1011 893 1047 Hieron.
901 1009 1001 1058 Apol.
1009 1009 1043 1046 2.
1057 1019 1087 1046 o.
1103 1008 1188 1046 Rus:
1206 1009 1255 1043 Et
1267 1011 1368 1055 quasi
1381 1021 1514 1045 mimum
1529 1010 1703 1047 Philistio-

152 1070 221 1111 uis,
238 1069 292 1103 vel
305 1066 458 1103 Lentuli
458 1081 501 1103 ac
516 1069 663 1103 Marulla·
677 1068 851 1115 stropham
868 1068 1015 1114 eleganti
1028 1078 1174 1102 sermone
1189 1068 1366 1113 confictam
1381 1073 1444 1103 ete.

242 1124 358 1171 Καββᾱ·
373 1125 435 1172 γὰρ
452 1124 682 1172 ἑρμηνεύεται]
707 1126 794 1161 Tam
809 1125 975 1161 Hebraico
991 1134 1095 1171 quam
1110 1123 1251 1171 Syrisce
1267 1124 1531 1160 tabernaculum
1547 1128 1583 1160 et
1597 1126 1702 1162 forni-

152 1193 226 1218 cem
242 1182 427 1229 significat,
443 1194 506 1218 nec
523 1194 593 1218 non
610 1187 645 1219 et
659 1183 891 1230 prostibulum
903 1193 947 1218 ao
961 1182 1116 1229 lupanar.
1150 1181 1290 1218 Numer.
1307 1192 1444 1228 quoque
1457 1194 1551 1225 xxv„
1566 1193 1655 1221 com.
1667 1183 1701 1227 S,

151 1252 232 1277 Lxx.
249 1241 372 1288 μήτραν
385 1240 614 1276 reddiderunt.
639 1240 736 1276 Unde
751 1243 786 1276 et
801 1239 948 1287 neptrici<
961 1240 1136 1287 stuprique
1152 1240 1264 1275 ιιοιίο·
1282 1238 1506 1274 Φονοκτονίαν
1518 1251 1612 1284 vero,
1628 1241 1702 1277 sive

150 1298 388 1344 parricidium,
410 1309 583 1345 nusquam
604 1299 720 1345 legere
741 1298 895 1334 memini.
932 1297 1097 1344 Suspicor
1117 1295 1349 1344 Epiphaniam
1370 1300 1466 1359 ⁸²?
1489 1301 1657 1346 tanquam
1680 1310 1702 1334 a

151 1359 230 1414 ²P³
248 1355 440 1391 derivatum
455 1356 645 1403 accepisse,
665 1355 758 1403 quod
774 1359 828 1391 est
841 1355 1026 1403 perforare.

241 1411 430 1460 Ἀγώνιμόν
447 1425 476 1447 τι
492 1413 644 1460 ποίημα]
681 1412 869 1449 Gornarius
886 1414 1033 1447 illiciens
1047 1394 1182 1459 Ῑιοέηια.
1216 1410 1405 1460 Ἀγώγιμον
1421 1416 1475 1448 est
1489 1413 1582 1460 quod
1598 1415 1700 1450 adve-

86 1468 89 1471 '
150 1468 242 1505 hitur
263 1474 324 1505 aut
343 1470 559 1517 importatur.
594 1470 666 1506 Nos
682 1472 891 1506 αᾱεοᾱιιίιιιιι
906 1481 951 1505 ex
967 1470 1141 1506 communi
1161 1473 1331 1517 potestate
1345 1470 1564 1518 interpretari
1577 1472 1699 1508 malui-

151 1538 242 1563 mus,
279 1526 485 1575 Quanquam
507 1539 542 1563 n.
558 1539 642 1564 xvu.
659 1538 739 1610 pag.
755 1527 829 1572 100,
852 1526 1020 1575 ἀγώγιμον
1038 1526 1163 1575 μῦθον
1154 1539 1190 1565 ιιι
1205 1526 1384 1576 prioriiua
1398 1527 1541 1566 Gornar.
1558 1529 1700 1566 notione

149 1587 347 1631 usurpatur.

238 1641 280 1677 N.
297 1653 348 1678 m.
373 1640 467 1689 Παρὰ
483 1642 521 1677 δέ
534 1654 596 1678 τισι
613 1643 705 1690 φύσει
719 1642 959 1690 Βορβοριανοί]
982 1643 1214 1680 Theodoram
1229 1642 1462 1687 Barbeliotas,
1478 1644 1551 1680 sivo
1566 1644 1698 1682 Borbo-

149 1699 282 1743 ricinos,
299 1703 410 1735 certos
425 1699 615 1736 haereticos
631 1701 817 1748 separatim
831 1704 1020 1745 memorat,
1039 1711 1124 1748 quos
1141 1704 1175 1736 et
1188 1700 1362 1737 Naasinos
1378 1705 1413 1736 et
1427 1700 1647 1739 Stratioticos
1664 1707 1699 1739 et

147 1755 369 1792 Phebionites
392 1758 559 1805 appellat,
581 1769 670 1805 quae
691 1761 775 1795 sunt
792 1758 1035 1794 Gnosticorum
1051 1758 1229 1795 vocabula.
1264 1757 1363 1801 Quod
1378 1758 1422 1794 ad
1438 1770 1559 1795 vocem
1574 1761 1698 1796 attinet

148 1813 265 1856 κοδδὰ,
282 1817 406 1851 notant
420 1818 594 1884 κ-ΓΙΡἈ
585 1826 662 1851 esse
678 1816 874 1859 scutellam,
890 1816 946 1851 vel
961 1818 1127 1851 craterem
1142 1819 1341 1852 testaceum.

235 1871 277 1908 N.
295 1884 355 1907 vu.
380 1871 535 1907 Τουτέστι
551 1875 600 1919 τῷ
616 1874 760 1920 χρόνῳ.]
793 1873 926 1909 Locum
949 1885 994 1908 ex
1010 1873 1174 1909 Vaticano
1198 1873 1314 1909 codice
1337 1883 1422 1909 suae
1437 1874 1629 1922 integritati
1643 1887 1694 1911 re-

147 1929 334 1964 stituimus.
358 1928 457 1972 Quod
473 1929 517 1965 ad
528 1929 730 1977 Evangelici
745 1931 838 1966 illius
853 1931 921 1966 loci
936 1942 1077 1966 sensum
1093 1931 1232 1974 attinet,
1248 1931 1370 1967 eodem
1383 1931 1488 1967 modo
1505 1943 1575 1979 quo
1588 1932 1695 1980 Chry-

146 1989 229 2023 sost.
246 1988 282 2021 et
295 1985 574 2034 Theophylactus
589 1991 785 2035 exponunt,
803 1999 872 2035 quo
887 1988 1112 2036 Epiphanius.

234 2042 276 2080 N.
288 2055 337 2080 rx.
362 2042 454 2078 Kaw
436 2056 516 2093 απερ
527 2043 619 2092 ἡμας
631 2044 804 2093 ἐσθίομεν.]
825 2045 922 2082 Idem
932 2045 1127 2082 Manichaei
1139 2045 1294 2082 iactitare
1308 2046 1485 2091 solebant,
1501 2051 1540 2083 ut
1551 2059 1595 2084 ex
1603 2048 1694 2096 Aug.

145 2100 242 2136 libris
257 2100 423 2136 adversus
438 2101 606 2138 Faustum
620 2107 773 2150 apparet.

232 2157 274 2193 N.
286 2169 336 2194 xi.
359 2157 430 2194 Οὐκ
440 2157 556 2206 ἤνεγκε
568 2159 670 2207 λόγον
684 2160 903 2208 βλασφημίας.
905 2162 920 2206 ]
945 2161 1053 2197 Aliter
1064 2161 1168 2197 haec
1159 2172 1196 2197 ιιι
1208 2161 1383 2198 Canoniea
1392 2162 1500 2198 Iudae
1511 2164 1691 2210 leguntur.

143 2214 185 2250 V.
201 2214 234 2251 9.
260 2213 301 2249 Ὃ
318 2214 353 2250 δὲ
368 2215 506 2263 Μιχαὴλ
522 2215 540 2251 ὃ
556 2216 782 2265 ἀρχάγγελος,
805 2217 859 2253 ὅτε
881 2220 930 2265 τῷ
950 2218 1098 2266 διαβόλῳ
1115 2219 1352 2266 διακρινόμενος
1369 2219 1532 2267 διελέγετο
1547 2233 1618 2268 περι
1635 2225 1692 2256 τοῦ

143 2271 296 2306 Μωίισέω
287 2285 313 2312 ις
329 2271 499 2319 σώματος,
522 2273 582 2308 οὐκ
605 2273 766 2322 ἐτόλμησε
786 2275 888 2323 κρίσιν
909 2274 1088 2323 ἐπενεγκεῖν
1105 2276 1325 2323 βλασφημίας
1361 2277 1442 2312 Non
1458 2291 1561 2312 ausus
1576 2287 1625 2314 est
1640 2293 1691 2314 ιιι-

145 2330 269 2363 dicium
281 2332 427 2372 inferre,
446 2336 479 2366 et
493 2343 660 2368 accusare
673 2333 912 2380 blasphemiae.
935 2334 982 2369 At
995 2333 1207 2382 Epiphanius
1223 2334 1330 2370 aliam
1343 2334 1492 2370 fortasse
1507 2336 1690 2373 lectionem

143 2389 300 2430 secutus,
317 2399 380 2421 non
396 2388 486 2430 tulit,
502 2388 632 2435 inquit,
649 2390 902 2436 blasphemiam.

233 2442 291 2484 Ὦς
307 2443 361 2478 καὶ
378 2442 396 2478 ὁ
413 2442 570 2491 μακάριος
585 2445 750 2492 Παῦλος]
778 2447 938 2483 Clemens
953 2448 1052 2484 Alex.
1075 2448 1133 2484 lib.
1150 2460 1201 2485 111.
1223 2448 1352 2485 Strom.
1370 2449 1519 2485 eundem
1541 2453 1690 2498 apostoli

141 2500 257 2536 locum
273 2501 383 2536 citans
399 2501 443 2537 ad
466 2502 637 2538 eiusmodi
659 2514 770 2550 genus
791 2503 1042 2541 haereticorum
1062 2506 1232 2553 pertinere
1251 2509 1370 2553 putat·
1404 2506 1467 2541 Kal
1488 2508 1534 2554 μή
1555 2520 1586 2543 τι
1606 2510 1687 2556 πρὸς

143 2558 277 2598 τούτους
301 2556 318 2592 ὁ
336 2556 521 2599 ἀπόστολος
542 2558 574 2594 ἐν
598 2562 637 2607 τῇ
659 2559 739 2606 πρὸς
761 2559 945 2608 Ῥωμαίους
966 2561 1121 2610 ἐπιστολῇ
1143 2561 1389 2609 ἀποτεινόμενος
1405 2562 1541 2610 γράφει,
1563 2565 1617 2600 καὶ
1640 2566 1686 2612 μὴ

141 2614 250 2655 καθὼς
267 2615 564 2685 βλασφημούμεθα,
589 2629 642 2651 και
666 2616 773 2658 καθώς
797 2618 876 2664 φασί
898 2630 977 2661 τινες
1000 2619 1085 2666 ἡμᾶς
1108 2619 1228 2667 λέγειν,
1253 2618 1301 2654 ὅτι
1324 2621 1512 2668 ποιήσωμεν
1532 2621 1572 2657 τὰ
1587 2623 1683 2670 κακὰ,

138 2671 192 2706 ἵνα
206 2667 304 2719 ἔλθῃ
305 2671 346 2708 τὰ
361 2672 476 2720 ἀγαθά.

230 2729 271 2765 N.
288 2742 364 2766 xm.
400 2731 461 2766 Καὶ
478 2730 507 2765 οἱ
524 2731 580 2779 μὲν
605 2730 892 2779 ἔνυπνιαζόμενοι.]
927 2734 1006 2770 Vox
1026 2733 1111 2769 haec
1133 2732 1420 2782 ἐνυπνιαζόμενοι
1409 2746 1447 2771 ιιι
1461 2735 1644 2784 Vulgata*
1634 2750 1686 2775 ιιι-

140 2787 382 2833 terpretatioue
406 2788 518 2834 deest,
547 2799 653 2836 quam
676 2789 719 2824 ad
742 2794 842 2837 turpe
863 2790 1015 2826 libidinis
1037 2790 1246 2837 profluvium
1266 2792 1371 2829 refert
1393 2792 1532 2830 Oecum.
1556 2796 1685 2843 aliique

139 2843 307 2880 nonnulli.
329 2844 399 2880 Alii
413 2845 456 2880 ad
473 2857 627 2882 errorum
641 2857 883 2894 nugarumque
899 2849 1044 2884 somnia.
1070 2847 1228 2885 Clemens
1242 2849 1342 2886 Alex.
1350 2863 1404 2887 m.
1419 2850 1548 2889 strom.
1565 2853 1684 2889 adver-

140 2911 201 2935 sus
225 2900 465 2948 Carpocratem
488 2903 686 2951 disputans·
711 2902 787 2938 Ἐπὶ
809 2905 935 2939 τούτων
962 2902 1051 2952 οἶμαι
1079 2905 1133 2940 καὶ
1154 2907 1219 2941 τῶν
1243 2905 1365 2954 ὁμοίων
1387 2907 1540 2956 αἱρέσεων
1556 2922 1684 2957 προφη-

140 2958 237 2998 τικῶς
253 2956 380 2992 Ἰούδαν
401 2957 434 2993 ἐν
455 2962 494 3007 τῇ
518 2959 672 3007 ἐπιστολῇ
696 2959 860 3008 εἰρηκέναι.
878 2960 1022 3009 Ὁμοίως
1040 2962 1148 3009 μέντοι
1162 2962 1217 2998 καὶ
1232 2959 1325 3000 οὗτοι
1350 2962 1620 3013 ἐνυπνιαζόμενοι·
1643 2968 1682 3002 οὗ

141 3013 204 3060 γὰρ
220 3013 306 3063 ῦπαρ
322 3018 360 3063 τῇ·
376 3014 508 3064 ἀληθείᾳ
524 3015 762 3064 ἐπιβάλλουσιν.
788 3018 952 3066 Sequitur
965 3019 1078 3056 Isaiae
1092 3020 1189 3056 locus
1204 3031 1234 3057 ο.
1245 3033 1316 3058 nvi.
1332 3023 1579 3067 com.10.,ubi
1590 3026 1682 3072 quod
1699 3036 1707 3046 ·

1753 2017 1759 2024 .
1778 1999 1819 2027 46.
