2008 3294
172 1872 199 1897 p.
212 1864 269 1891 312.

303 216 506 253 CCLXXVI

301 321 339 356 in
354 320 480 367 quibus
495 320 598 366 pauci
613 319 787 353 duntaxat
799 318 970 365 episcopi,
993 318 1054 365 qui
1067 318 1158 354 forte
1181 318 1224 352 ad
1239 318 1484 365 imperatorem
1508 321 1742 361 accesserant,
1765 328 1859 354 eom·

302 378 487 413 manicatis
512 376 665 411 consiliis
688 385 780 411 nova
798 375 881 410 fidei
896 375 1033 411 decreta
1055 375 1292 411 condiderunt.
1339 373 1508 417 Quocirca
1529 376 1680 422 primum
1702 375 1860 410 omnium

303 438 422 469 contra
433 433 619 468 Photinum
631 432 752 468 Sirmii
763 432 950 468 concilium
962 433 1124 479 generale
1138 431 1334 467 Constantii
1346 432 1448 467 iussu
1463 433 1685 474 celebratum,
1703 431 1745 467 de
1760 431 1859 466 cuius

303 502 394 526 anno
412 494 535 537 postea
550 490 813 525 constituemus.
855 489 910 525 Ibi
923 489 1072 525 formula
1086 490 1148 524 illa
1161 489 1243 524 fidei
1259 488 1362 532 edita,
1379 489 1422 524 de
1436 499 1507 536 qua
1521 489 1680 536 proxime
1696 487 1860 523 diximus.

302 548 435 583 Deinde
451 547 595 582 diversis
610 547 826 593 temporibus
843 546 932 582 aliae
947 546 1036 582 duae
1052 547 1096 582 ab
1109 546 1252 581 Ursacio
1269 546 1454 582 etVaIente
1475 546 1622 594 aliisque
1633 545 1773 581 Arianis
1789 545 1861 591 epi·

302 605 418 651 scopis
436 605 574 639 conscio
586 604 795 650 imperatore
806 603 1020 651 prodierunt.
1056 604 1129 638 Hoc
1141 614 1185 638 ne
1198 607 1328 638 temere
1343 607 1464 638 contra
1475 612 1696 639 communem
1710 606 1764 637 tot
1778 602 1861 637 scri·

302 666 443 708 ptorum
459 661 723 696 consensionem
739 661 899 697 attulisse
912 660 1040 705 videar,
1061 671 1254 708 proponam
1277 660 1426 696 breviter
1447 660 1573 707 quibus
1593 659 1630 695 id
1645 659 1861 707 argumentis

302 719 411 754 fretus
428 718 604 754 affirmare
620 730 690 753 non
707 718 872 754 dubitem.

393 776 526 811 Horum
540 776 660 822 itaque
675 775 828 822 primum
842 778 896 811 est
911 775 1004 822 quod
1018 775 1113 810 istud
1134 775 1250 821 ipsum
1271 774 1424 810 Basilius
1439 774 1645 820 Ancyranus
1673 785 1715 810 ac
1734 773 1862 810 caeteri

305 833 599 868 semiarianorum
614 833 805 880 principes,
829 834 888 879 qui
903 834 1108 878 Ancyranae
1127 832 1261 878 syuodo
1285 831 1585 882 subscripserunt,
1604 831 1732 867 diserte
1745 830 1863 877 testati

305 894 388 926 sunt
402 891 439 925 in
454 890 609 936 Epistola
623 889 814 936 Synodion,
835 900 943 936 quam
964 889 1179 936 Epiphanius
1195 889 1389 935 descripsit.
1436 887 1550 930 Quam
1565 888 1706 935 quidem
1719 887 1758 923 in
1771 887 1862 923 hanc

304 948 376 982 fere
392 947 599 982 sententiam
614 948 732 982 exorsi
746 951 844 983 sunt:
867 946 1014 994 Optasse
1030 947 1066 982 id
1082 957 1158 982 sese
1174 946 1331 992 quidem,
1347 949 1388 981 ut
1401 949 1483 992 post
1497 945 1753 992 expositionem
1766 944 1863 980 illam

303 1005 402 1047 fidei,
426 1015 516 1051 quae
531 1003 734 1040 Antiochiae
750 1005 789 1039 in
811 1004 987 1039 encaeniis
1010 1003 1103 1039 edita
1126 1007 1196 1047 est,
1221 1003 1275 1038 zai
1291 1002 1373 1050 μετὰ
1386 1005 1492 1037 ταῦτα
1507 1001 1591 1036 κατὰ
1606 1001 1785 1048 Σαρδικὴν,
1809 999 1864 1035 καὶ

305 1061 362 1106 τὴν
379 1060 444 1096 ἐκεῖ
460 1057 548 1102 αὖθις
564 1060 751 1105 ἆνθήσασαν
767 1060 891 1107 πίστιν,
915 1060 969 1095 καὶ
992 1058 1037 1095 ἔτι
1059 1058 1140 1107 μετὰ
1155 1059 1196 1094 τὰ
1211 1058 1244 1094 ἐν
1260 1059 1386 1107 Σιρμίῳ
1404 1057 1456 1094 ἐπὶ
1471 1059 1631 1106 Φωτεινῷ
1648 1058 1861 1106 γεγενημέναι

299 1125 381 1165 post
391 1118 630 1154 sardicensem
637 1120 726 1164 fidei
738 1121 996 1164 professionem,
1018 1130 1123 1164 eaque
1144 1130 1230 1164 quae
1243 1117 1365 1152 Sirmii
1387 1124 1508 1152 contra
1522 1116 1703 1151 Pherinum
1724 1117 1864 1150 decreta

305 1183 396 1218 eunt,
413 1175 559 1211 ecclesia
574 1176 845 1221 conquiesceret.
876 1175 966 1210 Tum
981 1175 1116 1222 aliquot
1129 1174 1316 1210 interiectis
1338 1185 1380 1209 ea
1395 1185 1432 1209 se
1447 1173 1618 1220 perpolite
1633 1177 1738 1219 atque
1753 1173 1864 1220 expli-

305 1243 384 1268 care
392 1233 545 1268 voluisse
557 1233 810 1276 demonstrant,
822 1242 911 1278 quae
922 1232 961 1267 in
971 1231 1206 1278 superioribus
1219 1231 1363 1278 synodis
1375 1231 1566 1266 constituta
1577 1234 1686 1274 erant,
1697 1233 1738 1265 ut
1744 1229 1864 1265 Antio-

305 1289 416 1325 chena
431 1294 467 1325 et
481 1289 696 1331 Sardicensi,
711 1289 751 1333 ἢν
768 1288 936 1335 ἀνείληφεν
950 1287 972 1333 ἡ
989 1286 1021 1323 ἐν
1037 1288 1164 1335 Σιρμίῳ
1182 1288 1335 1328 σύνοδοςε
1355 1301 1468 1334 quam,
1484 1288 1664 1334 inquiunt,
1678 1287 1864 1323 Sar-dicen-

303 1350 353 1381 sis
368 1348 508 1381 concilii
521 1348 617 1387 fidem
633 1346 828 1381 sirmiensis
842 1347 988 1391 synodus
1003 1346 1161 1392 amplexa
1178 1352 1242 1387 est,
1258 1345 1316 1380 vel
1330 1347 1477 1391 repetiit.
1508 1344 1622 1387 Quare
1637 1344 1863 1380 sirmiensem

305 1403 479 1450 synodum
493 1404 677 1449 Ancyrana
691 1404 752 1438 illa
767 1402 921 1449 synodus
937 1402 1154 1449 approbavit.
1198 1401 1331 1437 Eadem
1345 1413 1426 1438 vero
1449 1413 1468 1437 e
1490 1402 1661 1437 contrario
1675 1401 1864 1437 formulam

304 1461 388 1497 fidei
410 1462 573 1503 alteram,
597 1471 704 1507 quam
726 1461 763 1495 in
780 1460 963 1496 Sirmiensi
978 1460 1126 1495 concilio
1148 1469 1269 1495 omnes
1291 1458 1420 1494 editam
1444 1459 1640 1506 opinantur,
1664 1470 1737 1494 non
1758 1458 1862 1494 modo

304 1530 377 1554 non
398 1518 547 1565 recepit,
570 1518 632 1553 sed
655 1517 700 1552 ad
723 1529 802 1553 eam
824 1517 1047 1553 evertendam
1070 1527 1111 1552 ac
1132 1515 1388 1564 profligandam
1411 1519 1468 1552 est
1487 1515 1711 1563 potissimum
1733 1518 1864 1552 coacta.

306 1574 407 1618 Quod
425 1576 461 1610 in
473 1575 562 1611 libro
575 1575 617 1610 de
630 1574 782 1621 Syncdis
797 1574 900 1610 docet
913 1574 1076 1618 Hilarius,
1093 1573 1154 1609 ubi
1164 1573 1384 1620 Ancyranam
1399 1573 1574 1620 synodum
1588 1574 1732 1621 eiusque
1748 1573 1865 1609 decre-

306 1636 397 1675 tum,
421 1632 617 1668 cuiusmodi
632 1631 688 1667 hic
704 1632 797 1679 apud
811 1631 1046 1679 Epiphanium
1061 1631 1278 1678 exprimitur,
1299 1631 1494 1667 secuntias
1511 1630 1690 1678 explicans
1706 1640 1747 1666 ac
1761 1629 1864 1666 vehe-

306 1694 440 1725 menter
454 1689 725 1732 commendans,
741 1689 853 1725 eidem
869 1689 1097 1725 Sirmiensem
1110 1689 1208 1724 iliam
1222 1687 1306 1724 fidei
1319 1687 1575 1735 professionem
1588 1687 1768 1735 praefixit,
1782 1698 1864 1724 cum

306 1747 372 1782 hoc
395 1747 513 1782 titulo:
545 1746 745 1793 Exemplum
768 1746 999 1793 blasphemiae
1023 1747 1118 1792 apud
1129 1745 1290 1780 Sirmium
1307 1757 1376 1792 per
1394 1745 1508 1780 oseam
1529 1751 1564 1780 er
1574 1745 1764 1780 Patauium
1786 1756 1864 1781 con·

306 1807 480 1850 scriptae,
503 1807 538 1838 et
553 1804 717 1839 adversm
733 1803 823 1839 hanc
838 1803 922 1839 fidei
935 1801 1058 1838 ἔκθεσιν
1075 1802 1267 1839 Orientales
1278 1802 1439 1848 Ancyrae
1454 1801 1663 1838 convenisse
1672 1801 1865 1838 conflrmat.

307 1860 419 1902 Quare
435 1860 512 1895 fieri
527 1861 622 1896 nullo
638 1861 742 1896 modo
758 1864 875 1908 potest
889 1866 929 1896 ut
943 1859 1045 1904 haec,
1067 1870 1172 1907 quam
1189 1859 1396 1896 Semiariani
1410 1862 1589 1906 tantopere
1603 1859 1864 1906 impugnarunt,

308 1917 388 1952 fidei
400 1918 551 1952 formula
563 1918 598 1952 in
613 1929 652 1953 eo
666 1918 814 1954 concilio
827 1918 874 1953 sit
885 1917 987 1961 edita,
1003 1918 1060 1953 cui
1075 1929 1146 1953 non
1161 1917 1393 1953 interfuerunt
1405 1916 1509 1952 modo
1523 1916 1608 1964 ipsi,
1622 1926 1744 1952 verum
1759 1916 1866 1966 etiam

308 1974 540 2021 praefuerunt,
558 1974 719 2021 qnodque
731 1975 883 2022 recipere
895 1985 936 2010 ac
952 1978 1087 2011 sartum
1098 1977 1229 2010 tectum
1241 1973 1330 2010 tueri
1341 1973 1430 2009 velie
1445 1982 1522 2009 sese
1533 1970 1752 2021 profitentur.
1774 1973 1866 2009 Audi

307 2032 476 2078 ipsosmet
490 2032 583 2078 apud
595 2032 829 2067 Sosomenum
839 2032 954 2069 libsv.
967 2042 1043 2079 cap.
1052 2044 1116 2069 ιιι.
1133 2032 1236 2067 enixe
1252 2031 1297 2067 ab
1309 2032 1516 2078 imperatore
1526 2031 1762 2078 postulantes,
1779 2029 1865 2065 ὥστε

308 2090 435 2135 κρατεῖν
458 2088 499 2123 τὰ
521 2087 554 2123 δν
578 2088 740 2135 Σαρδικῇ,
763 2088 817 2123 καὶ
840 2087 872 2123 ἔν
896 2088 1040 2136 Σιρμίῳ,
1062 2088 1117 2123 καὶ
1139 2086 1172 2123 ἂν
1196 2090 1267 2128 ταῖς
1291 2085 1405 2128 ἄλλαις
1427 2087 1575 2128 συνόδοις
1597 2087 1784 2134 massepha:
1820 2087 1867 2123 Ut

309 2158 350 2181 ea
373 2151 457 2181 rata
479 2151 669 2188 manerent,
691 2157 778 2192 quae
798 2148 837 2181 in
849 2145 1053 2181 Sar-dicensi
1067 2156 1112 2181 ac
1126 2144 1319 2187 Sirmiensi,
1342 2145 1486 2191 aliisque
1507 2145 1662 2180 conciliis
1683 2147 1864 2181 connitum

300 2205 457 2249 fuerant.

399 2260 581 2296 Praeterea
595 2259 746 2296 Basilius
763 2259 967 2306 Ancyrauus
990 2259 1028 2295 in
1051 2258 1172 2295 eadem
1192 2258 1368 2305 synodica
1382 2258 1557 2305 Ancyrani
1579 2258 1734 2301 concilii,
1755 2259 1863 2307 longo

308 2320 389 2364 post
403 2317 630 2353 Sirmiensem
653 2316 827 2363 synodum
848 2316 1050 2360 intervallo,
1074 2316 1219 2352 alteram
1242 2316 1339 2352 illam
1358 2314 1583 2352 sirmiensem
1597 2315 1784 2352 formulam
1803 2327 1864 2353 ex·

309 2375 420 2410 titisse
437 2374 661 2411 demonstrat.
693 2365 829 2411 Etenim
845 2378 926 2421 post
941 2373 1130 2410 sirmiense
1146 2372 1347 2416 concilium,
1363 2371 1474 2419 quod,
1495 2372 1548 2408 uti
1561 2372 1692 2408 dictum
1707 2376 1779 2417 est,
1802 2373 1863 2410 ob-

310 2442 447 2468 servare
462 2443 503 2467 ac
518 2432 608 2467 tueri
623 2431 713 2468 velle
728 2430 923 2478 significat,
947 2430 1163 2477 acquievisse
1185 2441 1224 2466 se
1246 2429 1383 2474 scribit,
1405 2429 1513 2466 donec
1535 2439 1704 2466 novorum
1719 2429 1864 2467 haereti-

314 2500 434 2525 corum
457 2489 717 2536 importunitate
741 2491 777 2524 et
793 2487 936 2535 Georgii
950 2487 1138 2524 Laodiceni
1160 2487 1266 2523 literis
1290 2489 1485 2523 commotus
1508 2485 1552 2521 sd
1574 2487 1864 2534 propugnandam

312 2546 416 2581 iidem
431 2557 471 2582 se
487 2556 566 2582 cum
582 2546 655 2582 suis
671 2545 842 2592 episcopis
859 2545 980 2581 erexit.
1015 2544 1159 2592 Oportet
1173 2544 1280 2592 igitur
1295 2544 1385 2581 inter
1399 2542 1623 2580 sirmiensem
1639 2543 1812 2590 synodum
1827 2547 1864 2580 et

312 2603 534 2648 Ancyranum
547 2602 732 2639 concilium
743 2602 980 2638 intercessisse
993 2600 1136 2649 Georgii
1146 2601 1332 2638 Laodiceni
1342 2601 1472 2644 literas,
1487 2610 1574 2647 quas
1589 2601 1713 2636 recitat
1723 2600 1861 2637 Sosom.

312 2660 370 2695 lib.
386 2672 431 2696 iv.
448 2670 522 2707 cap.
535 2672 597 2696 ιιι,
643 2658 821 2707 Superiori
837 2662 955 2695 autem
970 2659 1083 2706 capite
1098 2658 1218 2695 scribit
1232 2657 1446 2701 Eudoxiana,
1465 2656 1675 2704 simulatque
1690 2658 1726 2694 in
1742 2658 1863 2694 Antio-

312 2715 441 2752 chense
457 2716 548 2752 sedis
565 2716 821 2764 possessionem
835 2716 960 2763 pedem
975 2716 1109 2763 posuit,
1131 2719 1244 2752 totum
1265 2726 1303 2752 se
1325 2713 1369 2751 ad
1384 2714 1475 2751 aetii
1497 2714 1767 2761 promovendam
1785 2726 1862 2763 per-

312 2772 430 2809 fidiam
447 2785 525 2809 cum
543 2774 669 2810 Acacio
685 2766 903 2827 wiensi
924 2777 959 2808 et
974 2772 1100 2809 Uranie
1117 2772 1202 2820 Tyri
1223 2772 1384 2820 episcopo
1407 2770 1594 2807 contulisse
1615 2782 1761 2819 eamque
1779 2783 1862 2820 pree

314 2840 352 2865 se
367 2830 488 2865 tulisse
505 2830 672 2877 speciem,
696 2828 787 2878 quod
803 2828 998 2866 Occidentis
1021 2829 1176 2877 episcopi
1191 2829 1302 2866 eidem
1317 2827 1498 2876 suffragati
1512 2827 1676 2872 tuissent,
1698 2829 1862 2866 nimirum

315 2886 435 2929 Osius,
457 2887 516 2933 qui
537 2898 616 2923 cum
635 2886 775 2923 Ursacio
791 2890 827 2922 et
837 2886 980 2922 Valente
1002 2886 1132 2922 invitus
1153 2889 1392 2930 consenserat,
1413 2888 1453 2921 ut
1474 2883 1510 2920 τδ
1529 2882 1704 2933 bueo-ioum
1719 2890 1754 2922 et
1769 2884 1861 2934 ὁμοι-

315 2943 425 2979 ούσιυν
441 2949 708 2989 expunget-etur.
757 2943 850 2986 Quas
866 2954 944 2979 cum
961 2943 1034 2979 Osii
1049 2943 1167 2979 literas
1182 2943 1405 2990 accepissent,
1421 2941 1557 2978 Valenti
1576 2947 1610 2978 et
1626 2942 1766 2979 Ursacio
1782 2953 1860 2990 gra-

315 3000 383 3037 tiss
401 3003 556 3046 egerunt,
574 3001 664 3047 quod
678 3001 816 3036 illorum
829 3011 934 3047 opera
942 3000 1135 3036 Occidentis
1147 3000 1300 3047 episcopi
1310 3002 1439 3035 rectam
1452 2998 1555 3034 iidem
1568 3003 1686 3035 essent
1696 3000 1858 3047 amplexi.

316 3057 449 3101 Quibus
464 3057 567 3093 rebus
582 3057 753 3093 excitatus
771 3056 941 3103 Georgius
957 3056 1172 3094 Laodicenus
1188 3056 1482 3093 semiarianorum
1499 3059 1682 3103 patronus,
1699 3067 1778 3093 cum
1793 3057 1859 3093 sub
