2008 3294
164 1323 191 1348 p.
205 1316 263 1342 365.

309 163 499 199 CCCXXII

307 284 339 313 et
365 281 575 313 incruentum
604 280 813 323 sacrificium
843 279 1012 324 appellat3
1050 283 1088 314 ui:
1119 281 1155 315 ei:
1183 280 1288 325 paulo
1318 282 1398 325 post
1429 279 1602 326 disjuncte
1633 279 1782 327 λατρείας
1813 281 1866 315 καὶ

306 334 509 382 οἰκονομίας,
539 339 573 370 et
600 335 638 369 in
662 335 820 369 Aerianis
849 335 943 371 haer.
969 348 1101 372 nxxvn.
1127 335 1184 380 τὴν
1217 335 1403 382 οἰκονομίαν
1434 338 1490 380 τῆς
1521 336 1688 383 λατρείας,
1719 337 1786 372 hoc
1814 344 1867 372 est

305 395 453 428 missam.
499 391 589 427 Nam
612 391 747 438 λατρεία
771 391 908 427 divinus
933 394 1046 428 cultus
1070 399 1174 439 atque
1199 393 1351 428 officium
1371 398 1439 436 est,
1464 394 1557 440 quod
1580 394 1752 429 sacrificio
1769 405 1866 441 prae·

305 453 435 492 statur3
464 447 635 495 οἰκονομία
663 450 914 485 incarnationis
945 451 1188 496 passionisque
1218 450 1413 484 dominicae
1444 452 1649 496 mysterium
1679 451 1865 498 significat,

304 508 360 541 cui
389 507 681 552 repraesentando
711 507 912 542 institutum
942 508 1027 542 illud
1057 513 1111 543 est
1140 519 1161 542 a
1191 508 1253 542 deo
1279 507 1500 542 sacrificium.
1547 508 1624 543 Etsi
1645 509 1682 543 iu
1706 509 1865 543 Aerianis

303 563 345 598 N.
356 576 410 599 111.
434 564 639 610 simpliciter
662 562 868 610 οἰκονομίαν,
893 564 957 599 hoc
973 570 1027 600 est
1043 565 1258 610 mysterium,
1282 569 1393 598 vocat.
1442 563 1546 599 Porro
1563 565 1649 600 feria
1667 566 1788 611 quinta
1806 566 1864 600 do-

302 622 451 656 minicae
466 622 641 667 passionis
664 622 700 656 in
719 621 924 667 quibusdam
949 622 1102 657 ecclesiis
1120 621 1355 667 ἀπονηστιςμὸς
1380 621 1464 663 fuit,
1489 632 1529 655 ac
1541 622 1666 668 jejunii
1682 622 1865 665 relaxatio,

302 683 341 713 ut
365 679 453 724 Aug.
477 678 606 713 indicat
630 679 692 724 Ep.
710 689 833 714 cxvrn.
859 678 1000 725 Gap.1v.
1048 679 1145 720 Quod
1171 678 1366 713 Laodicena
1384 677 1548 724 Synodus
1573 680 1734 726 usurpari
1756 680 1866 714 vetuit

303 735 387 771 Can.
403 747 504 770 xnrx:
529 734 609 770 ’Ότι
633 735 671 769 οὗ
689 736 738 769 δεῖ
753 734 785 769 ἐν
808 739 1053 783 τεσσαρακοστῇ
1078 738 1116 780 τῆ
1131 735 1250 782 ὑστέρᾳ
1267 733 1424 780 ἑβδομάδι
1440 734 1497 779 τὴν
1514 735 1664 782 πέμπτην
1688 736 1786 781 λύειν,
1811 736 1864 770 καὶ

302 791 383 836 ὅλην
407 792 464 836 τὴν
497 792 760 839 τεσσαρακοστὴν
785 791 963 839 ἀτιμάζειν,
999 791 1085 827 ἀλλὰ
1110 794 1158 827 δεῖ
1181 794 1288 827 πᾶσαν
1313 792 1370 836 τὴν
1405 792 1668 839 τεσσαρακοστὴν
1703 794 1862 837 νηστεύειν
1885 818 1888 821 >

302 850 580 896 ξηροφαγοῦντας.
626 849 681 884 Ex
704 861 774 896 quo
797 851 935 885 notabis
960 851 1071 885 obiter
1096 851 1270 896 passionis
1294 849 1549 884 hebdomadem
1574 850 1862 896 quadragesimae

301 912 433 953 partem
449 918 538 951 esse,
561 918 633 942 non
654 907 698 942 ab
721 906 782 943 illa
797 907 1005 942 distinctam.
1037 908 1202 942 Truliana
1220 918 1358 954 quoque
1375 907 1539 952 Synodus
1557 907 1641 943 Can.
1654 919 1750 944 xxix.
1770 907 1861 953 quod

300 965 335 999 iu
361 963 640 1010 Carthaginiensi
666 963 821 999 Concilio
852 964 894 999 de
922 965 1010 999 feria
1039 965 1099 999 illa
1131 965 1253 1010 quinta
1282 965 1489 999 nominatim
1522 969 1708 1011 exceptum
1737 964 1862 1007 fuerat,

306 1022 350 1057 Ut
370 1027 592 1056 sacramenta
616 1023 743 1056 altaris
766 1024 900 1056 nonnisi
923 1035 946 1056 a
961 1023 1092 1067 jejunis
1116 1023 1302 1056 hominibus
1321 1023 1541 1064 celebrentur,
1567 1029 1702 1068 excepto
1718 1034 1783 1057 uno
1808 1023 1862 1056 die

300 1082 550 1121 anniversario,
575 1091 637 1125 quo
661 1091 766 1114 coena
791 1081 918 1113 domini
941 1080 1133 1114 celebratur
1157 1080 1229 1125 (qui
1247 1083 1300 1114 est
1317 1078 1432 1114 Carth.
1449 1091 1502 1114 111.
1520 1079 1604 1115 Gan.
1624 1080 1735 1123 xxix.)
1761 1079 1861 1114 abro-

299 1137 414 1183 gavit,
438 1137 618 1182 vetuitque
641 1137 700 1171 illo
725 1136 779 1171 die
803 1136 890 1171 solvi
909 1136 1097 1182 jejunium.
1146 1139 1189 1170 At
1214 1137 1432 1182 Augustinus
1462 1137 1498 1170 in
1523 1136 1679 1183 Epistola
1701 1137 1861 1182 proxime

299 1195 406 1229 citata
427 1193 606 1229 nonnuliis
630 1193 667 1228 in
691 1193 847 1228 ecelesiis
870 1205 1003 1228 morem
1027 1194 1138 1228 fuisse
1163 1193 1332 1235 declarat,
1358 1201 1394 1227 ut
1417 1194 1468 1227 bis
1484 1196 1602 1238 quinta
1623 1194 1762 1228 sabbati
1783 1193 1859 1228 heb-

299 1252 467 1286 domadae
492 1252 629 1285 ultimae
664 1252 966 1296 quadrayesimae,
1004 1258 1036 1284 et
1058 1263 1172 1292 mane,
1209 1257 1240 1284 et
1264 1252 1312 1284 ad
1335 1263 1508 1296 vesperam
1534 1253 1730 1296 offerretur,
1767 1251 1859 1297 quod

297 1307 564 1355 improbandum
589 1318 666 1342 esse
689 1312 807 1353 negat.
853 1307 952 1349 Quod
975 1309 1090 1354 ipsum
1115 1308 1196 1342 olim
1214 1308 1250 1342 iu
1274 1313 1388 1342 vetere
1413 1308 1560 1342 ecclesia
1583 1307 1704 1342 ceteris
1735 1307 1858 1343 diebus

299 1367 468 1401 usitatum
492 1365 619 1407 fuisse,
642 1364 774 1399 indicat
798 1365 994 1410 Cyprianus
1013 1365 1121 1411 Epist.
1139 1377 1238 1400 mun.
1264 1365 1342 1399 edit.
1362 1365 1457 1399 Pam.
1506 1364 1572 1399 Ubi
1595 1365 1782 1400 nonnullos
1805 1376 1857 1400 re-

298 1422 481 1469 prehendit
509 1423 570 1468 qui
599 1422 634 1456 in
666 1422 845 1457 matutinis
868 1422 1047 1456 sacrificiis
1071 1432 1199 1468 aquam
1225 1422 1336 1456 solam
1360 1421 1586 1464 adhibebant,
1611 1434 1651 1456 ne
1669 1434 1736 1468 per
1757 1434 1858 1468 sapo-

297 1493 369 1515 rem
391 1483 465 1514 vini
486 1480 678 1514 redolerent
698 1483 896 1524 sanquinem
922 1479 1061 1515 Christi.
1107 1479 1202 1522 Quos
1227 1480 1276 1514 ita
1299 1480 1466 1525 castigat:
1491 1480 1549 1512 An
1571 1480 1635 1513 illa
1651 1479 1718 1513 sibi
1733 1480 1858 1526 aliquis

298 1539 577 1583 contemplatione
601 1537 787 1580 blanditur,
811 1538 899 1582 quod
921 1539 984 1572 etei
1005 1549 1104 1571 mane
1129 1549 1219 1583 aqua
1243 1538 1316 1571 sola
1340 1538 1460 1582 offerri
1481 1538 1624 1579 videtur,
1649 1543 1760 1571 tamen
1783 1548 1856 1571 cum

299 1597 348 1630 ad
370 1596 578 1630 coenandum
602 1597 760 1636 venimus,
784 1597 921 1629 mixtum
947 1595 1090 1629 calicem
1115 1596 1295 1640 offerimus,
1320 1595 1382 1628 sed
1403 1606 1476 1628 cum
1495 1606 1683 1636 coenamus,
1709 1595 1759 1629 ad
1781 1605 1856 1629 con-

296 1655 422 1687 vivium
446 1658 593 1687 nostrum
614 1652 743 1698 plebem
769 1663 956 1686 convocare
979 1664 1043 1686 non
1062 1663 1256 1697 possumus,
1292 1658 1328 1685 u!
1350 1653 1561 1685 sacramenti
1583 1653 1758 1686 veritatem
1772 1653 1856 1696 fra-

298 1713 458 1744 ternitate
487 1711 577 1744 omni
602 1715 784 1755 praesente
821 1709 1032 1744 celebremus.
1081 1707 1141 1743 Bis
1165 1708 1273 1754 igitur
1303 1707 1473 1743 sacrificia
1497 1706 1661 1742 celebrari
1685 1708 1855 1751 solebant,

296 1777 416 1809 mane,
441 1771 475 1801 et
499 1766 639 1812 quidem
663 1766 818 1812 publice,
842 1771 919 1802 tum
942 1766 1104 1813 privatim
1129 1766 1195 1801 sub
1222 1776 1411 1812 vesperam.

387 1823 448 1857 Καὶ
473 1823 578 1864 οὕτως
602 1821 765 1868 ἀπόλυει.]
814 1822 990 1863 Ἀπόλυσις
1014 1828 1068 1858 est
1090 1826 1211 1866 missa,
1251 1823 1325 1857 sive
1357 1825 1486 1865 missio,
1522 1832 1603 1856 cum
1627 1822 1794 1857 diaconus
1818 1831 1855 1856 re

295 1891 395 1916 sacra
417 1881 577 1916 confecta
599 1881 768 1927 populum
793 1881 946 1917 dimittit.
993 1882 1107 1923 Quare
1131 1879 1389 1915 subaudiendus
1415 1883 1469 1914 est
1493 1877 1510 1913 ὁ
1536 1877 1695 1919 διάκονος.

385 1936 442 1972 Ἐν
459 1940 497 1985 τῇ
515 1937 729 1985 ἁναστασίμῳ
754 1937 885 1985 ἡμέρᾳ]
912 1938 1051 1985 Proprie
1076 1936 1203 1984 μεγάλη
1228 1936 1332 1984 ἡμέρα
1349 1936 1479 1984 pascha
1494 1937 1703 1972 nominatur.
1750 1935 1796 1970 Ut
1818 1936 1853 1971 in

294 1997 479 2042 Ancyrano
504 1994 587 2031 Gan.
605 2007 657 2030 vr:
690 1993 779 2036 ἔδοξε
811 1995 908 2041 μέχρι
939 1997 995 2040 τῆς
1027 1994 1172 2042 μεγάλης
1203 1994 1325 2042 ἡμέρας
1356 1993 1396 2035 εἰς
1421 1992 1575 2041 ἀκρόασιν
1601 1993 1763 2040 δεχθῆναι.
1811 1992 1855 2028 Et

294 2053 460 2100 qnoniam
496 2053 532 2088 in
567 2052 780 2088 illustrandis
806 2053 931 2088 veteris
956 2053 1122 2088 ecelesiae
1147 2053 1271 2087 ritibus
1295 2056 1442 2087 navatur
1471 2063 1493 2086 a
1527 2052 1628 2086 nobis
1654 2061 1775 2098 opera,
1811 2050 1853 2084 de

294 2122 364 2146 uno
399 2111 551 2146 alterove
576 2111 739 2145 lectorem
775 2109 1041 2144 admonebimus
1067 2110 1125 2155 qui
1156 2120 1216 2155 per
1239 2110 1401 2144 solennes
1427 2107 1602 2154 paschatis
1625 2108 1730 2143 ferias
1755 2118 1852 2142 usur-

291 2168 368 2215 pari
391 2168 563 2204 solebant.
610 2166 677 2210 Qui
713 2167 777 2202 etsi
812 2166 856 2202 ad
880 2165 1113 2213 Epiphanium
1145 2171 1300 2201 nostrum
1326 2165 1411 2200 nihil
1436 2165 1622 2200 admodum
1647 2165 1852 2211 pertineant,

292 2226 377 2260 alias
394 2229 510 2260 tamen
528 2224 658 2260 habent
673 2224 967 2271 opportunitates,
992 2224 1035 2258 ob
1053 2234 1139 2269 quas
1157 2223 1294 2258 iliorum
1312 2234 1381 2257 non
1400 2221 1706 2269 praetermittenda
1721 2223 1852 2257 mentio

292 2282 437 2318 videtur.
483 2282 638 2317 Primum
670 2282 778 2328 igitur
813 2292 874 2328 per
899 2281 976 2316 illos
1001 2279 1074 2315 dies
1099 2290 1119 2315 a
1144 2279 1349 2315 Christianis
1374 2279 1640 2326 imperatoribus
1667 2279 1771 2314 vincti
1796 2289 1851 2314 ca-

290 2339 443 2386 plivique
467 2350 486 2374 e
510 2349 647 2374 carcere
670 2339 907 2374 mittebantur.
955 2337 1116 2373 Monachi
1134 2336 1300 2383 Eutychis
1318 2336 1482 2371 haeretici
1499 2337 1534 2371 in
1560 2337 1677 2371 libello
1702 2336 1852 2383 supplici

290 2396 333 2431 ad
357 2396 668 2443 pseudosynodum
694 2394 905 2443 Ephesinam
941 2394 976 2430 in
1003 2395 1098 2429 Actis
1123 2393 1328 2430 Chalcedon.
1359 2394 1504 2429 Concilii
1529 2393 1571 2429 de
1595 2393 1651 2429 die
1674 2392 1850 2440 paschatis

291 2454 492 2500 loquentes,
528 2451 601 2488 καθ’
625 2453 676 2497 ἣν,
711 2453 885 2500 inquiunt,
921 2450 1031 2486 λύεται
1055 2449 1112 2498 μὶν
1148 2454 1215 2491 τοῖς
1248 2450 1407 2491 πλείστοις
1433 2451 1498 2485 τῶν
1521 2449 1760 2498 ἡμαρτηκότων
1784 2447 1849 2484 ἀπὸ

290 2512 356 2545 τῶν
381 2510 483 2558 ἁγίων
507 2511 658 2558 πατέρων
681 2508 776 2558 ἡμῶν
801 2507 841 2545 τὰ
865 2507 1023 2556 δπιτίμια,
1050 2507 1159 2543 λύεται
1185 2507 1219 2543 δέ
1244 2508 1333 2555 παρὰ
1356 2509 1422 2542 τῶν
1448 2507 1685 2554 βασιλευόντων
1710 2506 1760 2542 ἐπὶ
1784 2508 1849 2541 τῶν

290 2566 507 2615 ἰγκλημάτων
537 2566 577 2603 τὰ
606 2567 711 2615 δεσμὰ
735 2569 801 2608 τοῖς
826 2566 1021 2607 ὑπευθύνοις.
1070 2565 1175 2601 Extat
1199 2565 1319 2601 eadem
1344 2565 1385 2601 de
1410 2576 1446 2601 re
1469 2565 1580 2612 impp.
1605 2564 1848 2608 Valentiniani,

292 2625 445 2661 Veientis
469 2630 502 2661 et
528 2625 686 2662 Gratiani
712 2625 915 2671 rescriptum
943 2635 1015 2660 tm.
1041 2623 1082 2658 de
1107 2622 1240 2670 indulg.
1264 2622 1346 2659 Cod.
1364 2621 1551 2659 Theodom:
1604 2622 1651 2657 Ob
1676 2623 1762 2657 diem
1781 2634 1848 2668 pa-

289 2681 394 2717 schae
417 2695 509 2729 quem
533 2685 651 2718 r'nta'mo
677 2684 779 2717 corde
804 2682 1011 2717 celebramus
1020 2706 1028 2723 ,
1070 2681 1234 2722 omnibus,
1270 2693 1350 2726 quos
1373 2686 1490 2715 reatus
1529 2682 1701 2726 aelrinqc't,
1725 2690 1849 2714 carcer

289 2740 437 2782 fractum,
461 2741 615 2775 claustra
640 2734 860 2775 dissolvimur.
909 2738 1016 2774 Huius
1041 2738 1142 2774 nobis
1164 2737 1490 2773 commemorandae
1506 2736 1766 2772 consuetudinis
1791 2746 1847 2772 οο-

289 2795 464 2832 casionem
501 2797 596 2832 dedit
618 2796 857 2832 Themistisna
892 2794 1064 2842 quaedam
1103 2796 1231 2838 oratio,
1268 2795 1368 2842 quus
1403 2798 1649 2841 argumentum
1681 2794 1846 2829 hactenus

289 2853 504 2899 ignoratum,
530 2864 592 2889 nec
617 2864 638 2889 a
662 2854 763 2890 nobis
787 2853 892 2889 etlam
916 2853 951 2888 in
976 2852 1169 2888 novissima
1191 2856 1311 2888 nostra
1334 2851 1482 2888 editione
1508 2851 1593 2886 satis
1619 2851 1845 2894 intellectum,

289 2910 477 2957 plurimum
502 2909 581 2946 huic
605 2911 839 2947 observationi
864 2910 1011 2947 debebit.
1058 2910 1107 2946 Es
1123 2914 1176 2946 est
1191 2909 1282 2945 inter
1297 2907 1552 2945 Themistianas
1570 2908 1689 2944 ordine
1713 2909 1844 2955 quinta,

289 2968 323 3003 in
348 2978 418 3015 qus
433 2966 619 3003 Theodosii
644 2969 789 3003 senioris
815 2969 1033 3005 clementiam
1060 2967 1380 3013 humanitatemque
1403 2965 1587 3013 praedicat.
1634 2966 1745 3008 Quam
1770 2966 1845 3013 qui-

288 3024 366 3061 dem
390 3026 582 3061 orationem
608 3026 713 3071 vulgo
739 3036 941 3071 persuasum
968 3030 1041 3061 erat
1077 3026 1238 3061 omnibus
1275 3023 1317 3059 ad
1343 3022 1612 3059 Antiochensem
1648 3024 1741 3059 iiiam
1768 3034 1843 3069 pro-
