2008 3294
199 635 228 659 p.
242 626 300 653 358.

335 237 504 275 cccxvi

335 342 427 388 quod
441 345 611 388 negarent
625 342 808 385 stationes,
830 342 896 378 hoc
918 346 974 378 est
992 343 1122 379 ieiunia
1135 344 1228 378 ultra
1243 353 1374 378 nonam
1384 344 1626 390 propaganda,
1650 355 1746 387 cum,
1769 347 1809 379 ut
1830 355 1876 381 ex

333 399 478 434 infinitis
493 402 646 433 veterum
661 400 868 434 testimoniis
884 404 1035 444 constat,
1057 401 1101 436 ad
1123 401 1233 436 solem
1256 411 1416 436 occasum
1438 411 1547 447 usque
1561 401 1692 436 ieiunia
1705 401 1876 448 produxe·

335 457 414 490 rint.
450 455 517 490 Sed
533 456 626 490 aliud
640 456 798 491 videlicet
811 457 917 492 statio
930 460 985 492 est
998 468 1104 504 quam
1117 458 1300 500 ieiunium,
1324 462 1360 492 et
1372 458 1503 493 ieiunia
1516 459 1703 493 stationum
1714 485 1723 501 ‚
1746 458 1798 493 uti
1812 469 1877 493 nec

335 513 502 547 stationes
515 513 629 559 ipsae,
651 513 795 548 minime
816 514 907 549 ultra
927 525 1056 550 nonam
1079 515 1363 549 observabantur.
1397 513 1509 556 Quare
1523 515 1646 550 merito
1662 526 1684 550 a
1697 514 1877 550 catholicis

335 570 808 616 castigataMontanistaru‘m
822 571 882 606 illa
896 571 1033 606 novitas
1049 575 1119 614 est,
1143 571 1235 618 quod
1257 571 1425 606 stationes
1447 574 1484 606 et
1502 571 1635 608 ieiunia
1655 572 1748 614 aliis,
1771 581 1878 618 quam

335 637 426 673 quae
441 627 485 662 ab
501 627 647 662 ecclesia
660 628 872 674 praescripta
887 633 1016 671 essent,
1037 629 1250 674 temporibus
1267 628 1311 663 ad
1325 638 1506 674 vesperam
1520 629 1753 664 extenderent.
1787 628 1878 665 Nm

333 684 422 719 feria
443 687 568 730 quarta
586 688 756 731 sextaque
778 684 822 720 ad
842 696 971 720 nonam
994 685 1163 721 duntaxat
1180 696 1418 732 perseverasse
1431 685 1470 720 in
1484 685 1632 720 statione
1646 686 1879 721 Montanistas

335 741 457 776 eodem
471 741 531 776 illo
546 741 634 776 libro
651 751 726 788 cap.
738 754 771 777 x.
788 742 929 779 Tertull.
943 743 1088 778 indicat:
1113 743 1192 777 Non
1207 745 1307 789 quasi
1320 754 1518 788 respuamus
1532 754 1668 785 nonam,
1682 743 1805 789 inquit,
1823 745 1880 778 cus‘

335 805 368 832 et
381 804 505 843 quarta
520 799 658 833 sabbati
672 805 704 833 et
716 805 811 834 sexta
820 801 1003 845 plurimum
1009 803 1197 846 fimyimur.
1231 800 1417 846 Propterea
1437 810 1517 834 vero
1539 799 1726 835 stationum
1742 799 1880 835 ‘ieiunia

333 856 395 890 illa
409 858 620 890 semiieiunia
635 856 680 890 ab
696 856 817 891 eodem
833 859 952 892 autore
966 857 1200 899 nominantur,
1217 867 1292 903 cap.
1305 868 1398 892 nm:
1423 856 1516 891 Ecce
1531 859 1617 891 enim
1634 856 1700 902 (ait
1713 856 1879 892 adversus

334 911 538 956 catholicos)
554 915 711 948 convenio
726 925 784 948 vos
799 921 832 948 et
839 921 982 959 praeter
991 914 1127 960 pascha
1143 917 1331 948 ieiunantes
1347 916 1437 948 citra
1449 914 1526 947 illos
1543 914 1625 956 dies,
1649 914 1765 959 quibus
1781 914 1879 948 abla-

335 975 387 1004 ms
402 974 452 1004 eet
463 981 618 1014 sponsus,
633 977 667 1004 et
678 973 859 1006 stationum
871 973 1082 1006 semiieiunia
1096 974 1352 1017 interponentes.

424 1026 494 1062 Sed
516 1027 782 1062 obscurissimus
805 1031 859 1062 est
878 1027 1003 1062 iisdem
1025 1028 1066 1063 de
1090 1028 1297 1063 stationibus
1320 1031 1462 1074 quartae
1477 1030 1663 1074 sextaeque
1676 1027 1783 1063 feriae
1798 1027 1879 1063 Teu-

334 1083 470 1118 tulliani
483 1084 582 1118 locus
598 1094 672 1130 cap.
684 1096 774 1119 xrv.:
800 1084 868 1119 Cur
881 1085 1094 1127 stationibus,
1115 1085 1243 1131 inquit,
1267 1091 1424 1130 quartam
1444 1091 1477 1120 et
1489 1090 1617 1119 sextam
1631 1085 1768 1119 sabbati
1782 1085 1879 1119 dica-

333 1153 406 1174 mus
421 1147 454 1176 et
466 1143 602 1175 ieiuniis
614 1144 848 1187 parasceven!
885 1141 975 1176 Nam
994 1152 1181 1188 parasceve
1205 1141 1288 1187 quid
1307 1141 1400 1176 aliud
1416 1144 1468 1176 est
1483 1152 1590 1188 quam
1605 1145 1706 1176 sexta
1721 1141 1879 1177 sabbati?

333 1197 514 1232 Praeterea
527 1197 694 1233 ieiunium
709 1209 894 1245 parasceve
909 1199 974 1234 soli
989 1199 1126 1241 tribuit,
1147 1199 1247 1245 quasi
1262 1210 1334 1234 non
1349 1202 1384 1233 et
1397 1198 1484 1233 feria
1500 1202 1622 1244 quarta
1637 1202 1676 1234 ut
1690 1198 1808 1242 statio,
1830 1198 1882 1233 ita

334 1255 502 1290 ieiunium
523 1255 666 1290 solenne
687 1255 800 1290 fuerit.
834 1256 944 1290 Huius
966 1256 1003 1291 in
1024 1256 1093 1290 loci
1113 1255 1393 1302 interpretatione
1414 1256 1543 1290 mirum
1564 1255 1647 1302 quid
1668 1255 1822 1298 Pamelio
1841 1255 1880 1291 in

334 1316 487 1347 mentem
502 1313 644 1356 venerit,
659 1323 739 1347 cum
753 1323 966 1359 parasceven
981 1323 1002 1347 a
1016 1313 1225 1348 Tertulliano
1243 1323 1334 1348 nove
1349 1312 1534 1347 sabbatum
1549 1312 1716 1359 appellari
1730 1312 1881 1348 credidit.

333 1369 512 1411 Statioms,
527 1370 650 1416 inquit,
666 1371 821 1416 appellat
833 1375 976 1415 quartae
992 1377 1024 1404 et
1036 1360 1273 1415 sextaefer'iae
1286 1371 1428 1412 ieiunia,
1443 1371 1531 1415 quod
1543 1375 1672 1404 statuta
1689 1375 1796 1404 essent
1808 1370 1881 1404 ems

336 1428 451 1462 diebus
465 1429 610 1469 ieiunia,
634 1439 698 1461 non
713 1429 790 1461 item
807 1429 862 1462 die
871 1439 1098 1473 parasceves,
1121 1438 1206 1472 quae
1225 1431 1326 1461 erant
1345 1427 1550 1462 voluntaria.
1594 1426 1640 1462 Et
1660 1437 1805 1462 numero
1827 1437 1881 1462 se-

335 1488 461 1531 quente
471 1496 687 1530 parasceven
707 1484 757 1519 ait
772 1496 842 1519 esse
857 1485 1049 1526 sabbatum,
1071 1485 1159 1530 quod
1174 1485 1376 1518 dominicam
1386 1485 1620 1529 praecederet.
1659 1483 1731 1524 Quo
1755 1485 1811 1519 die
1831 1486 1880 1518 ie·

333 1544 459 1576 iunium
471 1554 538 1588 pro
554 1544 708 1587 cuiusque
723 1542 891 1576 voluntate
905 1547 1074 1576 servatum
1091 1547 1148 1576 est.
1183 1539 1277 1575 Nihil
1299 1543 1359 1575 aui:
1379 1540 1563 1576 absurdius
1580 1543 1641 1576 aut
1657 1541 1748 1587 quod
1763 1551 1785 1576 a
1799 1540 1880 1576 Ter-

334 1599 469 1634 tulliani
485 1602 599 1634 mente
614 1599 730 1645 magis
745 1597 944 1634 abhorreret
959 1597 1073 1633 afferri
1087 1598 1211 1644 potuit.
1247 1597 1397 1632 Tantum
1418 1597 1512 1632 enim
1534 1598 1634 1632 abest
1648 1601 1687 1632 ut
1700 1597 1881 1642 Tertullia-

334 1667 401 1692 nus
416 1657 602 1691 sabbatum
617 1656 753 1691 ieiuniis
769 1655 921 1691 dicatum
937 1666 1014 1690 esse
1025 1654 1314 1702 pronunciaverit,
1329 1658 1370 1689 ut
1380 1654 1422 1690 de
1434 1665 1474 1689 eo
1487 1656 1607 1690 statim
1621 1654 1690 1689 ista
1702 1654 1880 1690 subiiciat:

339 1714 538 1759 Quanquam
553 1725 611 1748 vos
626 1716 727 1748 etiam
742 1714 934 1755 sabbatum,
958 1715 990 1747 si
1009 1714 1159 1759 quando,
1184 1714 1404 1754 continuatis,
1426 1723 1594 1756 nunquam
1616 1713 1684 1746 nisi
1697 1714 1734 1746 iu
1743 1711 1882 1758 puecha

335 1772 566 1813 ieiunandum,
578 1772 757 1805 secundum
768 1772 935 1805 rationem
948 1770 1034 1804 alibi
1043 1770 1224 1804 redditam.
1249 1768 1288 1804 Si
1299 1778 1479 1814 nunquam
1490 1767 1636 1803 sabbato
1647 1767 1881 1813 ieiunandum,

336 1839 405 1863 uno
422 1828 593 1863 duntaxat
608 1831 770 1874 excepto,
794 1826 966 1873 quomodo
983 1826 1135 1861 dicatum
1150 1837 1172 1861 a
1195 1826 1285 1870 suis,
1307 1825 1448 1872 perinde
1471 1835 1512 1860 ac
1535 1823 1730 1868 catholicis,
1752 1825 1882 1861 ieiunio

336 1885 520 1920 sabbatum
531 1884 763 1920 Tertullianus
780 1884 892 1919 dicere
907 1884 1043 1931 potuit?
1066 1882 1214 1918 Aliunde
1229 1883 1336 1929 igitur
1351 1881 1548 1929 quaerenda
1563 1885 1617 1917 est
1630 1881 1699 1917 loci
1711 1882 1806 1918 illius
1821 1893 1883 1918 ex-

334 1942 486 1988 plicatio.
510 1941 605 1984 Quae
621 1953 667 1977 an
681 1941 852 1977 eiusmodi
864 1941 976 1988 possit
991 1944 1092 1983 esset,
1109 1939 1397 1976 considerandum
1409 1943 1472 1976 est.
1497 1938 1668 1975 Nimirum
1680 1938 1882 1975 Tertulliani

336 2003 507 2045 tempore,
530 2010 609 2034 cum
632 1998 799 2034 stationes
813 1998 900 2033 feria
915 2002 1038 2044 quarta
1053 2001 1088 2032 et
1102 2001 1204 2032 sexta
1218 1997 1358 2040 fierent,
1382 1996 1506 2032 ambae
1529 1995 1668 2042 quidem
1689 1995 1734 2032 ad
1753 2007 1882 2033 nouam

337 2057 509 2092 duntaxat
529 2055 649 2091 horam
671 2058 877 2102 prorogatae
900 2059 999 2098 suut,
1022 2054 1084 2090 sed
1105 2054 1192 2090 feria
1207 2058 1331 2100 quarta
1345 2054 1464 2089 statim
1478 2056 1558 2100 post
1573 2053 1733 2093 stationis
1747 2053 1884 2089 exitum

336 2113 526 2160 horamque
541 2123 670 2148 nonam
685 2113 852 2148 ieiunium
868 2112 1002 2147 solvere
1017 2112 1149 2147 licitum
1164 2110 1240 2146 fuit.
1271 2110 1380 2146 Sexta
1394 2120 1475 2145 vero
1491 2109 1593 2153 feria,
1609 2109 1747 2157 expleto
1763 2110 1882 2146 statio-

336 2172 392 2207 nis
414 2175 587 2217 tempore,
610 2181 679 2205 non
702 2169 820 2204 statim
842 2168 895 2204 fas
918 2172 991 2204 erat
1014 2167 1124 2211 vesci,
1147 2167 1209 2203 sed
1231 2167 1275 2204 ad
1290 2177 1470 2214 vesperam
1493 2170 1638 2203 tantum.
1684 2165 1780 2202 Unde
1794 2166 1883 2203 feria

338 2231 460 2275 quarta
475 2227 747 2270 semiieiunium,
762 2231 801 2261 ut
816 2225 1048 2261 Tertullianus
1064 2228 1176 2267 vocat,
1193 2224 1413 2260 obsonatum
1430 2227 1492 2267 est,
1508 2227 1608 2259 sexta
1623 2223 1800 2260 ieiunium.
1829 2223 1883 2260 Ita

338 2285 513 2321 nonnullis
527 2285 565 2320 in
580 2284 682 2327 locis,
697 2287 737 2319 ut
752 2283 854 2330 paulo
869 2286 947 2330 post
962 2286 1109 2318 testatur
1123 2280 1353 2329 Epiphanius,
1369 2281 1455 2316 feria
1467 2281 1587 2327 quinta
1601 2280 1741 2316 maioris
1753 2279 1886 2317 hebdo-

338 2342 458 2378 madae
473 2353 552 2378 cum
567 2341 734 2377 stationes
749 2345 784 2376 et
798 2350 950 2387 synaxes
965 2338 1007 2375 ad
1023 2338 1146 2375 horam
1160 2349 1289 2374 nonam
1304 2337 1567 2380 celebrarentur,
1583 2347 1653 2373 uon
1668 2340 1785 2373 tamen
1801 2337 1882 2374 sub·

338 2400 416 2436 iude
428 2399 557 2435 ieiunia
569 2398 801 2434 solvebantur.
824 2397 868 2433 Et
878 2408 959 2433 vero
973 2396 1118 2432 arctiore
1129 2396 1256 2432 ieiunio
1270 2406 1312 2431 ac
1323 2395 1534 2431 diuturniore
1549 2393 1663 2430 inedia
1678 2394 1883 2432 celebranda

338 2457 411 2492 dies
430 2457 487 2492 ille
501 2456 629 2498 suerat,
653 2466 742 2502 quae
765 2454 955 2490 dominicae
978 2453 1132 2500 passioni
1155 2453 1339 2500 praecipue
1362 2455 1593 2488 consecratur.
1628 2450 1796 2498 Equidem
1810 2462 1883 2488 non

338 2514 437 2549 video
454 2513 536 2560 quid
551 2513 594 2549 de
608 2511 809 2548 Tertulliani
824 2512 900 2547 loco
915 2511 974 2547 illo
990 2510 1057 2547 dici
1073 2510 1285 2557 probabilius
1300 2509 1421 2557 possit.
1459 2509 1533 2544 Iam
1547 2519 1628 2544 vero
1644 2516 1705 2555 per
1719 2508 1796 2544 illos
1812 2512 1882 2545 sta-

339 2572 473 2607 tionum
490 2570 580 2613 dies,
603 2580 691 2616 quae
707 2580 783 2605 cum
802 2568 930 2604 ieiunio
946 2568 1148 2604 coniunctas
1167 2570 1280 2610 erant,
1303 2570 1424 2603 contra
1445 2569 1548 2613 atque
1570 2565 1607 2601 iu
1629 2565 1818 2602 maioribus
1832 2565 1881 2601 ie-

341 2629 443 2663 iuniis
459 2627 619 2674 usurpari
633 2629 868 2669 consueverat,
882 2625 1000 2661 divina
1014 2625 1179 2671 mysteria
1194 2627 1229 2659 et
1239 2623 1410 2659 sacrificia
1420 2622 1684 2670 peragebantur,
1699 2621 1882 2658 distributa

341 2695 477 2731 qnoque
492 2685 527 2721 in
544 2683 662 2719 fideles
677 2682 899 2725 eucharistia3
923 2692 1028 2729 quam
1050 2686 1166 2718 tamen
1189 2692 1259 2717 uon
1275 2680 1421 2717 subinde
1435 2680 1471 2716 iu
1484 2690 1524 2716 oa
1539 2679 1667 2722 tranei,
1690 2678 1750 2715 sed
1774 2688 1881 2715 reser-

341 2741 413 2776 vari
438 2746 592 2788 oportere
615 2740 847 2777 Tertullianus
872 2738 1049 2781 admonet,
1077 2738 1113 2774 in
1139 2738 1233 2774 ealce
1255 2738 1314 2774 lib.
1338 2737 1380 2773 de
1404 2736 1498 2773 Orat.
1523 2735 1632 2772 donec
1653 2735 1813 2771 absoluta
1835 2735 1882 2771 sit

341 2798 454 2834 statio.
489 2797 606 2844 Neque
622 2802 696 2833 tum
712 2796 993 2844 praetermissum
1009 2795 1143 2831 videtur
1157 2795 1252 2842 pacis
1269 2794 1440 2838 osculum,
1464 2792 1555 2840 quod
1577 2802 1646 2828 uno
1663 2790 1811 2839 paschae
1826 2791 1881 2828 dle

341 2854 565 2891 communiter
581 2855 625 2889 ab
642 2854 802 2890 omnibus
819 2854 986 2889 omissum
1001 2852 1091 2888 idem
1107 2856 1226 2888 auctor
1241 2850 1425 2898 siguificat.
1461 2849 1529 2885 Sed
1545 2848 1587 2885 de
1602 2849 1705 2885 variis
1721 2849 1880 2885 ecclesia-

341 2921 417 2947 rum
440 2911 561 2946 ritibus
585 2911 727 2946 consule
751 2921 839 2957 quae
858 2910 894 2946 in
910 2909 1084 2956 superiore
1100 2913 1183 2945 nota
1197 2920 1241 2944 ex
1258 2907 1451 2955 Augustino
1467 2910 1502 2943 et
1516 2906 1715 2942 Innocentio
1730 2905 1880 2942 declara-

342 2969 465 3004 vimus.
501 2967 603 3002 Plura
623 2967 663 3002 de
685 2967 750 3003 hoc
772 2967 961 3003 stationum
978 2966 1045 3002 ritu
1062 2966 1275 3012 antiquitatis
1291 2963 1540 3001 ecclesiasticae
1556 2963 1700 2999 studiosi
1715 2963 1880 3010 pervesti-

341 3035 425 3071 gare
448 3027 623 3071 poterunt,
645 3034 724 3059 cum
748 3029 783 3059 st
804 3035 866 3059 nos
889 3024 1052 3070 pleraque
1072 3022 1230 3059 consulto
1253 3020 1544 3069 praeterierimus,
1569 3024 1607 3056 ut
1628 3031 1670 3056 ea
1692 3019 1766 3056 sola
1787 3029 1879 3055 com-

342 3083 567 3130 plecteremur
581 3091 730 3128 qucrum
745 3080 938 3117 obscuritas
953 3081 1066 3116 lucem
1081 3079 1234 3127 aliquam
1247 3082 1386 3116 nostrae
1401 3076 1642 3125 disputationis
1657 3076 1823 3124 exigeret.
