2008 3294
1603 150 1702 187 com

156 271 248 309 papa
263 259 340 295 οὐδὲ
353 259 511 308 ἠρνοῦντο
525 259 583 294 τὀν
600 259 720 294 Πιστον
737 258 801 294 ὑπὸ
817 257 998 293 Σεκούνδου
1015 255 1187 303 ἐσχηκέναι
1202 256 1257 301 τὴν
1273 255 1480 291 κατάστασιν.
1525 254 1596 291 Sed
1611 254 1703 302 quod

157 317 247 354 inter
261 317 504 365 episcoposab
518 316 713 364 Epiphanio
727 316 907 358 referatur,
922 315 1084 350 excusari
1098 325 1168 349 non
1184 318 1307 361 potest.

246 373 288 410 Ν.
303 387 354 412 rx.
385 372 442 414 Ὦς
460 370 516 408 οὖν
533 373 622 408 οὕτω
644 374 872 420 παραινιῖτο.]
918 371 1069 407 Multum
1091 371 1128 406 in
1151 371 1292 407 historia
1312 371 1445 406 Meletii
1464 370 1603 416 lapsum
1625 380 1703 404 esse

157 442 262 478 supra
275 431 439 468 vidimus.
480 431 630 477 Largius
645 431 683 466 in
698 430 847 467 Arianae
862 428 1015 465 haeresis
1031 428 1260 474 descriptione
1274 428 1430 474 peccavit
1443 427 1495 462 vir
1509 426 1639 473 alioqui
1654 426 1703 461 di-

155 488 420 535 ligentissimus.
449 487 539 524 Nam
555 499 646 534 quae
661 487 824 535 deinceps
839 485 998 534 exponit,
1019 495 1062 520 ea
1076 489 1155 531 post
1169 484 1356 520 Nicaenum
1371 484 1556 520 concilium
1571 483 1703 519 aecide-

157 549 254 589 runt,
268 555 361 582 anno
378 544 578 587 undecimo;
598 543 665 580 hoc
682 548 736 580 est
750 543 878 580 Christi
893 553 1085 579 occmvr.
1130 542 1175 576 At
1188 541 1398 588 Epiphanius
1412 541 1534 577 Arium
1549 547 1631 576 ante
1643 539 1704 577 Ni·

157 612 305 639 caenum
321 602 504 638 concilium
521 602 715 637 excessisse
730 604 840 649 putat.
884 600 924 636 In
941 610 1009 646 quo
1026 598 1232 645 scriptorum
1249 599 1401 634 omnium
1417 609 1591 634 consensu
1604 597 1705 634 refel-

155 658 250 695 litur.
273 658 384 695 Nimia
398 659 485 695 illud
499 663 622 695 notum
639 662 707 702 est,
722 659 896 695 viventem
911 655 1022 692 adhue
1035 656 1156 691 Arium
1171 666 1194 690 a
1205 655 1342 701 Synodo
1358 655 1561 691 damnatum
1578 659 1612 691 et
1625 659 1706 702 post

156 716 291 763 aliquot
305 727 416 752 annos
432 716 574 752 Ensebii
589 727 696 763 opera
709 715 907 752 restitutum
921 712 1225 760 Constantinopoli
1238 716 1412 749 mortuum
1432 723 1520 747 esse.
1566 712 1618 748 De
1633 723 1703 759 que

155 772 337 816 Socrates,
353 773 514 809 Raffinus
523 800 533 817 ,
545 773 780 811 Theodoretns
789 799 798 816 ,
814 771 1031 808 Sozomenus
1046 774 1082 806 et
1093 774 1173 806 ante
1186 781 1306 807 omnes
1315 769 1537 805 Athanasius.
1559 769 1614 805 Ex
1629 770 1704 816 qni·

156 830 223 867 bus
237 830 462 878 corrigendus
478 830 707 878 Epiphanius,
722 830 783 877 qui
798 841 843 865 ex
857 828 1057 865 mais-imis
1072 826 1278 874 quibusdem
1294 827 1378 862 actis
1395 830 1455 861 aut
1468 826 1622 861 historiis
1637 827 1706 861 ista

157 887 349 934 descripsit.
391 886 484 923 Sane
499 899 580 923 cnm
595 888 748 935 primum
763 885 1015 922 Alexandrinos
1030 885 1109 920 illos
1122 884 1290 920 tumultus
1313 888 1347 918 et
1361 883 1435 918 Arii
1448 882 1704 919 damnationem

157 944 310 991 optimus
331 944 520 991 imperator
543 945 692 991 accepit,
721 944 838 980 literas
862 943 906 978 ad
927 942 1164 980 Alexandrum
1187 944 1223 976 et
1236 941 1354 976 Atiam
1378 940 1528 975 scrioros
1551 940 1644 976 dedit
1671 945 1706 976 et

156 1001 303 1037 Hosium
325 1001 586 1037 Cordubensem
606 1001 854 1037 Alexandriam
875 999 990 1042 misit,
1012 999 1072 1046 qui
1095 999 1263 1034 orientem
1284 998 1379 1033 illam
1401 998 1588 1043 procellam
1611 1008 1704 1033 com-

156 1062 310 1106 poneret.
335 1057 435 1100 Quod
451 1059 511 1094 ubi
525 1058 668 1094 minime
684 1058 866 1105 processit,
881 1060 956 1092 tum
971 1056 1112 1091 demum
1126 1055 1313 1091 Nicaenam
1327 1054 1498 1100 synodum
1515 1054 1648 1100 coegit,
1664 1065 1704 1090 ac

77 1143 80 1147 <
156 1118 333 1162 postremo
349 1126 460 1159 anno,
477 1115 528 1151 uti
543 1115 713 1158 diximus,
735 1114 919 1150 undecimo
935 1123 958 1149 a
973 1117 1113 1160 peracta
1127 1112 1268 1159 Synodo
1282 1112 1402 1147 Arium
1419 1111 1705 1158 Constantinopo-

156 1172 220 1208 lim
241 1183 304 1219 per
325 1172 444 1208 literas
467 1173 632 1208 evocavit.
675 1172 769 1208 Haec
793 1171 1008 1218 temporibus
1024 1170 1172 1206 discreta
1187 1168 1340 1205 contudit
1355 1179 1395 1204 ac
1411 1169 1613 1215 permiscuit
1626 1168 1705 1215 Epi-

156 1228 317 1276 phanias.

248 1285 355 1333 Ὀμοΰ
371 1286 407 1321 δὲ
422 1286 515 1333 ζήλῳ
530 1285 704 1333 ἐπαρθείς]
748 1286 851 1322 Edita
873 1289 928 1322 est
949 1285 1036 1321 haec
1059 1284 1280 1321 Constantini
1301 1284 1344 1320 ad
1365 1283 1486 1320 Arium
1509 1287 1545 1319 et
1559 1284 1705 1319 Arianos

157 1343 312 1391 Epistola
326 1354 348 1379 a.
361 1343 524 1380 Foderieo
539 1343 684 1380 Morello
700 1355 792 1380 anno
810 1353 943 1379 uoxov.
982 1342 1037 1378 Ex
1053 1353 1124 1390 qua
1139 1341 1372 1379 emendandus
1387 1340 1442 1377 hic
1457 1340 1643 1388 Epiphanii
1656 1342 1706 1376 lo-

157 1412 230 1437 eus.
274 1400 359 1447 Leg.
375 1401 493 1448 itaque
508 1400 599 1436 hunc
620 1401 657 1436 in
673 1401 815 1436 modum
831 1401 906 1436 eius
921 1401 1072 1436 initium.
1119 1399 1360 1438 Κωνσταντῑνος
1375 1398 1538 1444 Σεβαστὸς
1555 1397 1706 1444 μέγιστος

120 1498 125 1505 f
158 1456 275 1504 Ἀρείῳ
291 1457 346 1492 καὶ
360 1456 535 1505 Ἀριανοῖς
551 1469 640 1505 quae
656 1463 711 1494 est
723 1458 915 1505 inscriptio.
945 1457 1077 1494 Deinde
1092 1457 1201 1497 Κακος
1217 1455 1367 1504 ἑρμηνεὺς
1383 1455 1581 1502 αὐτόχρημα
1595 1460 1660 1491 etc.

248 1512 331 1561 Ἄγε
346 1513 387 1559 δὴ
403 1512 497 1555 ἄδδις
513 1513 645 1562 Ἄρηι]
677 1515 772 1551 Corr.
790 1527 836 1550 ex
853 1515 974 1550 eadem
988 1515 1143 1562 Epistola
1158 1511 1251 1560 Ἄρες
1267 1512 1384 1560 Ἀρειε.

247 1571 289 1607 Ν.
306 1583 340 1608 x.
372 1570 533 1612 Ἀποδοὺς
549 1571 650 1607 αὐτοῦ
667 1570 708 1607 τὰ
723 1571 828 1617 τέλη]
861 1571 949 1615 'mn
965 1571 1020 1607 hic
1036 1583 1099 1619 pro
1116 1574 1282 1607 intestinis
1294 1574 1488 1607 sumuntur.

111 1670 115 1675 .
247 1628 289 1664 N.
306 1641 356 1666 ιι.
382 1627 445 1664 ΔἘν
461 1631 510 1676 τῷ
528 1628 620 1676 αὐτῷ
635 1627 697 1664 ἔτει
712 1629 874 1674 παύεται]
922 1628 1082 1676 Quinque
1102 1629 1283 1664 mensibus
1303 1632 1382 1675 post
1399 1627 1588 1663 Nicaenam
1604 1639 1707 1674 syno-

159 1685 258 1728 dum,
275 1686 325 1722 sit
338 1685 505 1723 Athanas.
522 1686 620 1732 Apol.
632 1698 672 1722 n.
688 1690 726 1722 et
740 1686 988 1723 Theodoretns.
1035 1686 1106 1722 Sed
1129 1696 1218 1732 quae
1239 1685 1280 1720 de
1297 1685 1492 1720 Alexandro
1507 1696 1707 1728 successore

158 1746 232 1779 tam
245 1741 312 1779 hoc
326 1743 402 1779 loco
419 1754 526 1790 quam
539 1743 577 1779 in
593 1744 767 1790 superiore
778 1742 915 1779 haeresi
929 1755 1025 1779 num.
1037 1755 1084 1779 vr.
1100 1746 1219 1778 narrat
1228 1741 1459 1789 Epiphanius,
1473 1754 1553 1778 cum
1565 1741 1709 1778 historia

158 1799 254 1836 nullo
285 1799 388 1835 modo
419 1800 648 1836 consentiunt.
694 1801 768 1836 Hoc
791 1801 884 1836 enim
907 1805 1046 1836 constat
1066 1804 1203 1835 mortuo
1226 1799 1422 1836 Alexandro
1445 1799 1578 1835 nullum
1599 1800 1707 1835 aliurn

159 1856 369 1893 successisse
398 1863 534 1903 praeter
559 1856 808 1900 Athanasium,
842 1858 945 1905 idque
969 1858 1146 1893 communi
1169 1857 1325 1893 omnium
1347 1857 1506 1893 ordinum
1532 1857 1710 1893 voluntate

160 1925 200 1949 ac
224 1913 410 1961 suffragi03
435 1914 486 1949 nti
509 1914 676 1960 synodica
690 1914 917 1950 Alexandrini
939 1926 1125 1950 consessus
1149 1914 1295 1960 epistola
1309 1917 1455 1949 testetur
1473 1914 1566 1960 apud
1581 1913 1707 1950 Athen.

158 1971 260 2018 Apol.
274 1982 312 2007 rr.
341 1970 483 2007 Frustra
497 1971 604 2017 igitur
618 1971 832 2018 Epiphanius
849 1971 1019 2007 Achillam
1034 1971 1233 2006 Alexandro
1249 1971 1476 2018 subrogatum
1491 1971 1584 2007 dicit.
1615 1971 1705 2007 Nam

158 2030 239 2075 post
260 2026 398 2064 Petrum
421 2027 541 2064 sedem
561 2028 659 2064 illam
682 2028 794 2064 tenuit
816 2033 850 2063 et
871 2039 1111 2064 successorem
1133 2027 1255 2064 habuit
1277 2028 1530 2072 Alexandrum,
1551 2029 1708 2075 seditque

159 2095 291 2122 annum
320 2084 490 2121 duntaxat
517 2095 643 2128 unum,
670 2090 710 2121 ut
734 2085 949 2133 Nicephorus
974 2085 1012 2121 in
1035 2085 1206 2121 Chronico
1233 2086 1382 2133 scripsit.
1426 2087 1471 2121 At
1492 2085 1707 2133 Epiphanius

157 2141 329 2184 nhil—lac,
350 2142 411 2188 qui
430 2145 512 2189 post
525 2142 763 2178 Alexandrum
785 2154 807 2178 a
822 2142 1000 2179 catholicis
1015 2143 1224 2178 substitutus
1238 2147 1309 2186 est,
1333 2154 1468 2179 menses
1491 2144 1610 2178 tribuit
1625 2148 1707 2185 tres,

159 2198 349 2246 eodemque
363 2202 519 2246 tempore
535 2198 714 2236 Tbeonam
735 2210 758 2235 a
777 2200 973 2236 Meletianis
997 2200 1195 2236 ordinatum
1218 2201 1358 2243 asserit,
1381 2200 1472 2246 quod
1494 2211 1597 2235 nemo
1619 2200 1707 2235 alius

159 2255 318 2302 prodith‘t.

249 2311 341 2349 Ἐπεὶ
356 2308 412 2349 οὖν
427 2311 580 2353 ἐλθόντος
595 2311 814 2360 Ἀθανασῖου]
859 2314 972 2350 Nimis
986 2314 1204 2361 impudenter
1219 2318 1254 2350 et
1268 2319 1423 2360 proterve
1439 2314 1656 2350 Camerarius
1670 2315 1707 2350 in

158 2369 357 2418 Appendioe
378 2370 423 2406 ad
444 2369 630 2417 Nicephori
644 2369 838 2406 Chronicon
861 2371 904 2406 de
919 2370 1111 2407 Athanasio
1135 2382 1239 2407 suum
1261 2371 1448 2417 interponit
1468 2371 1650 2413 iudicium,
1675 2375 1710 2406 et

158 2437 359 2474 quanquam
380 2428 516 2474 ingenti
537 2428 654 2463 animo
676 2427 830 2462 veritatis
852 2428 1085 2474 patrocinium
1107 2428 1305 2474 suscepisse
1327 2428 1485 2470 fateatur,
1508 2428 1587 2475 plus
1609 2428 1709 2464 illum

158 2488 278 2521 tanen
288 2495 397 2531 quam
413 2488 585 2531 oporteret
600 2484 673 2519 suis
694 2484 880 2520 indulsisse
902 2485 1150 2530 cupiditatibus
1172 2490 1207 2520 et
1227 2495 1326 2519 sacra
1346 2484 1500 2530 profanis
1521 2485 1708 2530 aliquando

160 2541 343 2578 miscuisse
358 2541 466 2578 docet.
514 2540 599 2583 Quis
614 2539 829 2577 Lutheranas
845 2540 932 2576 istas
946 2541 1062 2576 faeces
1078 2545 1215 2576 tantum
1229 2541 1298 2576 sibi
1313 2541 1478 2576 audaciae
1493 2553 1629 2577 sumere
1644 2542 1708 2578 mi-

161 2603 255 2635 rans
267 2598 383 2645 potius
398 2609 504 2645 quam
520 2598 699 2633 communi
714 2597 852 2644 pietatis
867 2598 1009 2633 nomine
1024 2601 1251 2633 succenseat?

250 2654 292 2691 Ν.
307 2666 371 2692 ιιι.
411 2655 474 2690 Καὶ
489 2654 590 2689 αὐτοῦ
608 2653 644 2689 δὲ
659 2656 717 2688 τοῦ
734 2653 987 2698 Remurium]
1033 2654 1155 2690 Simile
1170 2654 1250 2690 huic
1275 2665 1316 2690 ac
1331 2655 1436 2702 longe
1451 2656 1557 2691 etiam
1572 2655 1708 2692 honori-

163 2709 323 2747 ficentius
344 2715 380 2748 et
401 2713 540 2748 uberius
564 2711 719 2747 eiusdem
741 2711 958 2758 imperatoris
982 2711 1136 2758 elogium
1159 2715 1258 2746 extat
1279 2712 1371 2759 apud
1393 2712 1650 2749 Naaianaenum
1672 2714 1709 2748 iu

163 2765 276 2812 priore
295 2767 544 2815 στηλιτευτικῷς
567 2768 661 2815 quod
684 2768 834 2803 oratorio
857 2779 953 2803 more
977 2778 1018 2802 ac
1042 2767 1177 2804 dicendi
1198 2769 1328 2816 impetu
1349 2773 1385 2805 et
1399 2770 1513 2806 calore
1527 2770 1708 2816 profusum

163 2822 278 2869 magis
294 2834 399 2871 quam
412 2835 458 2861 ex
472 2826 523 2861 rei
536 2825 680 2862 veritate
694 2824 886 2871 profectum
901 2825 1046 2861 videtur.
1171 2867 1176 2874 ι

252 2878 296 2916 Ν.
310 2891 388 2918 xm.
418 2882 572 2928 Δεύτερον
589 2880 634 2916 ἔτι
649 2880 826 2927 {aquus}
868 2881 947 2916 Non
961 2882 1007 2916 ab
1023 2881 1189 2924 Eusebio,
1211 2883 1273 2918 sed
1287 2883 1331 2918 ab
1346 2883 1523 2926 Eudoxio,
1543 2885 1604 2930 qui
1619 2883 1708 2918 Con-

165 2935 508 2983 stantinopolitanam
521 2939 640 2974 sedem
661 2941 860 2985 occuparat,
882 2939 1076 2984 baptizatus
1097 2943 1151 2975 est
1161 2939 1300 2976 Valens.
1345 2939 1456 2983 Quare
1471 2952 1533 2988 pro
1550 2939 1707 2986 Εὗσεβίου

165 2993 234 3039 leg.
247 2992 417 3035 Εὖδοξίου.

1740 897 1767 922 p.
1780 889 1838 916 287.
