2008 3294
1604 173 1720 209 CXXI

176 275 341 311 dinarius.
371 276 482 322 Igitur
497 275 645 319 Tebeth,
662 276 735 312 sive
752 289 784 312 x.
801 275 932 312 mensis
947 275 1025 311 iniit
1040 276 1122 313 Dec.
1135 289 1231 314 xxrv.
1262 276 1360 313 Unde
1375 276 1526 312 Ianuarii
1540 289 1573 312 v.
1589 277 1721 312 Tebeth

175 331 248 368 dies
266 335 340 367 erat
354 344 448 376 xm„
471 336 573 368 sexto
589 344 670 368 vero
686 333 758 368 Ian.
770 346 842 370 xiv.
888 333 929 368 In
945 343 1013 378 quo
1030 333 1144 376 vides,
1165 334 1200 368 id
1222 334 1315 380 quod
1336 333 1519 370 methodus
1533 337 1654 370 uestra
1668 345 1720 369 re-

174 390 359 436 promittit,
379 389 523 425 biduum
538 389 610 425 fere
626 391 696 426 iam
713 391 919 437 anticipasse
933 390 1152 425 neomeniam
1176 391 1328 434 civilem,
1351 402 1432 427 cnm
1453 390 1596 427 dimidia
1609 391 1720 438 perio-

174 446 238 481 dus
255 445 460 483 effluxisset.
490 446 580 482 Nam
596 459 618 482 a
634 460 729 484 xxvr.
745 447 826 484 Dec.
843 447 888 483 ad
902 458 996 483 xxrv.
1012 447 1220 482 retrocessit.
1248 447 1360 490 Quare
1376 448 1431 484 vel
1445 447 1502 484 hic
1518 459 1607 484 unus
1622 449 1720 484 locus

173 502 323 539 ostendit
337 514 401 539 nos
415 515 488 550 per.
503 504 600 539 illam
615 505 660 540 ad
674 504 857 552 Epiphanii
878 504 1028 540 rationes
1050 502 1284 551 εὐστοχώτατοι
1299 505 1499 552 digessisse.
1529 505 1615 542 Vide
1630 505 1721 542 infra

172 559 209 595 in
225 560 285 595 illa
298 560 455 596 Diatriba
470 560 512 596 de
527 560 693 596 Passione
708 562 858 598 Domini.

261 616 352 652 Κατὰ
367 615 556 662 Ἀθηναίους
572 618 892 666 Μαιμακτηριῶνος]
937 617 1136 654 Ianuarium
1151 618 1379 655 Athenienses
1393 620 1720 656 Maemacterionem

171 677 347 710 vocarunt.
371 673 471 718 Quod
485 686 530 711 ne
546 676 625 722 quis
641 687 754 712 errore
765 675 896 712 librarii
906 674 1038 711 factum
1049 678 1163 722 putet,
1180 675 1372 711 affirmatur
1388 688 1433 712 ex
1449 689 1490 713 eo
1508 678 1600 724 quod
1615 679 1719 725 paulo

170 734 251 778 post
260 731 427 767 Novemb.
439 732 728 779 Metagituionem
745 733 906 780 appellat.
929 731 994 768 Est
1004 735 1121 768 autem
1133 731 1188 768 hic
1199 733 1298 768 locus
1314 733 1358 769 ad
1369 734 1474 770 Attici
1490 735 1571 770 anm'
1580 762 1589 778 ,
1601 735 1719 771 ¹cuius-

170 788 265 824 modi
275 799 336 835 per
351 788 410 824 illa
422 792 580 836 tempora
591 789 658 825 fuit
666 817 675 833 ‚
693 801 733 826 ac
749 789 925 826 mensium
936 789 1196 837 dispositionem
1208 790 1469 836 intelligendam
1481 793 1721 828 observatione

169 844 406 891 dignissimus.
429 845 586 882 Primum
601 847 695 883 enim
711 847 860 883 solarem
874 857 1006 882 anuum
1019 846 1129 882 fuisse
1145 846 1243 883 docet
1257 859 1448 885 consensus
1459 849 1719 885 Maemacterio-

168 902 223 938 nis
239 913 320 938 cum
335 903 507 940 Ianuario.
541 903 610 939 Sed
625 904 811 940 videndum
826 903 1001 951 quodnam
1016 904 1099 939 anni
1115 908 1219 951 eaput
1233 904 1346 940 fuerit.
1376 905 1512 941 Primus
1528 906 1720 942 Atticorum

167 959 340 995 meusium
362 960 643 996 Hecatombaeon
665 961 749 1003 fuit3
773 972 796 996 a
817 971 904 1007 quo,
926 961 957 996 si
974 960 1086 996 Gazae
1110 961 1300 1004 credimus,
1323 966 1468 1008 quartus
1491 966 1546 997 est
1565 964 1719 999 Maema-

168 1017 299 1052 cterion
309 1043 318 1060 ‚
343 1017 519 1064 Scaligero
537 1029 618 1053 vero
635 1018 789 1065 quintus.
822 1017 938 1053 Utn'us
953 1018 1066 1054 verior
1081 1018 1197 1065 opinio
1213 1018 1259 1054 sit
1273 1017 1339 1054 hoc
1353 1019 1432 1054 loco
1448 1019 1717 1066 disquirendum.

166 1073 244 1109 Duo
259 1074 297 1110 in
314 1074 530 1110 ordinatione
545 1075 720 1111 mensium
737 1074 851 1110 Gazae
866 1077 979 1110 errata
993 1075 1133 1122 corrigit
1149 1075 1320 1122 Scaliger:
1352 1077 1498 1112 alterum
1516 1078 1609 1124 quod
1624 1079 1718 1113 Mae-

167 1134 269 1167 mact.
296 1144 344 1168 xv.
379 1132 456 1167 loco
490 1133 648 1179 posuerit
680 1132 781 1178 eique
808 1132 1085 1179 Pyanepsionem
1115 1132 1316 1176 subiacuit,
1346 1133 1492 1169 alterum
1527 1134 1620 1180 quod
1650 1135 1718 1170 An-

165 1186 412 1224 thesteriouem
445 1193 526 1236 post
557 1189 832 1236 Pyanepsiouem
861 1189 1098 1232 collocaverit,
1131 1190 1284 1226 instante
1311 1191 1383 1226 iam
1411 1190 1536 1228 hieme.
1589 1191 1719 1227 Contra

166 1255 255 1291 quae
285 1245 440 1293 Scaliger
471 1245 772 1283 Anthesterionem
805 1257 951 1282 vernum
977 1258 1134 1283 mensem
1165 1258 1242 1282 esse
1280 1251 1316 1283 et
1353 1248 1435 1294 μετὰ
1466 1250 1613 1298 χειμῷνα
1638 1254 1718 1284 ¹sta.—

164 1302 246 1345 tuit,
270 1302 362 1338 unde
383 1306 463 1350 post
485 1302 683 1350 Γαμηλιῶνα
706 1303 903 1347 constituit,
926 1305 1253 1340 Maemacterionem
1275 1316 1358 1341 vero
1381 1306 1625 1353 praecipitanti
1648 1307 1717 1342 iam

166 1362 332 1395 autumno
357 1360 496 1403 tribuit,
517 1360 677 1406 quintum
699 1360 817 1396 ordine
839 1364 874 1395 et
895 1371 917 1396 a
936 1361 1176 1408 Pyanepsione
1197 1362 1406 1410 proximum.
1439 1362 1625 1410 Utriusque
1640 1375 1717 1401 seu-

164 1417 309 1459 tentiae,
327 1420 366 1452 ut
380 1428 402 1452 a
417 1418 544 1453 lectore
559 1417 696 1454 facilius
711 1418 932 1467 percipiatur,
947 1419 1152 1455 laterculum
1168 1420 1389 1455 subiecimus.

634 1567 927 1604 MENSES
969 1567 1243 1606 ATTIGI.

164 1531 1717 1549 --——-------.—-.--..—-.

167 1633 1716 1718 W

473 1772 597 1820 θερινοί
1279 1775 1404 1823 Θερινοί

161 1837 411 1887 Ἐκατομβαιών
971 1842 1221 1890 Ἐκατομβαιών

160 1895 397 1944 Μεταγειτνιών
971 1900 1208 1948 Μεταγειτνιών

159 1953 372 2002 Βοηδρομιὼν
970 1957 1183 2006 Βοηδρομιὼν

441 2056 620 2106 Ὀπωρινοί
1252 2061 1430 2111 Ὀπωρινοέ

158 2125 413 2173 Μαιμακτηριών
969 2130 1157 2178 Πυανεψιών
1207 2134 1209 2137 ’

157 2181 345 2230 Πυανεψιών
968 2187 1224 2236 Μαιμακτηριών

157 2238 388 2287 Ἀνθεστηριών
968 2244 1150 2280 Ποσειδεών

436 2345 615 2393 Χειμερινοί
1249 2349 1424 2396 Χειμερινοί

156 2410 339 2446 Ποσειδεὼν
967 2416 1142 2464 Γαμηλιών

155 2467 330 2515 Γαμηλιών
967 2472 1199 2520 Ἀνθεστηριών

155 2522 407 2572 Ἐλαφηβολιών
966 2528 1219 2576 Ἐλαφηβολιών

454 2629 595 2677 Ἐαρινοί
1266 2632 1408 2680 Ἐαρινοί

154 2695 348 2743 Μουνυχιὼν
966 2700 1160 2747 Μουνυχιὼν

157 2751 351 2799 Θαργηλιὼν
965 2756 1160 2804 Θαργηλιών

154 2807 396 2856 Σκιῤῥοφοριών
964 2813 1207 2862 Σκιῤῥοφοριών

244 2900 290 2936 In.
299 2900 364 2936 hac
379 2902 571 2939 Atticorum
587 2904 759 2938 mensium
776 2905 976 2940 recensione
993 2906 1163 2952 quaedam
1178 2907 1440 2955 recte'Scaliger
1456 2910 1620 2946 adversus
1639 2911 1706 2947 Ga·
1742 2932 1770 2956 p.
1783 2925 1839 2951 136.

154 2967 231 2992 zam
247 2957 416 3002 defendit,
433 2961 501 2995 alia
515 2972 696 3007 perperam
713 2972 752 2995 ac
769 2961 869 2997 falso.
898 2961 996 3004 Quod
1013 2963 1105 2998 enim
1121 2963 1420 3001 Anthesterionem
1434 2978 1541 3002 verno
1558 2970 1706 3015 tempori

154 3013 333 3058 adscribit,
354 3026 427 3052 non
439 3017 677 3054 inclinativam
693 3021 878 3065 autumno,
898 3020 1073 3066 praeclare
1088 3020 1181 3056 facit.
1212 3021 1282 3058 Sed
1297 3022 1338 3058 de
1353 3023 1646 3061 Maemacterione
1662 3037 1701 3060 ac
