2008 3294
1534 177 1693 213 CLXXV

146 278 190 317 ad
204 280 401 329 paschalem
415 280 650 316 celebritatem
665 292 736 316 non
752 279 980 319 modowlsm
1000 279 1038 315 in
1054 279 1272 326 aequinoctio
1288 291 1412 324 verno,
1435 279 1498 315 sed
1518 283 1554 315 et
1574 280 1694 315 lunam

145 339 182 374 in
197 338 391 375 autumnali
403 338 507 374 sitam
523 347 598 372 esse
615 337 753 381 debere;
774 337 866 384 quod
879 339 954 372 tum
969 335 1010 371 fit
1024 337 1162 382 qnando
1178 337 1430 383 aequinoctiale
1443 341 1612 384 punctum
1627 338 1693 372 sub

145 406 307 440 occasum
322 395 406 432 solis
419 393 550 430 incidit.
594 393 748 430 Primum
771 395 864 431 enim
878 404 949 429 non
964 392 1007 428 de
1023 392 1217 428 Christiano
1233 393 1398 440 paschate
1412 405 1458 430 ex
1472 394 1694 440 antiquorum

144 455 283 499 patrum
297 452 450 500 scriptis,
466 451 527 486 sed
541 450 680 486 Iudaico
698 463 743 486 ex
757 449 947 487 Aristobuli
962 450 1146 485 autoritate
1162 450 1255 485 istud
1270 452 1401 486 attulit:
1423 449 1468 491 ὡς
1483 450 1532 495 εἴη
1547 449 1580 492 ἐξ
1595 449 1693 497 ἀνάγ-

145 521 202 553 κης
218 511 257 556 τῇ
274 510 339 544 τῶν
355 507 570 555 διαβατηρίων
587 506 681 554 ἑορτῇ
695 507 739 555 μὴ
753 508 852 555 μόνον
863 506 920 541 τὀν
934 505 1024 550 ἥλιον
1037 505 1075 540 τ“ο
1089 505 1270 553 ἰσημερινὸν
1283 507 1538 555 διαπορεύεσθαι.
1562 507 1694 543 Deinde

143 575 189 600 ne
203 564 269 600 hoc
289 565 428 612 quidem
442 565 566 607 voluit,
588 565 625 600 iu
646 559 956 611 aequinoctialibus
976 564 1116 610 punctis
1140 564 1299 610 opposita
1321 565 1389 600 sibi
1410 565 1560 600 invicem
1581 564 1695 600 sidera

143 622 204 658 illa
218 633 295 658 esse
311 625 485 669 oportere,
501 620 563 656 sed
578 619 609 655 ἐν
627 622 788 668 τμήμασι,
806 631 894 669 quae
909 619 1127 656 latitudinem
1142 619 1286 656 habent:
1302 625 1342 656 ut
1356 621 1516 657 videlicet
1528 623 1567 657 in
1581 622 1692 669 primo

143 679 275 715 zodiaci
289 682 470 726 segmento
479 705 488 722 ,
504 678 590 713 etin
606 679 680 714 eius
695 679 813 726 aliqua
825 681 922 725 parte
938 677 1006 719 sol,
1021 677 1107 714 luna
1121 688 1203 712 vero
1218 678 1256 713 in
1271 678 1418 724 septimo
1435 682 1599 714 versetur.
1626 678 1693 714 De·

142 736 248 782 nique
260 736 395 783 quoties
408 736 666 783 aequinoctium
681 736 719 771 in
733 747 819 773 xxxx.
830 733 921 770 diem
935 733 1072 777 incidit,
1087 745 1159 770 non
1174 739 1227 770 est
1241 746 1384 770 necesse
1399 748 1470 771 xxv.
1482 736 1618 779 lunam,
1634 740 1695 771 aut

144 804 201 829 xv.
218 804 299 829 cnm
313 804 356 829 eo
371 803 586 829 concurrere.
610 792 650 828 Id
665 793 759 829 enim
772 795 845 828 toto
860 791 897 827 in
909 791 1007 838 cyclo
1018 794 1157 827 tantum
1169 793 1278 828 semel
1289 792 1444 828 accidere
1456 797 1581 839 potest.
1605 792 1694 836 Quid

143 853 261 886 autem
276 850 459 887 absurdius
476 861 582 897 quam
597 850 796 887 Anatolium
809 849 970 884 arbitrari
985 848 1027 884 de
1042 859 1084 884 eo
1099 852 1236 884 tantum
1254 850 1500 896 aequinoctiali
1515 850 1569 885 die
1587 851 1694 897 loqui,

145 907 204 954 qui
219 918 292 944 non
307 907 456 955 amplius
473 918 579 954 quam
594 907 703 943 semel
715 909 790 944 toto
803 905 1111 942 decemnovennali
1125 907 1222 952 cyclo
1236 906 1350 954 possit
1364 907 1586 953 contingere?
1610 907 1693 942 Fru-

143 967 216 1000 stra
229 965 337 1012 igitur
351 965 440 1000 alius
457 965 530 1000 eius
547 964 632 1008 loci,
653 964 684 1000 si
698 963 836 1011 quidem
850 963 994 999 minime
1008 961 1198 999 mendosus
1214 968 1284 1007 est,
1304 975 1429 1000 sensus
1452 965 1626 1011 quaeritur
1649 965 1693 1000 ab

142 1031 183 1056 eo
205 1032 311 1069 quem
323 1021 402 1069 ipsa
416 1032 499 1068 prae
515 1032 554 1058 se
568 1021 676 1057 verba
688 1020 821 1064 ferunt,
843 1023 884 1057 ut
904 1020 1102 1067 ingressum
1117 1021 1154 1056 in
1166 1021 1318 1056 Arietem
1330 1022 1510 1057 Anatolius
1526 1022 1563 1057 in
1578 1023 1695 1058 Martii

142 1089 215 1115 xrx.
233 1079 426 1116 contulerit.
461 1078 538 1121 Qua.
553 1089 598 1114 ex
615 1078 775 1126 opinione
789 1077 886 1114 aliud
901 1077 1075 1124 quoddam
1092 1079 1239 1125 πόρισμα
1255 1078 1355 1125 sequi
1369 1078 1513 1121 videtur,
1529 1079 1622 1125 quod
1638 1078 1695 1114 hic

141 1135 261 1182 paucis
277 1136 452 1183 explicare
469 1146 594 1182 operae
609 1135 758 1182 pretium
773 1134 929 1170 arbitror.
953 1133 1052 1177 Quod
1068 1135 1162 1170 enim
1177 1146 1222 1171 ex
1238 1135 1391 1171 Anatolii
1404 1136 1519 1171 verbis
1534 1136 1694 1178 efficitur,

141 1196 308 1239 punctum
319 1193 435 1240 ipsum
447 1194 503 1237 τῆς
516 1192 663 1239 παρόδου
673 1192 710 1228 in
721 1191 847 1228 Arietis
859 1197 1080 1238 segmentum
1097 1193 1279 1228 convenire
1295 1192 1413 1228 Martii
1423 1205 1510 1236 xxx„
1525 1194 1694 1240 suspicari

140 1249 221 1284 licet
236 1249 464 1284 occidentales
479 1250 661 1296 plerosque
677 1259 718 1284 ac
733 1248 876 1285 Latinos
893 1247 1061 1296 epocham
1078 1250 1176 1292 anni,
1198 1250 1272 1285 sive
1290 1250 1393 1296 primi
1406 1250 1539 1286 mensis
1554 1262 1693 1286 neome-

141 1305 236 1342 niam
258 1307 295 1341 in
317 1318 389 1342 xxx.
404 1306 523 1343 Martii
543 1306 747 1352 contulisse,
770 1306 888 1353 itaque
909 1306 1067 1343 citimum
1086 1306 1273 1343 terminum
1293 1307 1331 1342 in
1354 1318 1395 1342 eo
1412 1306 1466 1342 die
1481 1307 1620 1350 fixisse,
1642 1309 1693 1343 uti

141 1362 322 1399 Anatolius
338 1364 375 1399 in
390 1375 478 1401 xxxx.
523 1362 614 1400 Nam
628 1363 743 1399 Latini
757 1363 817 1399 diu
832 1363 1067 1399 Alexandrino
1084 1364 1182 1410 cyclo
1196 1364 1324 1399 reiecto
1344 1364 1523 1400 Iudaicum
1542 1366 1693 1400 retinue-

140 1423 239 1463 runt;
256 1420 316 1466 qui
329 1421 460 1456 lunaris
477 1431 499 1456 a
511 1419 609 1458 Beda
623 1424 659 1456 et
672 1420 748 1456 aliis
765 1420 900 1463 dicitur,
915 1425 952 1455 et
965 1421 1114 1456 triennio
1130 1419 1246 1456 differt
1259 1421 1304 1456 ab
1318 1421 1567 1457 Alexandrino.
1602 1422 1693 1459 Nam

140 1477 456 1514 Alexandrinorum
474 1477 607 1525 primus
628 1481 682 1513 est
703 1489 790 1514 xvxx.
811 1477 1030 1520 Latinorum,
1052 1490 1126 1515 xxx.
1150 1482 1269 1514 antem
1289 1478 1604 1515 Alexandrinorum
1626 1480 1691 1516 La-

141 1534 294 1570 tinorum
309 1538 362 1570 est
377 1545 466 1579 xva,
487 1537 523 1571 et
537 1546 612 1572 vm.
628 1534 828 1573 eorumdem
843 1534 1156 1571 Alexandrinorum
1171 1535 1372 1572 Latinorum
1392 1540 1446 1571 est
1460 1548 1493 1574 v.
1541 1535 1608 1579 Qui
1623 1537 1691 1572 dno

141 1592 366 1638 posteriores,
381 1590 446 1629 hoc
462 1595 516 1629 est
530 1591 757 1628 Alexandrini
773 1603 846 1628 xxx.
862 1595 898 1627 et
913 1604 1001 1635 vm„
1017 1603 1098 1628 cnm
1114 1592 1206 1639 apud
1220 1593 1315 1640 ipsos
1332 1594 1553 1629 embolimaei
1566 1594 1691 1637 forent,

141 1648 233 1695 apud
249 1647 407 1692 Latinos,
422 1651 463 1684 ut
477 1649 618 1696 et'apnd
632 1649 798 1692 Iudaeos,
814 1652 912 1685 erant
926 1649 1113 1696 simplices.
1137 1649 1244 1686 Erant
1259 1650 1352 1686 enim
1366 1662 1439 1700 xv.
1457 1654 1492 1685 et
1506 1663 1539 1686 v.
1562 1651 1615 1687 lta
1625 1651 1690 1686 La-

141 1705 206 1740 tini
220 1704 351 1751 pascha
363 1705 401 1743 in
415 1705 524 1743 Nisan
538 1705 677 1743 Iudaico
686 1731 696 1750 ,
713 1706 939 1742 Alexandrini
948 1706 988 1742 in
1005 1706 1072 1742 liar
1087 1707 1320 1744 celebrabant.
1349 1707 1534 1754 Propterea
1547 1707 1691 1754 pascha-

141 1762 184 1797 lis
206 1762 391 1799 neomenia
409 1761 614 1799 Latinorum
635 1766 709 1798 erat
730 1774 762 1798 a.
778 1775 831 1799 xxx.
852 1762 941 1799 Non.
956 1763 1120 1807 Martias,
1143 1764 1216 1799 sive
1235 1765 1356 1800 Martii
1371 1777 1404 1799 v.
1425 1765 1470 1800 ad
1490 1765 1619 1812 Aprilis
1641 1777 1690 1808 xx.,

142 1829 221 1854 cum
243 1818 396 1869 Njcaena
416 1820 461 1856 ab
476 1831 552 1856 vm.
569 1819 738 1857 duntaxat
756 1820 873 1857 Martii
893 1820 938 1856 ad
960 1820 1078 1856 Nonas
1093 1821 1175 1868 Apr.
1193 1821 1411 1857 extendatur.
1457 1821 1554 1858 Unde
1569 1826 1606 1858 et
1618 1834 1689 1858 xxv.

140 1875 312 1923 paschalis
327 1876 446 1913 citima
459 1876 663 1913 Latinorum
678 1880 753 1913 erat
766 1877 886 1913 Martii
898 1889 1011 1920 xvxxi„
1026 1878 1259 1914 remotissima
1273 1890 1345 1915 xvx.
1361 1879 1505 1926 Aprilis,
1521 1890 1598 1915 cnm
1612 1880 1690 1915 Ale-

140 1932 331 1969 xandrinae
346 1936 380 1969 et
394 1932 567 1970 Nicaenae
582 1934 736 1970 decimae
752 1938 894 1981 quartae
911 1945 933 1970 a
947 1946 1020 1972 xxx.
1038 1935 1154 1971 Martii
1169 1935 1214 1971 ad
1227 1948 1298 1972 xxv.
1313 1935 1458 1972 Kalend.
1469 1936 1582 1972 Maias
1592 1962 1601 1979 ,
1617 1938 1690 1972 sive

140 1990 222 2037 Apr.
234 2001 334 2027 xvxxx.
347 1990 553 2038 pertineant.
584 1990 683 2034 Quod
699 2002 744 2027 ex
758 1991 855 2027 Beda
870 1991 1051 2034 discimus,
1067 1992 1127 2039 qui
1142 2002 1217 2040 cap.
1231 2004 1327 2029 xnxx.
1342 1992 1386 2028 de
1398 1993 1518 2040 Temp.
1530 1993 1607 2031 Rat.
1625 1994 1689 2030 La-

140 2047 294 2084 tinorum
303 2047 428 2083 refellit
442 2058 592 2083 errorem
613 2059 801 2096 eorumque
815 2048 974 2095 signiferi
985 2049 1169 2093 Victorini,
1192 2060 1298 2096 quem
1308 2050 1500 2086 Victor-inm
1515 2052 1691 2095 nominat;

141 2104 239 2141 cuius
253 2104 358 2140 etiam
373 2103 608 2152 fragmentum
623 2109 722 2141 extat
735 2106 773 2141 in
789 2104 911 2142 eodem
925 2105 1041 2141 Bedae
1057 2106 1180 2153 capite.
1212 2106 1393 2143 Undenam
1406 2108 1514 2154 igitur
1528 2119 1690 2144 manasse

140 2161 332 2208 putandum
347 2164 416 2206 est,
433 2161 526 2209 quod
540 2161 655 2198 Latini
670 2163 772 2210 primi
787 2163 918 2199 mensis
933 2164 1154 2199 neomeniam
1168 2165 1204 2199 in
1220 2176 1292 2201 xxx.
1304 2165 1423 2200 Martii
1435 2166 1689 2210 collocaverint,

141 2218 268 2254 nisiex
280 2218 434 2255 Anatolii
443 2218 596 2263 decreto,
612 2223 653 2255 nt
667 2220 807 2266 quidem
818 2221 925 2267 vulgo
941 2225 1148 2268 conceptum
1165 2226 1233 2264 est,
1249 2233 1318 2268 quo
1333 2222 1485 2269 primum
1496 2223 1622 2258 Arietis
1637 2224 1689 2258 in-

141 2285 300 2321 gressum
313 2276 351 2311 in
366 2287 439 2312 xxx.
450 2276 566 2314 Martii
581 2277 750 2313 coniicere
761 2278 856 2314 visus
872 2281 948 2313 est?
970 2278 1058 2314 Hinc
1074 2279 1167 2314 enim
1182 2277 1381 2325 paschalem
1396 2280 1584 2315 terminum
1599 2291 1689 2327 quae

141 2332 207 2367 fuit
223 2332 315 2380 apud
329 2331 470 2370 Latinos
485 2345 541 2369 xv.
552 2360 561 2378 ,
582 2345 654 2369 non
669 2345 760 2376 xv1.‚
774 2334 812 2370 in
825 2335 945 2370 Martii
959 2347 1031 2371 xxx.
1047 2336 1279 2372 contulerunt.
1315 2335 1403 2371 Nam
1413 2363 1421 2379 ,
1437 2340 1477 2372 ut
1490 2337 1588 2372 initio
1603 2337 1690 2372 fassi

143 2400 280 2433 sumus,
305 2389 472 2426 obscurus
494 2390 680 2427 admodum
696 2394 731 2426 et
744 2391 940 2439 implicatus
957 2395 1011 2428 est
1024 2392 1176 2428 Anatolii
1190 2393 1299 2428 locus.
1345 2393 1525 2440 Siquidem
1538 2394 1597 2429 illo
1613 2394 1689 2441 ipso
1746 2427 1753 2434 ,

144 2445 215 2490 dis,
232 2457 300 2493 quo
313 2447 570 2494 aequinoctium
582 2448 717 2490 statuit,
727 2448 848 2484 Martii
857 2449 1018 2485 videlicet
1029 2461 1115 2486 xxxx.
1124 2476 1133 2493 ‚
1150 2454 1311 2496 quartum
1322 2450 1392 2485 iam
1403 2451 1507 2496 primi
1517 2452 1691 2497 segmenti

141 2503 287 2550 gradum
301 2504 461 2551 attigisse
477 2505 586 2540 solem
600 2504 741 2541 indicat.
780 2505 854 2540 Hoc
867 2509 985 2542 autem
1002 2509 1221 2552 segmentum
1235 2507 1387 2553 primum
1403 2507 1688 2556 δωδεκατημόριον

141 2560 196 2596 καὶ
208 2562 321 2608 μηνῶν
333 2559 437 2608 ἀρχὴν
448 2565 568 2605 vocat,
583 2560 622 2596 rb
635 2561 671 2596 δὲ
687 2561 751 2608 πρὸ
764 2562 882 2596 τούτου
899 2564 1010 2609 μηνῶν
1026 2561 1165 2610 ἔσχατον
1179 2562 1232 2597 καὶ
1245 2565 1359 2610 τμῆμα
1375 2563 1571 2599 δωδέκατον.
1594 2565 1687 2612 Ergo

142 2620 260 2654 et‘tres
273 2618 325 2655 illi
339 2617 486 2664 gradus,
501 2629 589 2665 qnos
605 2619 722 2654 Martii
737 2631 809 2654 xxx.
826 2631 883 2654 xx.
900 2631 974 2655 xxx.
989 2620 1043 2655 sol
1057 2620 1211 2663 conficit,
1235 2631 1313 2655 cum
1327 2620 1365 2655 in
1379 2621 1492 2667 primo
1507 2628 1686 2668 segmento

141 2674 211 2710 sint
228 2678 263 2710 et
276 2678 376 2711 extra
388 2679 620 2722 postremum,
643 2676 687 2711 ad
702 2687 859 2711 mensem
873 2677 1025 2723 primum
1046 2677 1230 2723 pertinent.
1275 2676 1444 2720 Quocirca
1466 2680 1687 2726 proroganda

142 2735 242 2766 erunt
251 2731 381 2768 mensis
392 2733 495 2779 primi
506 2734 619 2780 spatia
627 2759 636 2776 ,
652 2737 692 2768 ut
706 2745 778 2769 xxx.
791 2733 883 2768 diem
899 2733 1004 2768 etiam
1016 2734 1276 2780 amplectantur.
1300 2734 1344 2769 Et
1356 2745 1435 2770 cum
1446 2736 1601 2779 subiicit,
1615 2748 1686 2772 non

141 2787 575 2826 mediocritenhallucinari
597 2802 657 2826 eos
682 2801 802 2826 omnes
825 2790 884 2836 qui
898 2790 1050 2836 primum
1064 2802 1222 2826 mensem
1238 2795 1272 2826 et
1287 2804 1356 2828 xxv.
1369 2791 1566 2839 paschalem
1581 2794 1618 2828 in
1633 2795 1685 2828 nl-

142 2846 227 2881 timo
242 2845 302 2881 illo
319 2850 499 2893 segmento
514 2848 700 2891 collocant,
714 2848 806 2882 intra
821 2848 973 2893 primum
987 2847 1282 2895 δωδεκατημόριον,
1298 2848 1363 2884 hoc
1378 2853 1432 2884 est
1446 2861 1468 2886 a
1482 2863 1556 2887 xxx.
1569 2852 1687 2886 Martii

141 2903 206 2938 rite
221 2915 293 2938 xxv.
308 2901 462 2938 inchoari
475 2915 579 2951 posse
595 2904 779 2951 significat.
824 2904 946 2950 Itaque
967 2915 1090 2951 parum
1104 2903 1189 2940 haec
1206 2905 1386 2941 cohaerere
1401 2906 1569 2942 videntur.
1616 2907 1684 2943 Sed

141 2963 183 2995 ut
198 2960 376 2995 obscurior
391 2961 563 3007 appendix
578 2962 638 2997 illa
653 2962 714 3004 sit,
739 2964 844 3007 caput
862 2962 979 3008 ipsum
1000 2962 1173 3008 opinionis
1194 2964 1443 3009 propemodum
1459 2968 1611 3007 constat3
1632 2965 1684 2999 ni-

142 3018 268 3053 mirum
284 3017 458 3053 cardinem
473 3022 508 3054 et
519 3018 685 3066 epocham
701 3019 784 3054 anui
799 3030 861 3055 xxx.
877 3029 952 3054 esse
965 3019 1096 3063 Martii,
1113 3030 1217 3066 quam
1233 3024 1267 3055 et
1282 3020 1425 3067 κεφαλὴν
1443 3020 1683 3064 ἐννεαδεκαετη-
