2008 3294
1496 152 1692 189 CCXXXV

144 260 205 308 qui
226 261 414 308 imperator
434 270 455 296 a
474 262 574 307 patre
594 259 819 300 renunciatus
834 262 886 295 eat
900 268 992 293 anno
1010 266 1200 302 cccnxvrr„
1215 262 1254 294 ut
1267 258 1366 295 initio
1382 257 1486 294 huius
1502 258 1616 305 operis
1633 257 1692 292 ad-

144 318 341 354 notavimus
363 328 408 353 ex
432 317 584 353 Socrate.
631 312 954 353 As'vaientinianus
973 315 1088 350 iunior
1103 328 1148 351 vr.
1171 319 1252 362 post
1271 316 1379 363 patris
1401 315 1536 351 obitum
1550 315 1606 350 die
1625 316 1692 350 im-

143 378 282 422 perator
297 385 318 410 a
332 374 500 410 militibus
523 378 577 410 est
598 367 784 417 salutatus,
808 372 928 409 eodem
951 376 1069 407 autore
1093 372 1252 416 Socrate,
1275 384 1338 408 nec
1362 383 1434 408 non
1457 375 1493 407 et
1506 372 1692 408 Ammiano

142 432 203 468 lib.
216 442 302 468 xxx.
326 430 414 466 Cum
427 431 591 466 adversus
604 431 694 467 hanc
705 430 862 467 haeresin
873 429 1052 472 scriberet,
1069 430 1208 465 tertium
1224 430 1294 464 iam
1310 440 1442 465 annum
1457 429 1494 464 in
1507 429 1574 465 hoc
1589 440 1692 476 opere

142 489 344 525 versabatur
355 487 579 536 Epiphanius.
602 487 738 535 Quippe
749 497 843 524 anno
853 496 1042 523 coctxxrv.
1055 487 1204 522 scribere
1216 490 1269 537 est
1280 496 1480 533 aggressus,
1496 491 1536 522 ut
1547 487 1583 522 in
1594 497 1693 533 prae-

141 545 274 581 fatione
289 545 417 581 docuit.
449 545 518 580 Sed
534 546 578 580 ab
596 549 671 581 ortu
685 543 967 581 Manichaeorum
983 543 1026 578 ad
1041 542 1134 578 hunc
1148 544 1263 590 ipsum
1280 554 1412 579 anuum
1427 543 1693 580 mendosissime

72 611 75 616 ’
143 606 371 639 numerantur
392 603 475 638 anni
491 614 631 646 axxvrr,
653 613 716 650 pro
741 601 866 649 quibus
888 611 998 636 anuos
1015 609 1088 635 cvrr
1111 601 1349 636 rescribendos
1372 602 1408 636 in
1432 601 1591 647 margine
1614 612 1693 636 cen-

142 659 288 697 suimus.
324 659 454 695 Pendet
469 670 511 695 ea
526 659 732 695 numerandi
745 658 834 694 ratio
849 669 894 694 ex
909 658 1156 705 imperatorum
1173 658 1290 700 annis,
1307 657 1350 693 de
1365 658 1508 704 quibus,
1525 659 1692 694 maxime-

143 727 210 764 que
226 717 476 764 superioribus,
492 727 630 752 summa
645 720 714 760 est,
729 719 864 751 utante
877 715 1095 758 monuimus,
1111 715 1289 750 annalium
1305 715 1554 762 discrepantia3
1570 715 1612 751 de
1625 727 1709 762 qna*

142 773 210 810 alio
231 773 270 809 in
290 774 368 810 loco
393 778 597 810 statuemus.
642 773 784 809 Interim
805 772 836 808 si
850 772 1036 808 Aureliano
1052 783 1074 806 v
1094 771 1265 807 duntaxat
1284 782 1396 808 annos
1417 782 1497 807 eum
1513 773 1692 808 mensibus

142 832 276 878 aliquot
290 841 509 877 arrogemus,
525 834 629 878 atque
644 831 738 866 illius
754 840 846 865 anno
861 842 909 866 rv.
926 829 1049 864 Manes
1064 828 1245 876 prodierit,
1266 828 1378 863 Probo
1394 833 1429 863 et
1440 829 1583 864 Paulino
1600 840 1690 866 coss.

143 891 218 923 esto
243 899 356 924 annus
378 889 444 923 iste
461 887 587 923 Christi
603 898 730 924 cctxv.
777 887 865 922 Eine
887 887 994 933 igitur
1017 886 1060 921 ad
1085 895 1264 921 cccmxxvx
1280 886 1362 920 anni
1385 891 1612 921 numerantur
1628 897 1690 923 cu.

143 944 236 987 Quos
252 945 302 980 ita
317 957 362 980 ex
379 944 563 992 Epiphanii
578 948 692 980 mente
707 944 835 992 partim
850 942 915 979 hoe
929 944 1006 991 ipso
1022 944 1115 985 loco,
1136 943 1263 990 partim
1286 943 1346 978 lib.
1363 943 1404 977 de
1426 943 1532 979 Pond.
1555 944 1692 990 dispen-

141 1012 219 1038 sare
234 1013 433 1050 possumus.
460 1002 666 1038 Aurelianus
681 1005 762 1048 post
776 1011 857 1037 eum
872 1011 1020 1043 annum,
1042 1011 1110 1047 quo
1126 1000 1276 1047 primum
1291 1000 1413 1035 Manes
1429 1001 1580 1043 exstitit,
1604 1002 1693 1036 vixit

143 1070 275 1095 annum
290 1072 320 1103 r,
345 1070 482 1095 menses
499 1070 552 1102 vr,
575 1058 715 1094 Tacitus
730 1069 776 1094 m.
788 1070 842 1100 vr,
866 1058 998 1093 Probus
1014 1068 1047 1093 a.
1060 1070 1112 1100 vr,
1135 1069 1182 1094 m.
1198 1070 1244 1100 ιν,
1268 1056 1376 1092 Carus
1398 1068 1478 1092 cum
1498 1058 1581 1092 filiis
1604 1068 1635 1092 a.
1653 1071 1691 1099 n,

142 1116 376 1152 Diocletianus
393 1127 424 1152 a.
440 1128 487 1152 xx
497 1143 506 1160 ,
522 1115 770 1152 Constantinus
787 1125 818 1150 a.
835 1126 945 1151 xxxn.
988 1114 1208 1161 Colliguntur
1224 1114 1268 1149 ab
1285 1125 1377 1150 anno
1394 1126 1440 1150 rv.
1457 1115 1634 1150 Aureliani
1649 1115 1692 1150 ad

143 1172 362 1209 Constantini
385 1174 518 1209 obitum
542 1173 624 1209 anni
646 1183 744 1209 axm.
792 1172 885 1208 Obiit
906 1171 1154 1207 Constantinus
1175 1183 1220 1206 ex
1240 1172 1398 1207 omnium
1413 1172 1586 1207 sententia
1600 1182 1693 1207 anno

142 1240 348 1267 cccxxxvu.
378 1230 409 1266 A
421 1241 489 1278 quo
505 1230 550 1266 ad
565 1240 696 1265 annum
712 1240 902 1266 occaxxvr.
917 1229 1040 1276 reliqui
1056 1234 1139 1264 sunt
1154 1241 1263 1264 xxxrx
1273 1255 1282 1271 ,
1299 1229 1363 1275 qui
1374 1228 1418 1264 ad
1435 1241 1523 1264 um
1539 1229 1695 1265 adiuncti

143 1298 317 1323 summam
332 1287 522 1324 conficiunt
536 1298 705 1323 annorum
722 1297 783 1324 cu.

230 1344 272 1380 N.
283 1356 359 1381 ιιι.
383 1342 471 1389 Ἤδη
488 1343 523 1379 δὲ
539 1342 672 1391 ἀνδράσι
688 1342 870 1392 μεγάλοις]
895 1343 1130 1380 Theodoretus
1146 1344 1344 1391 scriptores,
1362 1344 1422 1391 qui
1436 1344 1603 1380 adversus
1618 1345 1692 1380 Ma-

141 1401 363 1438 nichaeorum
378 1405 510 1438 sectam
525 1402 790 1437 commentarios
805 1401 1001 1444 ediderunt,
1022 1406 1177 1436 recenset
1190 1401 1294 1444 istos,
1311 1401 1427 1436 Titum
1443 1401 1692 1438 Bostrenorum

143 1452 366 1506 episcopum,
383 1459 572 1495 Diodorum
587 1459 811 1502 Tarsensem,
837 1459 1027 1506 Georgium
1048 1458 1280 1494 Laodiceuum
1295 1459 1481 1502 Arianum,
1503 1459 1692 1494 Eusebium

141 1515 348 1552 Phoenicem
365 1515 445 1563 (hoc
462 1520 516 1552 est
529 1516 765 1562 Emesenum).
812 1515 912 1558 Quod
927 1515 970 1551 ad
986 1516 1174 1551 Eusebium
1190 1515 1450 1551 Caesariensem
1465 1517 1605 1559 attinet,
1629 1516 1693 1551 So-

142 1577 253 1608 crates
275 1573 336 1611 lib.
350 1586 373 1609 r.
397 1584 472 1620 cap.
484 1585 570 1609 xvrr.
591 1573 711 1609 scribit
733 1573 849 1609 ieiune
874 1573 1060 1609 admodum
1083 1574 1119 1608 in
1143 1573 1383 1608 Ecclesiastica
1405 1573 1557 1609 Historia
1580 1574 1692 1608 Mani-

141 1629 327 1666 chaeorum
343 1630 387 1666 ab
402 1630 462 1666 illo
478 1631 690 1666 mentionem
705 1641 782 1665 esse
798 1630 938 1666 factem.
966 1630 1042 1673 Qua
1057 1630 1099 1665 de
1115 1641 1222 1666 causa
1234 1633 1345 1666 totam
1360 1631 1434 1666 eius
1449 1630 1630 1666 historiam
1646 1642 1692 1665 ex

141 1687 300 1723 Archelai
321 1688 456 1734 scriptis
479 1688 619 1723 uberius
641 1689 794 1734 exponit.
842 1687 955 1730 Quare
974 1688 1160 1735 praecipuo
1176 1688 1292 1734 aliquo
1308 1689 1396 1723 libro
1413 1686 1571 1723 haeresin
1587 1688 1692 1724 istam

141 1755 364 1791 oppugnasse
380 1744 515 1780 videtur
529 1744 711 1780 Eusebius.
760 1745 830 1780 Sed
846 1745 938 1791 quod
955 1744 1140 1791 Origenem
1156 1745 1319 1780 adversus
1334 1744 1559 1780 Manichaeos
1575 1745 1691 1780 elucu—

141 1802 260 1836 brasse
284 1801 414 1848 aliquid
436 1801 650 1848 Epiphanius
673 1801 839 1845 affirmat,
862 1803 1028 1849 temporis
1050 1803 1184 1838 ratione
1206 1803 1285 1848 ipsa
1307 1802 1484 1838 refellitur.
1531 1802 1691 1838 Mortuus

142 1858 235 1894 enim
251 1862 304 1894 est
319 1859 486 1906 Origenes
502 1859 604 1894 annis
619 1859 690 1894 fere
710 1871 757 1894 xx
782 1863 969 1906 antequam
989 1859 1273 1894 Manichaeorum
1298 1860 1496 1907 superstitio
1520 1860 1556 1894 in
1579 1860 1692 1895 lucem

141 1919 342 1962 emergeret.
388 1915 567 1963 Siquidem
589 1919 770 1962 grassante
786 1917 906 1952 Severi
921 1917 1176 1964 persecutione,
1200 1927 1291 1952 anno
1315 1917 1390 1952 eius
1413 1917 1549 1964 imperii
1565 1929 1610 1960 x.,
1633 1918 1693 1963 qni

141 1976 195 2008 est
215 1983 314 2009 aerae
336 1973 572 2019 Dionysianae
589 1982 686 2016 cen„
710 1974 834 2008 aetatis
857 1985 987 2009 annum
1013 1977 1178 2020 exegerat
1194 1985 1290 2016 xvrr„
1314 1978 1353 2009 ut
1375 1974 1545 2010 Eusebius
1570 1975 1694 2009 asserit

140 2030 200 2066 lib.
211 2041 258 2065 vr.
275 2041 349 2077 cap.
363 2042 415 2066 rrr.
463 2029 557 2066 Obiit
579 2041 660 2065 vero
685 2041 777 2065 anno
802 2031 925 2066 aetatis
946 2043 1041 2067 nxrx.
1066 2032 1259 2078 imperante
1285 2031 1401 2074 Gallo,
1426 2032 1546 2066 ed'dem
1572 2036 1693 2067 autore

139 2087 199 2124 lib.
212 2098 272 2123 vn.
295 2097 368 2135 cap.
386 2100 410 2123 1.
458 2086 592 2123 Additis
615 2087 724 2134 igitur
744 2088 845 2123 annis
862 2100 928 2131 nu,
950 2093 988 2124 ut
1005 2100 1089 2124 ιιιι
1104 2089 1324 2135 impleantur,
1347 2093 1506 2124 mortuus
1523 2093 1576 2123 est
1592 2099 1692 2123 aerae

140 2143 334 2180 communis
351 2154 443 2180 anno
460 2154 590 2187 ccuv„
605 2144 664 2180 diu
681 2148 761 2180 ante
777 2145 1000 2180 Manio-haeae
1015 2146 1177 2183 factionis
1193 2150 1320 2182 ortum.

228 2200 270 2238 N.
286 2212 374 2237 xxrr.
401 2199 441 2235 El
457 2200 492 2236 δὲ
507 2199 543 2235 ἐκ
559 2201 705 2247 φύσεως,
723 2201 776 2236 καὶ
793 2202 877 2236 κατὰ
892 2202 1098 2249 somonam}
1131 2203 1258 2238 Terrae
1280 2208 1397 2238 motus
1414 2204 1630 2238 naturalibus
1647 2214 1692 2238 ex

140 2258 274 2294 caussis
290 2258 371 2294 oriri
386 2258 490 2294 nimis
508 2257 823 2306 termemeemgare
838 2260 984 2295 videtur.
1025 2251 1124 2302 Quod
1141 2264 1175 2294 et
1190 2260 1279 2306 apud
1296 2259 1515 2295 Philastrium
1531 2261 1690 2306 legimus.

229 2314 271 2351 N.
287 2326 389 2351 xxm.
407 2313 478 2349 ’Ἔν
494 2317 534 2362 τῇ
551 2311 761 2363 ἆρχῇὸὲῆἥς
776 2313 1021 2362 κοσμοκοιΐας.]
1067 2316 1143 2359 Quo
1165 2328 1255 2352 anno
1276 2321 1357 2363 post
1378 2318 1497 2352 orbem
1514 2317 1693 2352 conditum

138 2372 288 2407 Abelum
303 2371 457 2408 Adamus
473 2373 649 2419 gennerit,
670 2373 812 2418 Moyses
834 2374 954 2410 tacuIt.
1001 2374 1064 2408 Hic
1081 2385 1173 2408 anno
1189 2374 1376 2408 centesimo
1392 2378 1536 2408 necatus
1559 2374 1694 2416 dieitur,

139 2439 219 2465 cum
235 2428 360 2464 aetatis
374 2433 494 2476 ageret
506 2441 588 2465 xxx.
612 2429 710 2464 Unde
727 2441 806 2464 axx.
825 2430 959 2465 circiter
973 2441 1066 2465 anno
1081 2435 1202 2466 natum
1218 2431 1379 2477 oportuit.
1411 2430 1481 2466 Sed
1497 2431 1581 2466 haee
1597 2441 1694 2466 mera

139 2485 305 2522 divinatio
320 2487 387 2523 est.
417 2487 523 2522 Porro
540 2485 716 2520 ἑκατοστὸν
732 2497 794 2532 pro
812 2485 949 2521 ἕκαστον
964 2487 1218 2522 emendandum
1234 2498 1311 2522 esse
1328 2498 1431 2522 nemo
1447 2498 1518 2522 non
1533 2488 1635 2523 videt.

228 2542 270 2578 N.
287 2555 370 2580 xxv.
410 2541 514 2590 Ἀρχὴ
538 2545 604 2578 τῶν
624 2546 682 2577 τοῦ
699 2541 892 2588 Μάνεντος]
936 2544 1073 2579 Primus
1097 2547 1316 2590 portentosae
1338 2544 1433 2579 illius
1456 2543 1609 2581 haeresis
1633 2556 1692 2592 op·

140 2603 323 2646 pugnator,
340 2600 384 2635 ob
399 2599 503 2647 idque
519 2600 690 2646 singulari
704 2600 805 2635 laude
821 2600 966 2646 dignus,
982 2600 1169 2636 Archelaus
1193 2601 1325 2642 extitit,
1348 2602 1410 2647 qui
1431 2600 1587 2637 habitam
1611 2613 1632 2637 a
1654 2613 1692 2637 se

142 2664 221 2691 eum
249 2656 438 2704 impostore
470 2657 739 2704 disputationem
769 2657 807 2692 in
835 2658 1124 2693 commentarium
1151 2657 1286 2704 redegit
1320 2659 1507 2705 omniaque
1539 2659 1692 2694 nefariae

143 2712 395 2759 superstitionis
410 2724 537 2749 arcana
551 2713 725 2762 patefecit.
747 2713 801 2748 Ex
813 2713 877 2748 hac
889 2713 1051 2750 Archelai
1063 2715 1247 2750 collatione
1262 2716 1386 2751 caeteri
1397 2715 1557 2763 deinceps
1569 2715 1692 2752 hause-

142 2771 224 2804 runt
238 2778 374 2813 omnes,
396 2771 456 2817 qui
475 2770 640 2806 haeretici
654 2771 748 2806 illius
762 2769 944 2806 historiam
965 2781 1006 2806 ac
1021 2770 1187 2818 dogmata
1201 2772 1336 2819 scriptis
1350 2773 1583 2820 prodiderunt.
1619 2775 1692 2809 Me-

142 2825 244 2860 minit
257 2825 440 2862 Archelai·
428 2838 467 2863 ru
482 2827 717 2875 Seriptoribus
731 2826 862 2863 nudes.
878 2828 1123 2874 Hieronymus.

232 2879 274 2917 N.
289 2893 400 2920 xxvn.
431 2882 540 2935 Ὁμοῦ
555 2884 610 2919 καὶ
627 2882 644 2918 ὃ
662 2883 813 2931 &prop-iic
828 2882 969 2931 ἄρχων.]
1001 2885 1092 2920 Fert.
1110 2884 1265 2932 θεριστής.

182 2929 275 2975 ’Ν
291 2947 429 2976 xxvrtr-
434 2935 489 2976 Q
503 2947 551 2982 τις
572 2940 705 2976 λούεται
726 2939 769 2981 εἰς
790 2940 830 2975 τὶ
852 2941 970 2987 ὕδωρ]
1018 2941 1111 2977 Corr.
1129 2942 1214 2984 εἴτις
1231 2943 1377 2990 λούεται,
1402 2943 1443 2984 εἷς
1459 2945 1497 2978 rb
1513 2945 1622 2991 ὖδωρε
1653 2945 1693 2979 δι’

101 2974 218 3041 “qv-'e
231 2994 342 3038 vavor,
359 2998 395 3031 ἐκ
412 2996 534 3042 aquen·-
546 3004 646 3034 sum
656 3001 845 3043 commum
837 3001 864 3032 it
878 3001 1037 3034 aQOam

1727 1825 1753 1850 p.
1767 1817 1824 1843 269.
