2008 3294
1525 157 1580 193 GC
1585 158 1683 194 CXX
1688 158 1750 193 VII

227 729 664 790 AUCTORUM
727 727 863 794 QUI
925 722 1009 788 IN
1074 725 1713 786 ANIMADVERSIO-

594 848 831 909 NIBUS
888 847 960 907 D.
1004 845 1331 906 PETAVII

300 985 698 1034 REOENSENTUR,
736 981 1135 1025 ILLUSTRANTUR
1166 982 1264 1022 VEL
1293 981 1655 1023 EMENDANTUR

677 1163 689 1182 ,
731 1092 1211 1162 ennecus.

537 1350 584 1390 Δ.

185 1461 284 1496 Aben
302 1461 405 1504 Ezra,
429 1472 462 1507 p.
479 1462 511 1497 5.
537 1462 573 1497 in
597 1473 625 1496 e.
646 1474 674 1499 s.
698 1462 786 1498 Dan.
827 1474 858 1508 p.
879 1462 930 1496 18.

713 1519 764 1554 19.
782 1518 836 1555 61.
853 1519 930 1553 370.

182 1575 350 1610 Aelianus
374 1575 433 1610 lib.
452 1575 494 1610 11.
511 1576 553 1611 de
570 1577 683 1612 Anim.
701 1588 729 1612 c.
747 1576 800 1610 50.
828 1588 859 1622 p.
878 1576 931 1610 65.

227 1633 287 1668 lib.
312 1631 368 1668 VI.
406 1631 487 1667 hist.
518 1633 631 1668 Anim.
668 1644 697 1668 e.
727 1633 781 1669 23.
821 1645 852 1679 p.
878 1634 930 1668 68.

229 1689 287 1724 lib.
304 1689 361 1724 VI.
387 1699 416 1724 c.
434 1689 490 1725 35.
825 1702 858 1737 p.
876 1690 930 1725 76.

183 1746 306 1782 Aetius
329 1746 390 1782 lib.
409 1746 503 1782 XIII.
531 1757 560 1782 0.
586 1747 636 1783 14.
804 1759 836 1793 p.
854 1747 932 1783 223.

183 1802 377 1838 Africanus.

183 1860 380 1895 Alexander
404 1861 509 1907 episc.
533 1861 633 1897 Alex.
709 1872 742 1908 p.
761 1861 838 1897 285.
855 1861 932 1897 286.

184 1917 389 1952 Ambrosius
407 1922 584 1953 correctus
602 1929 644 1953 ex
662 1919 834 1965 probabili
851 1929 931 1954 oon-

223 1974 360 2019 jeotura
383 1975 418 2009 in
443 1985 518 2021 cap.
535 1974 665 2011 XXIV.
689 1975 804 2012 Lucae
827 1987 861 2022 p.
877 1976 933 2010 42.

226 2031 288 2067 lib.
306 2031 331 2066 I.
364 2031 463 2068 Offio.
496 2043 524 2068 c.
547 2032 596 2067 18.
627 2045 661 2079 p.
677 2032 732 2068 56.
764 2032 932 2068 Sermone

226 2088 262 2123 in
278 2088 319 2123 11.
338 2088 415 2124 Fer.
439 2095 517 2135 post
535 2090 698 2125 dominio.
722 2089 746 2126 1.
765 2090 931 2136 quadrag.

227 2156 261 2191 p.
270 2145 324 2181 76.
342 2146 401 2181 lib.
418 2145 443 2180 I.
467 2146 508 2181 de
525 2146 656 2182 Poenit.
676 2147 785 2193 cap.‘’
765 2170 795 2182 ,.
809 2158 840 2193 p.
851 2146 927 2182 226.

227 2201 304 2237 233.
318 2202 359 2238 de
371 2203 503 2239 Poenit.
518 2214 592 2250 cap.
614 2203 664 2239 10.
678 2215 711 2250 p.
731 2203 806 2240 237.
820 2204 928 2250 Epist.

227 2258 271 2293 ad
293 2260 397 2305 episc.
424 2261 545 2295 Aemil.
799 2273 832 2307 p.
850 2261 926 2296 292.

183 2316 389 2351 Ammianus
405 2317 627 2353 Marcellinus
650 2318 710 2353 lib.
725 2318 856 2354 XXVI.
873 2319 928 2354 99.

227 2372 286 2407 lib.
301 2372 418 2408 XIIX.
539 2378 544 2384 ’
801 2386 832 2421 p.
850 2375 926 2410 343.

185 2429 390 2464 Anastasius
415 2429 548 2465 Sinaita
610 2442 642 2477 p.
660 2431 736 2467 225.
756 2431 832 2468 228.
849 2431 927 2468 367.

185 2486 367 2520 Anatolius
374 2486 567 2522 illustratur
579 2499 613 2534 p.
625 2488 697 2523 189.
712 2492 745 2523 et
755 2488 928 2535 deinceps,

185 2543 419 2589 Apollinarius
443 2543 581 2580 Laudic.
803 2557 836 2592 p.
855 2546 931 2580 204.

186 2600 414 2647 Apollodorus
430 2601 490 2635 lib.
507 2601 533 2635 I.
546 2600 781 2636 Bibliothecae
805 2613 837 2648 p.
877 2603 932 2636 46.

160 2662 168 2672 ·
185 2657 435 2703 Aristophanes
459 2658 495 2692 in
519 2657 766 2704 Thesmophor.
807 2670 839 2704 p.
861 2659 934 2695 136.

185 2713 427 2760 Aristophanis
464 2713 676 2750 Scholiastes
719 2715 762 2750 ad
801 2715 933 2760 Σφῆκας

186 2828 389 2863 Aristoteles
406 2828 464 2863 lib.
481 2828 508 2864 1.
525 2829 566 2863 de
580 2829 716 2864 Anima.
733 2840 762 2863 c.
776 2829 807 2865 3.
824 2773 932 2875 pPIg·

230 2885 289 2920 lib.
308 2885 353 2919 VI
378 2885 419 2920 de
443 2885 521 2920 hist.
541 2886 653 2920 Anim.
679 2897 707 2919 c.
726 2885 779 2921 29.
804 2897 837 2932 p.
858 2886 931 2922 136.

231 2943 291 2977 lib.
304 2942 346 2978 V.
359 2953 388 2976 c.
397 2943 427 2978 9.
440 2954 474 2988 p.
487 2942 560 2979 137.
573 2944 716 2978 Meteor.
730 2954 759 2979 c.
768 2943 798 2977 6.
812 2955 844 2989 p.
858 2944 931 2978 137.

233 3000 291 3035 lib.
313 2999 366 3035 VI.
392 2998 470 3035 hist.
495 3000 609 3036 Anim.
634 3011 662 3036 o.
680 2999 735 3035 31.
804 3012 836 3046 p.
854 2999 932 3036 332.

468 1815 501 1849 p.
518 1803 551 1839 5.
568 1803 600 1838 8.
622 1803 672 1840 13.
692 1804 742 1839 14.
765 1804 838 1840 176.
855 1804 933 1840 203.

1002 1346 1176 1382 Arnobius
1669 1357 1702 1392 p.
1720 1346 1752 1381 7.

1003 1403 1213 1439 Athanasius
1244 1403 1279 1438 in
1306 1403 1456 1450 Synopsi
1486 1414 1521 1449 p.
1539 1402 1593 1439 59.
1625 1403 1753 1450 Apolo-

1046 1462 1106 1506 gia
1123 1461 1165 1495 II.
1190 1472 1223 1506 p.
1242 1460 1319 1496 287.
1346 1460 1439 1495 Orat.
1453 1460 1509 1495 IV.
1534 1471 1568 1506 p.
1590 1459 1667 1495 289.
1692 1461 1750 1496 111).

1047 1519 1088 1553 de
1108 1517 1239 1564 Synod.
1257 1519 1398 1553 Armen.
1415 1521 1449 1552 et
1466 1517 1599 1553 Selene.
1623 1529 1656 1564 p.
1673 1517 1753 1554 321.

1003 1576 1245 1621 Athenagoras
1270 1575 1306 1610 in
1324 1574 1445 1621 Legat.
1468 1586 1530 1621 pro
1546 1574 1753 1610 Christianis

1647 1643 1680 1678 p.
1697 1632 1753 1668 64.

1001 1690 1202 1726 Athenaeus
1227 1690 1286 1725 lib.
1303 1688 1382 1724 XII.
1625 1700 1659 1736 p.
1675 1688 1752 1725 283.

1005 1748 1222 1794 Augustinus
1247 1747 1307 1782 lib.
1325 1746 1350 1782 I.
1381 1750 1503 1782 contra
1527 1746 1753 1782 Cresconium

1047 1816 1122 1851 cap.
1141 1803 1195 1839 31.
1220 1816 1253 1851 p.
1270 1804 1325 1840 50.
1350 1804 1410 1839 lib.
1426 1803 1507 1840 XII.
1528 1807 1650 1839 eontra
1665 1803 1753 1839 Fau-

1047 1867 1138 1897 stum
1177 1873 1206 1897 e.
1229 1861 1284 1896 35.
1309 1865 1356 1907 'p.
1380 1860 1435 1896 76.
1473 1860 1532 1897 lib.
1554 1860 1596 1895 II.
1634 1865 1753 1896 eontra

1046 1919 1206 1955 Parmen.
1242 1930 1276 1965 p.
1305 1918 1359 1954 79.
1401 1918 1461 1954 lib.
1497 1917 1539 1952 de
1574 1918 1752 1954 Haeresib.

1047 1988 1080 2023 p.
1121 1976 1175 2012 85.
1224 1976 1285 2011 111).
1314 1975 1393 2011 XII.
1429 1981 1549 2010 contre
1582 1975 1752 2011 Faustum

1048 2044 1078 2069 c.
1090 2034 1141 2069 14.
1156 2033 1264 2079 Epist.
1280 2033 1364 2068 LIV.
1381 2032 1501 2079 p.236.
1516 2038 1627 2069 contr.
1640 2033 1751 2070 Adim.

1047 2103 1075 2127 c..
1094 2092 1124 2126 9.
1152 2102 1173 2137 p
1202 2090 1280 2126 288.
1312 2091 1372 2126 lib.
1389 2090 1431 2125 11.
1456 2090 1498 2124 de
1515 2091 1638 2126 Trinit.
1662 2091 1708 2126 ib.
1725 2091 1751 2126 I.

1046 2149 1088 2183 de
1106 2148 1228 2183 Trinit.
1256 2159 1285 2184 c.
1308 2148 1357 2183 12.
1384 2147 1572 2194 11289111
1595 2148 1636 2182 de
1650 2147 1751 2194 Bapt.

1042 2205 1172 2242 Donat.
1186 2205 1305 2251 p.340.
1319 2205 1426 2250 Epist.
1438 2204 1611 2240 LXXVII.
1625 2216 1659 2251 p.
1671 2204 1750 2241 367.

1043 2263 1102 2298 lib.
1120 2263 1160 2296 de
1176 2263 1265 2297 Cura
1279 2273 1340 2308 pro
1354 2266 1456 2296 mort.
1471 2272 1527 2307 ag.
1542 2272 1571 2297 c.
1588 2262 1617 2297 l.
1632 2274 1665 2308 p.
1673 2261 1751 2297 367.

1041 2321 1101 2356 lib.
1119 2320 1191 2354 XX
1217 2324 1338 2353 contra
1355 2318 1473 2354 Faust.
1498 2330 1526 2352 c.
1544 2319 1598 2354 21.
1622 2330 1655 2365 p.
1672 2318 1751 2355 368.

1043 2378 1102 2412 111).
1133 2377 1228 2411 XVI.
1259 2375 1300 2410 de
1325 2375 1397 2410 civ,
1421 2375 1485 2409 Dei
1523 2386 1551 2409 o.
1581 2375 1630 2410 13.
1662 2388 1694 2423 p.
1717 2378 1750 2412 5·

1046 2433 1184 2475 Quaest.
1205 2432 1279 2467 152.
1294 2432 1328 2466 in
1350 2431 1436 2467 Gen.
1464 2436 1497 2466 et
1522 2432 1580 2466 lib.
1598 2433 1693 2468 XVI.
1710 2435 1751 2470 de

1045 2490 1145 2525 civit.
1170 2500 1198 2525 c.
1216 2490 1271 2524 49.
1297 2500 1330 2535 p.
1352 2490 1400 2523 14.
1432 2489 1492 2523 lib.
1508 2489 1601 2524 XVI.
1630 2495 1752 2526 contra

1046 2546 1214 2581 Faustum
1230 2557 1258 2582 c.
1273 2545 1327 2580 38.
1348 2557 1380 2591 p.
1394 2545 1449 2581 43.
1470 2546 1530 2581 lib.
1542 2546 1568 2582 I.
1587 2546 1629 2582 de
1644 2547 1750 2595 Nupt.

1047 2615 1075 2638 0.
1097 2603 1148 2637 ll.

1349 2698 1391 2737 B.

1003 2773 1165 2808 Balsamo
1183 2773 1226 2808 ad
1243 2784 1364 2808 canon.
1382 2774 1492 2810 LXX.
1507 2774 1630 2811 Basilii
1646 2788 1679 2823 p.
1692 2777 1748 2813 77.

1047 2830 1090 2865 ad
1123 2830 1216 2866 XIV.
1247 2841 1415 2866 canonem
1446 2832 1748 2869 Neocaeariensis

1047 2887 1201 2929 concilii,
1238 2899 1270 2933 p.
1294 2887 1371 2924 280.
1394 2888 1472 2924 353.
1495 2889 1572 2925 358.
1597 2890 1674 2926 359.
1705 2891 1748 2924 ad

1047 2955 1124 2980 can.
1140 2944 1265 2980 LXIX.
1618 2959 1652 2992 p.
1669 2946 1746 2982 361.

1004 3001 1144 3036 Baronii
1163 3003 1314 3037 Annales
1339 3003 1382 3037 ad
1406 3013 1538 3038 annum
1558 3003 1632 3038 120.
1645 3014 1678 3049 p.
1692 3003 1746 3039 43.
