2008 3294
1601 218 1723 256 CXCV

175 319 285 356 seiam
299 320 443 356 verbum
457 319 603 356 nulium.
628 320 791 367 Alioquin
806 320 943 356 sublata
959 319 1072 355 omnis
1088 325 1181 357 esset
1195 321 1254 356 illa
1270 321 1311 357 de
1327 321 1422 358 Eliae
1444 323 1602 369 quaestio
1612 348 1622 366 ,
1638 324 1669 358 si
1685 323 1727 358 de

176 387 246 423 qua
259 377 353 413 tribu
365 380 469 414 natus
484 379 579 412 esset
591 377 648 412 vel
662 378 836 414 levissime
851 376 1074 424 significaret.

265 433 464 482 Σαμαραται
475 432 532 481 μὲν
545 432 607 480 γὰρ
620 436 764 479 totitem]
789 435 841 471 Ita
850 433 1000 470 sensisse
1013 433 1158 470 Iudaeos
1171 435 1323 471 declarat
1334 437 1472 474 Hieron.
1487 436 1726 484 adEvagrium

173 489 282 538 Epist.
299 501 417 528 cxxvr.
440 494 475 527 et
495 502 540 526 ex
555 490 728 527 Midrasch
744 490 866 539 Agada
885 490 987 526 docet
1010 491 1049 527 R.
1067 491 1232 527 Selomoh
1255 493 1291 528 in
1314 505 1384 529 xrv.
1403 493 1490 531 Gen.
1514 505 1578 530 nee
1598 505 1670 530 non
1692 498 1727 529 et

173 547 273 583 Aben
299 547 419 584 Hezra.
466 547 537 584 Nee
559 547 703 584 dubium
725 553 796 592 est,
823 548 906 596 quin
927 559 973 583 ex
995 548 1232 584 Hebraeorum
1254 555 1288 586 et
1308 550 1511 587 Latinorum
1533 551 1725 588 rationibus

173 609 367 652 congruant
387 608 555 653 tempora.
603 605 692 641 Nam
708 604 902 643 Abraham
924 606 1118 652 supervixit
1139 605 1220 641 Sem
1240 617 1350 642 annos
1367 620 1472 645 xxxv.
1520 610 1566 644 At
1587 620 1631 644 ex
1656 621 1726 645 axx

172 662 348 698 seniorum
364 661 513 699 editione
528 673 748 710 nequaquam
764 662 989 706 eonveniunt,
1011 666 1051 698 ut
1070 667 1162 698 recte
1185 664 1318 710 colligit
1341 664 1565 712 Epiphanius.
1597 666 1727 702 Verum

172 717 215 754 de
230 717 296 755 hae
309 718 515 756 ludaeorum
532 725 592 756 aut
607 720 903 757 Samaritanorum
919 719 1099 767 opinione,
1121 731 1161 756 ac
1184 722 1327 757 caeteris
1345 721 1386 757 de
1402 722 1653 759 Melchisedeco
1670 734 1726 761 ve-

171 778 284 811 terum
300 777 490 820 erroribus,
506 778 662 824 pluribus
679 777 752 825 agit
763 777 903 814 moron.
921 777 998 812 loco
1016 778 1140 820 citato,
1162 779 1400 824 copiosissime
1417 790 1496 815 vero
1518 781 1725 816 recentiores

172 842 348 870 saetarum
371 834 550 870 literarum
571 827 773 883 interpretes
794 838 830 870 et
850 833 1071 882 chronologi;
1098 838 1138 870 ut
1164 846 1204 870 eo
1233 836 1348 871 minus
1376 836 1412 872 in
1435 835 1500 872 hac
1522 839 1725 884 quaestione

171 890 375 928 commorari
390 902 532 934 neeesse
548 892 603 927 sit.

260 944 344 984 Ὅτε
359 946 422 996 γὰρ
438 947 586 996 Ἀβραὰμ
603 948 771 997 ὑπῆρχεν.]
799 947 923 983 Falsus
946 952 998 984 est
1019 948 1153 996 aliquot
1174 949 1275 985 annis
1291 961 1455 986 numerus
1473 952 1547 987 iste.
1581 952 1670 987 Nam
1687 956 1726 988 ut

170 1013 215 1040 ex
233 1003 357 1042 Genes.
370 1017 442 1042 xvr.
459 1017 533 1054 cap.
550 1009 702 1050 constet,
722 1016 839 1042 axxxv
856 1005 1029 1041 duntaxat
1049 1017 1222 1042 annorum
1237 1012 1310 1043 erat
1326 1008 1519 1044 Abraamus
1536 1020 1615 1044 eum
1631 1010 1724 1056 Agar

170 1061 332 1098 ancillam
347 1062 464 1107 duxit,
481 1063 573 1110 quod
588 1061 758 1111 posterius
775 1066 828 1098 est
843 1062 1064 1111 expeditione
1080 1063 1141 1099 illa
1157 1069 1278 1100 contra
1293 1075 1394 1112 reges
1411 1077 1458 1102 ιν.

259 1118 320 1154 Καὶ
337 1117 484 1166 ἐξέβαλεν
502 1119 593 1168 αὐτῷ
609 1117 732 1168 ἃρτον.]
778 1119 950 1166 Egregius
972 1119 1027 1156 hie
1048 1121 1146 1156 locus
1168 1121 1212 1157 ad
1230 1122 1394 1158 tuendam
1411 1123 1455 1159 ab
1471 1124 1724 1160 haereticorum

169 1175 353 1213 calumniis
374 1187 594 1214 communem
613 1172 679 1213 1³1³.
701 1177 858 1212 omnium
879 1177 1097 1214 autoritatem
1120 1189 1160 1213 ae
1184 1180 1410 1223 sententiam,
1434 1181 1494 1227 qui
1510 1192 1553 1216 ex
1571 1181 1639 1216 iliis
1657 1182 1723 1217 Ge-

167 1243 292 1270 neseos
307 1234 422 1270 verbis
438 1234 604 1271 deducere
618 1233 749 1276 soient,
766 1233 1054 1270 Melchisedecum
1067 1234 1111 1270 ad
1124 1246 1226 1272 usum
1239 1237 1399 1272 sacrificii
1411 1249 1537 1284 panem
1555 1244 1589 1273 et
1604 1240 1724 1274 vinum

167 1291 370 1338 protulisse,
394 1296 428 1327 et
448 1302 489 1327 eo
504 1291 579 1340 ipso
595 1290 783 1327 seacriiicio
798 1291 1018 1328 incruentum
1034 1291 1162 1328 Christi
1177 1294 1330 1340 corporis
1347 1304 1388 1330 ae
1404 1296 1587 1342 sanguinis
1604 1296 1723 1332 adum·

169 1347 288 1384 brasse
303 1348 521 1385 sacrificium.
566 1347 664 1391 Quod
681 1352 714 1384 et
728 1348 868 1384 Hieron.
885 1348 984 1385 docet
999 1348 1156 1396 Epistola
1178 1349 1221 1385 ad
1237 1349 1362 1397 Evagr.
1379 1356 1415 1386 et
1429 1358 1577 1396 veteres,
1600 1354 1650 1389 uti
1674 1353 1723 1388 di·

167 1409 262 1441 etum
278 1410 350 1450 est,
364 1404 613 1454 propemodum
629 1416 768 1450 omnes3
785 1416 933 1452 quorum
948 1407 1148 1443 testimonia
1163 1418 1185 1443 a
1200 1406 1378 1444 catholicis
1395 1409 1621 1456 scriptoribus
1638 1412 1723 1446 iam-

167 1461 299 1498 dudum
320 1463 474 1499 stndiose
494 1462 639 1499 collecta
659 1467 751 1499 sunt.
809 1462 878 1498 Sed
902 1463 1052 1500 eximius
1074 1468 1179 1511 atque
1199 1465 1370 1512 imprimis
1392 1465 1542 1502 disertus
1565 1474 1636 1511 est,
1665 1469 1724 1515 qui

166 1517 252 1555 mihi
267 1519 357 1556 forte
372 1530 465 1556 nune
480 1519 629 1556 eeeurrit
643 1519 832 1556 Clementis
848 1520 1017 1557 Alexand.
1033 1521 1130 1558 loeus
1146 1522 1206 1558 lib.
1220 1533 1266 1559 ιν.
1284 1522 1412 1559 Strom.
1443 1523 1647 1571 Μελχισεδὲκ
1664 1525 1723 1571 βα-

167 1574 273 1617 σιλεὺς
289 1576 424 1624 Σαλὴμ,
441 1574 460 1613 ὃ
474 1575 572 1624 Ιιριὺς
587 1579 647 1612 τοῦ
665 1576 738 1612 θεοῦ
755 1579 814 1612 τοῦ
830 1575 983 1625 ὑψίστου,
1001 1575 1019 1612 ὃ
1035 1577 1092 1612 τὀν
1109 1573 1196 1613 οἶνον
1209 1578 1262 1614 καὶ
1275 1579 1331 1614 τὸν
1345 1577 1442 1627 ἄρτον
1455 1579 1512 1625 τὴν
1523 1580 1722 1629 ἣγιαομένην

167 1632 275 1674 διδοὺς
291 1632 413 1682 τροφὴν
429 1631 470 1676 εἰς
485 1634 587 1670 τύπον
603 1633 819 1683 εὐχαριστίας.
851 1634 937 1670 Vide
952 1635 1101 1682 August.
1116 1635 1226 1683 Epist.
1243 1647 1324 1672 xcv.

257 1688 298 1726 ‘0
314 1690 350 1726 δὲ
364 1693 424 1727 τοῦ
439 1689 589 1739 ’Δβραὰμ
604 1692 738 1739 πατήρ]
771 1691 870 1735 Quod
885 1692 1099 1728 Abraamum
1115 1704 1207 1729 anno
1225 1694 1348 1729 aetatis
1365 1705 1449 1730 suae
1465 1707 1546 1732 nxx.
1563 1698 1724 1743 genuerit

165 1746 278 1783 'thare
293 1747 418 1784 diserte
433 1748 602 1797 scriptura
618 1749 734 1793 docet,
758 1759 798 1785 ae
821 1749 1145 1796 tergiversationem
1168 1761 1307 1786 omnem
1324 1752 1486 1788 excludit.
1532 1753 1604 1789 Nec
1624 1755 1723 1789 aliter

165 1805 392 1842 vetustissimi
407 1805 534 1854 quique
549 1810 665 1854 patres
681 1817 762 1842 eum
777 1806 894 1842 locum
910 1807 1123 1854 interpretati
1139 1813 1234 1852 sunt,
1257 1813 1296 1844 ut
1311 1809 1367 1844 vel
1382 1810 1573 1845 contrariae
1590 1812 1721 1857 opinio-

165 1861 222 1897 nis
243 1862 380 1910 petroni
400 1862 503 1900 fateri
525 1867 706 1911 eoguntur,
729 1863 791 1911 qui
810 1867 932 1899 contra
946 1865 1056 1900 Mosis
1073 1865 1313 1909 autoritatem,
1335 1877 1407 1902 non
1423 1878 1516 1910 ux„
1534 1867 1595 1902 sed
1613 1878 1718 1904 cxxx.

165 1906 277 1955 'ihm
299 1930 390 1957 anno
412 1923 535 1956 natum
557 1919 790 1969 patriarcham
813 1921 973 1957 videntur
996 1932 1160 1957 asserere.
1204 1922 1360 1958 Viderint
1373 1923 1546 1971 iniquam
1562 1929 1654 1960 recte
1670 1930 1721 1960 tot

165 1976 398 2022 saeculorum,
413 1977 569 2025 adeoque
584 1977 649 2032 PR.
667 1978 824 2014 omnium
840 1989 1049 2014 eonsensum
1065 1978 1255 2026 repudient.
1301 1979 1373 2016 Nos
1395 1991 1483 2027 quae
1507 1982 1551 2016 ab
1571 1982 1639 2018 illis
1661 1995 1719 2030 op-

163 2037 338 2080 ponuntur
351 2034 440 2070 tanti
455 2045 532 2071 esse
548 2046 619 2072 nou
635 2035 824 2079 credimus,
839 2039 879 2071 ut
893 2040 1076 2084 propterea
1091 2036 1205 2072 lucere
1221 2037 1363 2073 meridie
1378 2038 1580 2085 negandum
1596 2040 1651 2076 sit.

251 2090 327 2128 Iam
338 2101 420 2128 vero
436 2090 500 2128 hae
515 2092 552 2128 in
567 2092 832 2140 generationum
847 2092 1076 2140 descriptione
1092 2104 1163 2129 non
1179 2094 1223 2129 ab
1239 2094 1416 2130 Hebraicis
1432 2095 1536 2131 modo
1552 2096 1718 2140 fontibus,

164 2147 224 2184 sed
239 2148 343 2185 etiam
359 2159 381 2184 a
395 2160 467 2185 mxx
482 2149 660 2186 seniorum
673 2151 846 2194 numeris,
862 2150 1055 2188 cuiusmodi
1069 2149 1171 2186 hodie
1188 2155 1326 2195 extant,
1343 2153 1480 2188 aberrat
1491 2152 1717 2200 Epiphanius.

162 2204 260 2242 Dabo
282 2204 338 2242 hie
353 2206 589 2243 Hebraeorum
612 2217 653 2244 ae
669 2206 881 2243 Graecorum
903 2208 1044 2251 seriem,
1065 2211 1105 2243 ut
1126 2218 1216 2255 quae
1239 2209 1455 2245 observanda
1477 2215 1559 2245 sunt
1579 2211 1716 2247 facilius

164 2262 308 2310 quisque
322 2263 500 2311 pereipiat.

161 2526 340 2575 Sempost
355 2528 522 2565 diluvium

232 2573 329 2610 enuit
343 2584 436 2610 anno
589 2573 610 2609 2
691 2572 775 2609 Sem
790 2584 881 2609 anno
1096 2574 1117 2609 2
1309 2574 1378 2610 500
1593 2577 1660 2613 600

161 2617 246 2700 ΔΞ».
305 2619 350 2655 ad
566 2619 610 2656 35
689 2619 876 2673 Arphaxad
1054 2619 1117 2655 135
1309 2620 1382 2663 303.
1591 2622 1659 2659 338

163 2663 188 2699 S
565 2665 612 2701 30
691 2664 823 2700 Gaman
1053 2664 1118 2700 130

162 2709 253 2744 Eber
566 2710 611 2746 34
690 2710 774 2745 Sala
1053 2709 1118 2746 130
1308 2711 1376 2747 403
1589 2713 1657 2749 433

162 2753 294 2802 Phaleg
540 2760 543 2764 '
566 2756 612 2792 30
689 2755 780 2791 Eber
1053 2755 1116 2790 134
1307 2756 1376 2792 430
1589 2759 1657 2794 464

162 2799 238 2835 Reu
565 2801 610 2837 32
689 2800 821 2847 Phaleg
1053 2799 1117 2835 130
1308 2801 1375 2838 209
1590 2804 1656 2840 239

162 2844 296 2882 seruch
565 2847 611 2883 30
689 2846 765 2882 Reu
1052 2845 1116 2880 132
1308 2846 1374 2882 207
1590 2849 1656 2885 239

163 2890 300 2927 Nachor
566 2892 610 2928 29
690 2891 823 2927 Seruch
1052 2890 1116 2926 130
1307 2892 1375 2929 200
1590 2895 1658 2930 230

162 2936 276 2973 There
566 2938 611 2974 70
689 2937 826 2973 Naehor
1051 2936 1115 2972 179
1309 2938 1373 2974 119
1593 2941 1657 2975 148

217 2994 235 3018 ι·
281 2993 339 3018 am
742 2994 801 3018 are

163 2983 216 3018 Ab
236 2981 280 3018 ah
689 2983 741 3019 Th
1071 2981 1116 3016 70
1310 2983 1373 3019 135
1591 2986 1656 3022 205

165 3074 347 3108 eolliguntur
359 3075 395 3101 ad
407 3076 540 3102 Abra-mi
669 3075 893 3108 Coiligunturad
899 3075 1033 3101 Abrumi

198 3124 293 3146 ortum
312 3121 378 3146 nuni
546 3109 611 3144 292
703 3124 797 3147 ortum
816 3121 882 3147 anni
1032 3108 1118 3143 1172

1754 2124 1782 2150 p.
1795 2116 1854 2144 222.
