1968 3294
278 203 306 243 4
816 211 912 244 ΑΕΒ.
936 211 1062 245 ῐΑΗΝ]
1087 211 1304 245 EPISTOLA

277 296 429 324 veterum
461 290 566 335 magis
597 302 695 336 qnam
727 289 932 335 Epiphanius
967 297 1074 336 egeat.
1121 293 1195 332 Quo
1230 291 1264 323 in
1298 301 1420 335 genere
1452 288 1626 334 quamvis,
1667 289 1830 324 Comario

277 355 461 392 praeeunte
475 373 485 387 ,
514 347 668 381 Petavius
689 356 723 380 et
746 353 825 392 post
848 358 923 381 eum
943 348 1127 382 Gatakerus
1152 359 1276 392 operae
1302 347 1446 391 pretium
1470 345 1635 390 fecerint,
1670 346 1831 382 immensa

275 410 388 438 tamen
413 404 685 437 emendationum
709 404 828 437 messis
852 404 1006 438 facienda
1031 412 1100 447 est,
1136 405 1326 449 priusquam
1352 402 1557 448 Epiphanius
1589 402 1652 436 sibi
1684 403 1747 448 ipsi
1770 415 1830 437 re-

276 460 412 494 stitutus
436 461 540 494 videri
567 460 682 505 possit.
730 461 797 495 Sed
821 461 1020 495 emendandi
1046 462 1215 506 negotium
1239 461 1271 493 in
1293 459 1482 505 Epiphanio
1507 471 1548 493 eo
1572 466 1623 493 est
1647 460 1830 503 difficilius,

276 517 367 562 quod
392 518 450 551 ille
475 517 608 551 dicendi
631 528 755 562 genere
777 518 930 563 squalido
954 530 1017 552 nec
1039 519 1119 551 satis
1146 518 1275 551 Graeco
1300 529 1374 551 usus
1399 524 1477 558 est,
1503 524 1540 549 ut
1561 528 1662 562 saepe
1685 516 1830 558 dubites,

276 574 355 619 quid
378 574 448 616 illi,
472 574 552 619 quid
575 574 785 608 librariorum
809 575 971 608 barbariei
995 575 1242 609 attribuendum
1265 574 1320 608 sit.
1367 575 1440 607 Huc
1463 573 1607 614 accedit,
1631 573 1721 618 quod
1743 573 1830 607 scri-

274 639 388 675 ptores
401 656 412 671 ‚
436 643 477 664 ex
500 631 618 676 quibus
641 631 699 665 ille
721 632 855 674 hausit,
879 632 1012 665 dicendi
1035 644 1158 676 genere
1180 632 1268 664 inter
1290 643 1326 664 se
1351 643 1448 676 quam
1472 630 1615 664 maxime
1638 630 1831 675 discrepant

274 695 311 722 et
335 687 575 722 sententiarum
600 688 802 722 obscuritate
825 689 915 723 haud
937 701 1015 722 raro
1038 689 1203 722 laborant.
1251 688 1334 722 Inde
1359 689 1504 728 sactum,
1529 694 1566 721 ut
1590 695 1724 732 praeter
1744 687 1831 721 Cor-

274 745 414 787 narium,
436 745 611 781 Petavium
632 752 668 779 et
681 746 887 780 Gatakerum
901 757 1001 780 nemo
1020 746 1064 780 sit
1083 753 1245 790 repertus,
1270 745 1326 791 qui
1340 736 1562 790 Epiphaniam
1584 745 1750 789 integrum
1773 750 1832 777 aut

275 814 315 835 ex
338 809 435 847 parte
458 801 502 836 de
523 801 686 836 industria
711 809 893 843 tractaret,
932 810 1035 848 utque
1056 814 1100 835 ex
1122 802 1283 835 immensa
1306 801 1553 846 philologorum
1577 813 1696 846 grege,
1729 812 1830 834 exce—

272 859 342 904 ptis
363 859 569 904 philologiae
591 859 768 900 heroibus,
793 860 963 905 Scaligero
986 868 1020 893 et
1046 859 1256 900 casaubono,
1280 858 1465 904 horumque
1487 859 1624 892 aemulis
1650 857 1727 891 viris
1750 869 1831 891 eru-

273 916 376 958 ditis,
413 928 515 950 nemo
539 916 762 961 Epiphaniam
786 928 853 950 non
878 917 955 951 dico
986 916 1170 950 accuratius
1193 915 1395 961 inspiceret,
1433 916 1494 949 sed
1519 915 1656 950 omnino
1692 915 1830 960 legeret.

272 973 442 1019 Theologi
465 981 577 1008 autem
602 980 698 1016 (nam
716 973 783 1007 rari
805 973 965 1008 exstitere
979 973 1108 1008 Petavii
1130 981 1165 1007 et
1181 972 1357 1018 Gatakeri)
1382 973 1576 1018 plerumque
1598 972 1678 1006 satis
1700 972 1831 1006 habue-

271 1038 374 1072 runt,
403 1030 585 1065 haeresium
610 1038 646 1064 et
664 1030 856 1076 dogmatum
878 1031 1092 1076 testimonia,
1117 1038 1283 1075 utcunque
1306 1029 1437 1063 mendis
1461 1029 1582 1064 vitiata
1605 1037 1640 1074 et
1662 1029 1750 1062 male
1772 1029 1830 1062 in-

272 1087 410 1122 tellecta
425 1113 435 1128 ,
460 1098 503 1121 ex
526 1099 567 1122 eo
591 1087 723 1121 afferre.

364 1146 440 1186 Quo
464 1144 567 1189 magis
587 1146 681 1186 Tua,
705 1144 750 1177 mi
774 1145 938 1186 Oehlere,
962 1145 1128 1179 laudanda
1151 1152 1202 1179 est
1221 1144 1404 1185 industria,
1430 1143 1506 1189 qui,
1531 1155 1600 1177 non
1623 1143 1830 1177 reformida-

270 1200 315 1235 tis
338 1201 404 1247 iis,
436 1213 521 1248 qnae
546 1201 636 1242 dixi,
673 1201 795 1235 criseos
822 1202 1068 1247 Epiphanianae
1102 1202 1372 1247 impedimentis,
1411 1200 1455 1235 ad
1478 1211 1552 1234 eam
1574 1207 1611 1234 te
1642 1198 1828 1240 accinxisti,

269 1258 417 1293 subsidia
441 1259 570 1293 naviter
591 1258 795 1303 explorasti,
832 1259 1005 1304 explorata
1028 1261 1120 1294 Tuos
1143 1260 1176 1293 in
1212 1271 1286 1293 usus
1311 1258 1519 1292 convertisti.
1565 1257 1652 1292 Nam
1686 1256 1830 1308 primum

267 1315 402 1361 quidem
437 1315 562 1350 codicis
585 1316 707 1349 Veneti
741 1326 806 1360 ope
842 1315 927 1350 folia
949 1317 1154 1362 transposita
1177 1327 1252 1350 suas
1276 1315 1320 1350 ad
1342 1315 1437 1349 sedes
1472 1314 1659 1356 revocasti,
1695 1313 1829 1348 lacunas

267 1372 455 1418 explevisti,
479 1373 639 1418 plurimos
662 1373 755 1406 locos
780 1380 957 1418 corruptos
981 1374 1188 1419 persanasti3
1212 1385 1322 1419 neque
1346 1384 1425 1406 vero
1450 1371 1638 1417 neglexisti,
1663 1382 1748 1416 quae
1771 1369 1829 1404 alii

267 1429 403 1464 codices
426 1442 526 1464 manu
549 1430 668 1475 scripti
691 1436 726 1463 et
750 1429 854 1463 editio
878 1430 1033 1475 princeps
1056 1430 1100 1464 ad
1123 1430 1367 1464 emendandum
1392 1428 1612 1475 Epiphanium
1637 1427 1826 1462 conferunt.

266 1486 419 1528 Deinde,
456 1498 541 1532 quae
565 1486 621 1520 ille
646 1498 686 1520 ex
713 1488 849 1520 irenaeo
874 1494 909 1521 et
942 1487 1015 1521 aliis
1049 1486 1267 1532 scriptoribus
1300 1487 1430 1528 hausit,
1459 1487 1503 1520 ad
1541 1486 1676 1519 illorum
1710 1495 1826 1519 exem-

266 1543 375 1589 plaria
407 1544 569 1588 exegisti,
605 1555 689 1589 quae
723 1550 835 1577 autem
869 1544 1007 1578 Photius
1043 1551 1078 1578 et
1111 1544 1166 1578 alii
1201 1556 1242 1577 ex
1275 1543 1413 1585 iisdem,
1450 1543 1567 1589 quibus
1600 1542 1678 1583 ille,
1715 1540 1827 1576 fonti·

265 1599 328 1634 bus
359 1600 575 1642 derivarunt,
612 1612 686 1635 cum
719 1600 885 1646 excerptis
921 1601 1160 1646 Epiphanianis
1190 1601 1275 1635 scite
1312 1600 1521 1646 comparasti.
1578 1604 1624 1634 Ac
1657 1598 1685 1632 si
1718 1599 1826 1632 minus

264 1656 350 1692 haec
386 1657 498 1692 omnia
534 1669 607 1692 cum
643 1657 829 1703 pulvisculo
865 1649 1055 1699 excussisti,
1106 1664 1141 1692 at
1174 1658 1284 1692 multis
1319 1664 1432 1691 tamen
1482 1657 1632 1703 partibus
1669 1655 1827 1702 scriptori

265 1715 342 1749 Tuo
366 1714 499 1760 egregie
532 1714 700 1760 profuisti.
748 1716 878 1755 Porro,
914 1726 999 1760 quae
1023 1722 1102 1760 post
1126 1714 1321 1749 Cornarium
1348 1715 1502 1749 Petavius
1530 1723 1566 1749 et
1593 1721 1727 1760 praeter
1748 1713 1826 1748 illos

263 1771 362 1817 pauci
385 1771 520 1816 qnidam
543 1771 678 1817 ingenio
703 1778 739 1805 et
771 1771 924 1806 doctrina
953 1763 1156 1805 excellentes
1185 1772 1246 1805 viri
1282 1771 1501 1806 coniectando
1527 1770 1709 1817 periclitati
1734 1776 1825 1812 sunt,

264 1829 358 1863 Tuos
382 1829 416 1862 in
441 1840 516 1864 usas
538 1829 657 1863 sedulo
682 1828 887 1863 convertisti.
936 1829 1086 1874 Denique
1110 1828 1181 1874 ipse
1203 1828 1294 1862 illam
1319 1827 1518 1862 emendandi
1541 1828 1716 1868 rationem,
1741 1838 1825 1873 qnae

264 1885 459 1920 coniectura
490 1886 705 1926 continetur,
744 1893 901 1930 expertus
925 1897 972 1920 es.
1030 1889 1140 1931 Atque
1173 1885 1303 1919 etiamsi
1326 1885 1495 1919 interdum
1515 1885 1661 1919 fortasse
1684 1883 1826 1919 calidior

264 1941 359 1975 suisti
382 1941 416 1976 in
440 1942 640 1977 coniecturis
664 1942 698 1976 in
722 1949 928 1984 contextam,
953 1942 1009 1988 qui
1033 1942 1165 1983 dicitur,
1190 1942 1400 1988 recipiendis,
1426 1942 1533 1976 multo
1557 1949 1668 1976 tamen
1692 1940 1824 1986 saepius

263 2010 335 2034 rem
357 2011 419 2034 acu
442 1999 591 2045 tetigisti.

356 2056 424 2091 Sed
447 2064 501 2091 est
523 2056 661 2092 omnino
688 2056 839 2098 facilius,
878 2057 964 2091 viem
989 2057 1031 2091 ab
1056 2056 1123 2091 alio
1148 2069 1209 2103 per
1229 2056 1307 2091 loca
1329 2068 1447 2102 aspera
1471 2063 1506 2090 et
1528 2056 1673 2090 dumetis
1696 2055 1824 2101 repleta

263 2113 408 2159 primum
431 2114 575 2148 excisam
597 2113 764 2159 corrigere
789 2121 824 2148 et
848 2114 939 2159 quod
961 2113 1004 2148 ad
1027 2113 1176 2148 laborem
1211 2114 1506 2149 consummandum
1539 2114 1635 2148 deest
1667 2113 1824 2154 adiicere,

264 2180 362 2216 quarn
386 2170 530 2205 eundem
560 2170 738 2216 suscipere.
789 2171 922 2217 iniquus
955 2178 1067 2205 autem
1091 2178 1126 2205 et
1148 2170 1322 2216 impudens
1347 2171 1390 2205 sit
1406 2196 1415 2212 ,
1448 2171 1504 2216 qui
1527 2170 1702 2205 difficilem
1735 2181 1822 2217 ope-

262 2238 335 2261 ram
358 2226 518 2263 laudabili
539 2227 653 2263 studio
674 2235 866 2274 susceptam
889 2228 967 2262 ideo
991 2227 1138 2263 cavillari
1161 2228 1293 2269 audeat,
1323 2228 1414 2274 quod
1438 2228 1487 2263 illi
1509 2228 1554 2263 ad
1577 2227 1823 2274 perfectionem

263 2284 403 2319 multum
426 2284 536 2320 adhuc
558 2284 656 2319 desit.
703 2285 821 2331 Neque
845 2297 926 2320 vero
949 2296 1013 2331 ego
1038 2284 1121 2319 haec
1143 2284 1300 2320 adulandi
1325 2297 1421 2320 causa
1444 2285 1523 2322 Tibi
1546 2285 1644 2330 dico,
1677 2291 1735 2320 aut
1756 2286 1822 2328 Tu,

263 2340 343 2386 quid
367 2342 444 2377 Tuo
467 2341 500 2376 in
534 2341 651 2376 labore
672 2353 825 2377 mancum
849 2349 883 2376 et
915 2341 1151 2387 imperfectum
1174 2342 1239 2383 sit,
1274 2342 1358 2377 alios
1383 2342 1492 2377 celare
1514 2342 1616 2388 cupis.
1664 2342 1822 2389 Alioquin

263 2409 371 2444 neque
397 2400 450 2435 Tu
474 2410 528 2433 me
552 2398 596 2433 ad
620 2398 790 2445 symbolas
813 2399 847 2434 in
872 2398 1095 2445 Epiphanium
1117 2398 1243 2434 dandas
1267 2399 1464 2443 invitasses,
1486 2406 1544 2434 aut
1567 2411 1631 2445 ego
1655 2411 1715 2443 ea,
1738 2410 1823 2446 quae

261 2454 346 2490 haec
378 2455 490 2490 studia
524 2455 644 2497 decet,
681 2455 889 2501 ingenuitate
912 2456 946 2491 in
980 2456 1174 2503 supplendis
1197 2463 1232 2490 et
1255 2456 1460 2502 corrigendis
1494 2456 1616 2502 vigiliis
1639 2457 1721 2492 Tuis
1744 2457 1827 2495 ttsus¹

263 2523 381 2547 essem

354 2569 443 2613 Quid
466 2577 578 2605 autem
602 2569 635 2604 in
659 2570 821 2616 symbolis
845 2570 927 2607 meis
946 2570 1087 2606 maxime
1103 2570 1325 2617 spectaverint
1344 2577 1378 2605 et
1397 2570 1515 2616 quibus
1538 2570 1718 2606 instructus
1736 2570 1820 2615 sub-

261 2625 355 2662 sidiis
388 2639 443 2662 eas
475 2627 687 2673 scripserim,
720 2627 810 2664 malo
843 2627 985 2664 lectores
1008 2640 1049 2663 ex
1081 2627 1121 2663 iis
1145 2638 1231 2674 quae
1254 2626 1345 2679 '4⁶⁶³
1378 2638 1602 2673 cognoscere,
1643 2639 1742 2675 quam
1764 2627 1820 2664 hic

261 2683 468 2719 ambitiosius
492 2696 656 2719 enarrare.
706 2686 748 2719 Et
782 2684 872 2720 istud
895 2685 1029 2732 quidem
1053 2691 1176 2731 sponte
1199 2691 1363 2731 apparet,
1401 2695 1454 2719 me
1476 2696 1544 2721 non
1567 2684 1676 2720 solum
1699 2695 1819 2720 emen-

261 2740 365 2776 dandi
378 2766 388 2784 ,
411 2740 472 2776 sed
495 2741 595 2777 etiam
620 2740 806 2776 illustrandi
826 2741 1004 2788 Epiphanii
1027 2753 1140 2777 curam
1162 2741 1315 2777 habuisse
1327 2766 1338 2783 ,
1362 2740 1452 2788 qnod
1478 2749 1618 2787 pensum
1631 2742 1685 2777 Τιι
1703 2754 1723 2777 a
1741 2743 1818 2778 Tuo

258 2797 376 2834 labore
401 2798 475 2834 sere
498 2798 674 2833 exclusisti.
723 2798 810 2833 nlnd
834 2810 915 2835 vero
938 2798 1003 2834 hoc
1025 2798 1103 2835 loco
1122 2805 1236 2834 tacere
1257 2798 1349 2840 nolo,
1374 2798 1532 2845 plurimas
1551 2798 1817 2842 emendationes,

259 2867 281 2891 a
304 2866 358 2890 me
383 2855 488 2891 saetas
513 2855 546 2890 in
572 2855 770 2900 Methodio,
811 2868 830 2890 e
854 2855 945 2891 cuins
978 2855 1107 2902 scripto
1136 2855 1214 2901 περὶ
1236 2852 1458 2896 ἀναστάσεως
1484 2853 1685 2902 Epiphanius
1719 2856 1812 2902 larga

260 2913 443 2959 specimina
477 2919 634 2959 tanquam
659 2923 804 2958 pannum
828 2924 906 2949 vere
942 2924 1144 2960 purpureum
1180 2912 1315 2948 cantoni
1336 2924 1398 2948 suc
1422 2912 1546 2956 assuit,
1571 2912 1769 2959 propediem
1791 2924 1812 2948 a

261 2980 315 3005 me
338 2969 568 3006 confirmatum
593 2977 628 3005 et
652 2969 852 3005 illustratum
875 2969 915 3005 iri
938 2970 972 3005 in
990 2972 1144 3007 Methodio
1157 2972 1387 3014 Pletoniam,
1409 2981 1449 3005 ex
1473 2981 1538 3017 quo
1560 2981 1645 3017 quae
1668 2970 1713 3006 ad
1731 2970 1816 3017 Epi-

261 3026 421 3073 phaniam
442 3026 686 3063 emendandum
707 3027 877 3074 pertinent
897 3026 1030 3064 nonnisi
1051 3027 1240 3065 summatim
1261 3026 1419 3070 delibavi,
1443 3038 1486 3063 ne
1508 3038 1581 3063 mea
1603 3026 1706 3075 ipsius
1727 3026 1815 3064 scri-
