2008 3294
333 188 500 225 GCLXVI

332 304 497 328 numerus
519 305 591 328 ιιι.
638 292 773 346 Quippe
801 293 940 338 cyclum
961 293 1315 329 decemnovennalem
1343 305 1414 328 non
1437 294 1482 329 ab
1505 305 1610 330 aureo
1634 305 1778 330 numero
1800 307 1824 330 1.
1847 305 1889 329 ac

332 362 433 386 xxm.
449 351 582 392 Martii,
605 349 666 384 sed
687 360 710 384 a
725 361 798 384 ιιι.
813 349 1012 386 inchoatum
1029 350 1137 386 fuisse
1162 354 1196 385 et
1218 351 1262 385 ab
1277 350 1406 397 Aprilis
1419 363 1465 386 ιν.
1483 351 1614 386 erudite
1630 351 1754 398 probat
1768 351 1888 386 Petrus

331 408 464 442 Pitatus
471 407 680 442 Veronensis
697 405 879 442 Oanonum
889 406 1110 442 Paschalium
1126 419 1201 454 cap.
1211 419 1271 450 vn,
1288 411 1324 442 et
1338 411 1417 442 ante
1433 407 1531 443 illum
1548 409 1665 443 docuit
1679 407 1808 444 Paulus
1823 407 1887 444 Fo-

331 475 546 511 rosempron.
561 465 692 510 primae
707 463 816 510 partis
839 464 928 500 libro
942 476 987 500 vr.
1037 464 1107 499 Nec
1125 465 1224 499 aliter
1239 464 1335 499 Beda
1351 475 1430 499 cum
1447 465 1523 500 aliis
1539 465 1574 500 in
1590 465 1693 508 locis,
1709 467 1784 500 tum
1799 465 1888 501 libro

332 522 374 556 de
390 522 508 568 Temp.
522 521 669 556 Ratione
685 532 760 567 cap.
774 532 854 564 mv„
870 521 930 556 ubi
947 522 1084 568 cyclum
1099 522 1260 557 lunarem
1277 533 1355 557 cum
1372 522 1675 558 decemnovennali
1690 533 1888 568 proponens

331 590 460 614 annum
478 579 570 613 illius
585 579 736 625 primum
753 588 833 617 cum
848 578 1172 614 decemnovennalis
1196 579 1284 625 cycli
1304 582 1425 625 quarto
1443 580 1642 626 coniungit,
1659 583 1694 614 et
1709 591 1730 614 a
1744 579 1888 615 Kalend.

331 636 501 671 Ianuariis
517 634 672 670 inchoari
687 635 780 670 dicit.
803 635 866 671 Est
881 639 998 671 autem
1009 636 1178 671 Ianuariis
1190 636 1356 671 Kalendis
1374 635 1503 672 affixus
1519 647 1643 672 aureus
1659 647 1824 672 numerus
1836 649 1889 673 ιιι.

331 694 442 740 Igitur
454 693 588 740 primus
605 696 657 727 est
673 704 756 735 xix„
773 704 795 728 a
811 703 878 739 quo
895 697 1038 740 quartus
1055 697 1108 728 est
1123 693 1256 729 tertius.
1292 692 1391 735 Quod
1413 694 1450 729 in
1469 694 1695 740 sequentibus
1711 695 1889 740 cyclorum

331 751 484 786 numeris
510 752 708 785 constanter
730 753 835 785 tenet.
880 750 1041 798 Exempli
1065 761 1189 786 caussa
1212 761 1324 786 annus
1348 750 1438 796 cycli
1459 751 1591 786 lunaris
1608 763 1679 787 xvr.
1697 751 1813 786 Bedae
1836 755 1890 786 est

332 807 656 843 decemnovennalis
673 819 757 850 xxx„
773 807 834 854 qui
849 818 870 842 a
885 820 955 843 xvr.
967 807 1044 843 Kal.
1057 807 1131 844 Ian.
1148 807 1286 854 incipit,
1303 806 1384 842 Dec.
1397 819 1500 850 xvu.;
1516 819 1538 843 a
1553 819 1622 854 quo
1637 808 1759 855 incipit
1776 819 1888 844 annus

331 865 387 900 cui
402 875 567 899 numerus
584 875 710 900 aureus
725 865 887 900 convenit
901 877 1000 900 xvm.
1038 865 1185 900 Proinde
1202 875 1328 900 aureus
1344 876 1514 900 numerus
1527 858 1627 901 xvrir.
1645 868 1698 900 est
1712 877 1784 900 xrx.
1801 865 1890 912 cycli

331 921 668 957 decemnovennalis.
690 921 869 957 Postremo
883 933 962 957 cum
975 922 1301 957 decemnovennalis
1318 922 1407 968 cycli
1423 922 1534 969 ptimo
1551 933 1644 957 anno
1660 922 1790 957 lunaris
1803 933 1888 958 xvu.

331 978 561 1025 componitur,
577 979 720 1025 eiusque
735 979 874 1014 initium
891 979 1054 1014 statuitur
1069 979 1178 1014 Nonis
1195 979 1396 1014 Decembris
1414 979 1563 1025 (corrige
1576 978 1889 1015 v111.1d.Dccemb.

330 1035 420 1071 Nam
432 1046 477 1071 ex
488 1035 694 1082 compendio
706 1039 866 1070 notarum
878 1036 1053 1082 profectus
1065 1041 1119 1071 est
1134 1047 1237 1079 error,
1255 1047 1334 1071 cum
1351 1036 1518 1083 scriptum
1534 1040 1626 1071 esset
1637 1047 1712 1071 vm.
1721 1036 1778 1071 ID.
1796 1036 1890 1082 quod

331 1093 449 1128 Nonas
465 1092 547 1128 Dec.
565 1092 727 1128 librarius
750 1104 828 1128 esse
849 1093 1019 1133 credidit).
1053 1094 1098 1128 At
1114 1094 1173 1140 qui
1190 1104 1302 1128 annus
1319 1094 1363 1129 ab
1381 1105 1455 1130 vm.
1471 1093 1521 1130 Id.
1540 1093 1662 1128 Decbr.
1679 1092 1890 1140 auspicatur,

331 1160 515 1186 numerum
531 1160 676 1184 aureum
691 1149 804 1196 exigit
819 1162 892 1186 ιιι.
941 1149 1034 1185 Satis
1050 1150 1158 1197 igitur
1174 1154 1311 1186 constat
1327 1151 1463 1197 cyclum
1480 1149 1830 1186 decemnovennalem
1845 1150 1890 1185 ab

332 1218 436 1243 aureo
458 1218 602 1242 numero
620 1219 693 1242 ιιι.
718 1207 855 1242 initium
879 1218 1014 1254 capere.
1063 1207 1170 1242 Cuius
1194 1207 1279 1243 haec
1303 1207 1418 1242 afferri
1441 1219 1548 1243 causa
1570 1210 1694 1254 potest.
1741 1207 1891 1242 Romani

330 1276 516 1300 aureorum
529 1275 754 1299 numerorum
773 1274 812 1298 ac
830 1265 920 1310 cycli
937 1265 1260 1300 decemnovennalis
1282 1264 1483 1300 methodum
1506 1265 1550 1300 ab
1567 1264 1812 1300 Alexandrinis
1835 1274 1890 1299 ac-

331 1325 506 1369 ceperunt.
553 1321 620 1363 Qui
636 1332 715 1356 cum
731 1321 758 1356 Τ
761 1320 845 1356 heth
861 1332 980 1364 suum,
997 1322 1152 1368 adeoque
1168 1322 1252 1357 anni
1266 1322 1472 1369 principium
1489 1323 1533 1357 ab
1550 1322 1701 1369 Augusti
1715 1334 1812 1358 xxrx.
1829 1322 1890 1357 du-

331 1383 465 1422 cerent,
490 1389 614 1414 aureos
630 1389 793 1413 numeros
809 1378 962 1414 indidem
977 1378 1197 1414 inchoabant.
1243 1379 1317 1414 Hos
1337 1379 1463 1414 imitati
1483 1383 1607 1426 postea
1629 1379 1761 1423 Latini,
1786 1379 1846 1426 qui
1869 1389 1891 1414 a

331 1436 486 1484 paschali
499 1446 636 1478 mense,
659 1434 725 1470 hoc
749 1439 801 1470 est
817 1436 943 1471 Martio
960 1436 1015 1471 vel
1031 1436 1142 1483 Aprili
1156 1446 1292 1471 sacrum
1310 1447 1440 1471 annum
1457 1436 1660 1479 ordirentur,
1682 1447 1804 1472 aureos
1826 1447 1890 1472 nu·

331 1505 462 1537 meros,
479 1504 565 1540 quos
583 1503 662 1528 cum
678 1492 922 1527 Alexandrinis
940 1493 983 1527 ad
999 1503 1109 1539 usque
1125 1497 1312 1528 exeuntem
1324 1494 1522 1540 Angustum
1538 1504 1741 1529 communes
1756 1492 1885 1529 habue-

329 1556 424 1594 rant,
448 1554 520 1586 toto
545 1560 636 1585 anno
660 1549 900 1597 pertexebant.
945 1549 1056 1596 Igitur
1079 1561 1170 1586 anno
1194 1550 1406 1596 Dionysiano
1425 1561 1613 1586 cccxxxiv.
1637 1551 1734 1597 cyclo
1751 1550 1886 1586 decem·

330 1608 517 1644 novennali
532 1619 604 1643 ιιι.
621 1607 847 1642 Alexandrini
863 1608 907 1642 ab
924 1607 1075 1654 Augusti
1090 1619 1187 1642 xxix.
1201 1607 1256 1642 die
1275 1608 1412 1654 cyclum
1433 1609 1586 1654 primum
1608 1618 1790 1643 numerare
1810 1616 1886 1644 coe-

329 1669 471 1713 perunt,
495 1665 645 1700 Romani
661 1675 742 1700 vero
765 1668 879 1699 totum
901 1675 1031 1700 annum
1055 1663 1229 1700 lulianum
1252 1675 1357 1700 aureo
1372 1676 1517 1700 numero
1533 1676 1605 1700 ιιι.
1625 1665 1885 1711 consignarunt.

329 1723 412 1759 Post
427 1733 518 1758 auno
536 1732 712 1758 cccxxxv.
728 1733 808 1757 cum
824 1721 1072 1757 Alexandrinis
1088 1731 1232 1758 aureum
1247 1733 1432 1757 numerum
1448 1735 1472 1757 1.
1489 1723 1606 1757 exorsi
1621 1725 1715 1758 sunt.
1747 1721 1802 1757 Ex
1818 1732 1886 1768 quo

329 1780 462 1816 factum
478 1784 639 1827 apparet,
661 1783 700 1814 ut
715 1779 804 1825 cycli
820 1790 892 1814 ιιι.
908 1779 1042 1825 primus
1059 1789 1172 1814 annus
1188 1779 1291 1814 fuerit
1307 1779 1401 1814 aurei
1418 1780 1552 1814 numeri
1567 1791 1641 1816 ιιι.
1689 1776 1777 1814 Nam
1795 1779 1887 1826 quod

330 1837 522 1873 doctissimi
533 1837 675 1884 quidam
687 1847 831 1872 aureum
844 1847 1028 1872 numerum
1039 1835 1062 1871 3
1076 1836 1213 1872 initium
1225 1836 1550 1872 decemnovennalis
1563 1836 1651 1882 cycli
1663 1835 1888 1879 constituunt,

331 1899 512 1942 propterea
527 1893 621 1941 quod
636 1893 711 1930 Kal.
723 1892 797 1929 Ian.
813 1890 967 1955 affixus
997 1898 1027 1937 t,
1043 1898 1164 1929 contra
1180 1893 1296 1929 Bedae
1311 1894 1526 1940 aliorumque
1538 1898 1694 1929 veterum
1709 1892 1744 1928 id
1760 1893 1887 1929 autori·

330 1955 438 1987 tatem
461 1955 642 1998 asserunt3
664 1961 778 1998 negue
799 1939 902 2001 illuit
910 1931 1206 1994 animadvertunt,
1231 1951 1319 1997 cycli
1334 1962 1407 1987 ιιι.
1431 1951 1570 1986 initium
1592 1961 1663 1986 11011
1678 1961 1701 1986 a
1715 1950 1886 1993 Ianuario,

331 2009 392 2044 sed
408 2009 452 2044 ab
470 2008 596 2055 Aprili,
617 2006 682 2043 hoc
706 2003 760 2044 est
779 2006 824 2043 ab
840 2018 882 2043 ea
888 1988 1013 2059 1111111
997 2012 1086 2055 quae
1101 2008 1137 2043 in
1154 2008 1306 2055 Aprilem
1322 2007 1464 2050 desinit,
1488 2018 1533 2042 ex
1555 2007 1693 2043 illorum
1715 2008 1888 2043 sententia

332 2066 464 2102 deduci.
487 2065 575 2101 ilinc
591 2075 723 2100 annum
738 2064 890 2112 primum
906 2075 952 2101 ex
955 2053 1127 2165 Ἥμὶί
1142 2065 1300 2100 instituto
1314 2068 1448 2099 veteres
1463 2063 1514 2098 1111
1531 2063 1649 2099 dicunt
1665 2074 1686 2099 a
1700 2063 1786 2110 prid.
1798 2063 1887 2101 Non.

332 2124 413 2171 Apr.
428 2122 601 2166 inchoari,
617 2121 930 2159 etinMartiixxn.
948 2119 991 2169 de
1049 2132 1104 2157 ere
1140 2121 1240 2168 eique
1255 2131 1400 2156 0001111.
1414 2121 1487 2156 dies
1500 2120 1671 2156 duntaxat
1682 2125 1887 2168 competere,

332 2180 449 2228 quod
439 2191 477 2216 1n
493 2190 572 2215 eum
589 2180 710 2223 lunae,
724 2178 777 2226 sie
790 2177 886 2217 0111111
898 2174 1042 2222 vocant,
1059 2178 1168 2214 saltus
1185 2178 1356 2220 incurrat,
1374 2187 1463 2224 quae
1475 2181 1528 2212 est
1541 2177 1642 2212 unius
1656 2177 1709 2212 die
1721 2178 1887 2225 superflui

332 2236 495 2285 ἐξαίρεσις.
524 2236 615 2272 Τ11111
631 2234 822 2272 secundum
837 2246 968 2272 anuum
983 2235 1069 2271 inire
1086 2235 1201 2271 Martii
1217 2247 1318 2271 xxm.
1334 2241 1369 2270 et
1384 2234 1517 2269 dierum
1533 2244 1610 2269 esse
1627 2244 1767 2279 cccciv,
1784 2239 1887 2283 atque

332 2296 380 2331 ita
394 2295 573 2342 deinceps,
589 2297 630 2329 ut
644 2292 757 2336 Beda,
772 2292 904 2329 Pitatus
921 2292 1006 2329 locis
1023 2292 1138 2328 citatis
1154 2292 1283 2339 aliique
1300 2291 1476 2327 definiunt.

424 2352 518 2388 Alter
532 2351 651 2398 cyclus
667 2350 798 2387 lunaris
813 2349 1006 2397 appellatur
1022 2350 1081 2397 qui
1097 2348 1140 2385 ad
1156 2349 1275 2385 lunam
1292 2353 1490 2396 epactarum
1506 2358 1544 2383 ac
1562 2349 1773 2395 regularium
1787 2350 1887 2386 bene·

332 2410 411 2446 ficio
428 2408 662 2455 indagandam
677 2407 959 2443 accommodatus
977 2411 1044 2451 est,
1068 2406 1159 2454 quod
1182 2406 1276 2442 aurei
1299 2407 1432 2442 numeri
1448 2409 1623 2453 praestare
1643 2418 1712 2442 non
1729 2411 1886 2454 possunt.

333 2467 400 2510 Qui
415 2478 493 2502 cum
510 2477 553 2501 ex
571 2464 884 2501 Alexandrinorum
901 2464 1107 2500 Kalendario
1124 2464 1283 2499 translati
1305 2464 1376 2499 sint
1398 2473 1438 2499 ac
1460 2473 1520 2510 per
1543 2467 1746 2499 contextum
1773 2463 1888 2500 Latini

333 2524 416 2560 anni
432 2523 563 2565 diffusi,
587 2522 685 2558 cuius
703 2522 796 2558 aliud
813 2522 967 2565 initium,
990 2522 1059 2557 alia
1079 2521 1250 2557 meusium
1267 2520 1446 2567 dispositio
1463 2523 1532 2559 est.
1557 2531 1645 2566 quae
1662 2532 1706 2555 ex
1723 2521 1791 2556 illis
1809 2532 1887 2567 epa-

333 2587 407 2617 ctae
419 2580 595 2616 commuui
607 2578 767 2615 methodo
781 2584 1005 2626 consurgunt,
1019 2578 1176 2614 eruendis
1191 2577 1375 2613 noviluniis
1389 2577 1466 2612 usui
1479 2587 1554 2612 esso
1569 2581 1754 2624 nequeunt.
1775 2575 1887 2620 Quare

335 2640 400 2674 tria
412 2638 452 2673 de
466 2648 570 2673 aureo
583 2647 726 2672 numero
740 2634 949 2672 detrahenda
965 2638 1063 2679 sunt,
1080 2639 1119 2670 nt
1133 2645 1193 2683 per
1209 2638 1346 2683 epactas
1363 2644 1402 2669 ac
1418 2632 1594 2680 regulares
1612 2634 1791 2670 novilunia
1808 2645 1887 2670 con-

334 2705 530 2741 sequamur.
563 2695 676 2741 Atque
700 2694 735 2729 in
759 2691 848 2729 hunc
875 2692 1017 2728 modum
1042 2692 1202 2728 diminuti
1226 2691 1359 2728 numeri
1383 2691 1517 2738 cyclum
1542 2690 1699 2726 lunarem
1723 2691 1886 2727 efficiunt.

336 2752 448 2787 Veluti
467 2750 540 2788 Kal.
556 2751 627 2787 lan.
644 2761 770 2786 aureus
788 2761 951 2786 numerus
969 2762 1019 2787 111.
1041 2749 1234 2796 adscriptus
1256 2752 1326 2792 est,
1349 2747 1390 2783 tle
1413 2758 1480 2795 quo
1503 2746 1681 2782 subductis
1704 2749 1814 2784 tribus
1835 2759 1887 2785 re-

334 2809 506 2855 spondent
521 2819 539 2843 e
557 2808 654 2855 cyclo
671 2808 783 2843 lunari
801 2819 883 2850 xix„
904 2818 992 2854 quae
1011 2807 1169 2842 undecim
1187 2805 1309 2842 additis
1327 2816 1397 2841 xxx
1414 2808 1550 2852 epactas
1568 2804 1767 2843 conficiunt.
1815 2806 1887 2841 Ilae

335 2876 405 2901 uno
422 2866 570 2910 regulari
586 2864 701 2900 addito
720 2876 802 2900 xxxi
819 2865 1012 2911 ‹toiiipient,
1037 2874 1126 2910 quae
1147 2862 1360 2899 novilunium
1385 2860 1547 2897 indicant.
1595 2862 1712 2909 ltaque
1735 2863 1832 2898 nulia
1852 2864 1887 2899 id

335 2922 472 2958 inscitia
487 2922 616 2957 lactum
634 2927 703 2963 est,
726 2922 853 2968 duplex
872 2926 910 2957 ut
925 2919 1014 2967 apud
1033 2920 1173 2956 Latinos
1189 2920 1304 2967 cyclus
1321 2922 1428 2961 esset,
1452 2918 1541 2964 quod
1565 2918 1706 2955 ridicule
1730 2919 1796 2955 sibi
1813 2930 1887 2967 per·

337 2978 457 3014 suadet
474 2979 628 3024 Scaliger
643 2991 672 3013 v.
690 2978 730 3013 de
748 2978 890 3014 Bmend.
906 2978 1040 3025 Teum„
1062 2977 1120 3013 ubi
1137 2977 1178 3012 de
1195 2974 1326 3024 epocha
1340 2975 1450 3012 lunari
1468 2974 1765 3023 constantinopol.
1783 2975 1887 3011 disse-

338 3036 391 3072 rit.
423 3035 494 3072 iioc
512 3035 604 3071 enim
622 3035 816 3071 necessario
833 3035 877 3070 ab
900 3034 967 3070 illis
991 3033 1239 3070 instituendum
1261 3033 1341 3077 fult,
1364 3036 1591 3079 posteaquam
1615 3033 1723 3069 semel
1740 3032 1887 3069 Alexan-
