2008 3294
161 2203 187 2228 p.
200 2196 258 2223 31¹1.

291 202 486 242 GCLXXX

289 309 349 344 illo
364 309 524 344 haeresin
538 309 627 344 falso
642 309 856 344 iactaverint.
894 308 968 345 Hos
981 320 1063 345 vero
1079 309 1311 345 certissimum
1327 313 1395 352 est,
1409 320 1523 356 neque
1538 309 1644 356 priori
1658 309 1710 345 illi
1725 313 1847 345 contra

290 366 477 402 Photinum
493 365 604 400 editae
623 366 889 413 subscripsisse,
909 370 960 410 et,
983 367 1015 402 si
1036 377 1081 401 ex
1097 367 1208 402 tribus
1225 365 1472 402 Sirmiensibus
1489 367 1642 413 aliquem
1658 367 1847 410 admiserit,

290 436 362 459 non
378 424 483 458 aliam
504 433 610 469 quam
633 423 840 467 secundam,
863 424 919 459 cui
941 426 978 459 et
992 423 1095 459 Osius
1120 434 1284 459 assensus
1307 426 1376 467 est,
1399 424 1657 470 comprobasse.
1688 423 1740 459 Ac
1761 421 1848 459 mihi

291 480 431 527 quidem
446 479 620 526 purgandi
635 480 679 515 ab
696 481 793 515 omni
807 479 958 516 haeresis
974 482 1171 527 suspicione
1185 480 1315 516 Liberii
1330 480 1494 528 expedita
1509 481 1680 528 quaedam
1701 481 1790 516 ratio
1813 483 1850 516 et

290 538 403 572 facilis
427 537 589 579 occurrit,
613 537 643 572 si
666 538 820 573 oblatam
843 537 983 584 quidem
997 538 1048 573 illi
1063 538 1251 573 secundam
1266 537 1492 573 sirmiensem
1507 535 1629 572 ἔκθεσιν
1644 537 1847 581 dixerimus,

290 606 362 629 non
376 594 552 640 integram
567 597 702 638 tamen,
725 599 792 630 aut
802 595 1003 630 cuiusmodi
1025 595 1118 642 apud
1134 595 1314 630 Socratem
1335 598 1371 630 et
1385 594 1620 630 Athanasiumx
1635 599 1740 642 atque
1754 595 1848 631 Hila-

290 652 382 686 rium
397 651 535 697 legitur,
559 651 620 686 sed
642 652 793 698 priorem
814 653 890 688 eius
907 657 1059 699 partem,
1082 653 1120 687 in
1136 663 1206 698 qua
1220 654 1279 686 τοῦ
1296 650 1474 699 ὃμοουσίου
1490 655 1526 687 et
1541 649 1730 699 ὁμοιουσίου
1745 661 1848 688 vocar

290 709 374 744 bula
384 708 560 743 reticenda
572 719 648 743 esse
661 708 863 752 decernitur,
880 709 973 756 quod
984 710 1082 756 pacis
1095 719 1136 744 ac
1148 709 1275 755 quietis
1287 709 1402 744 studio
1414 709 1618 756 complexus
1630 713 1694 746 est.
1718 709 1850 746 Verum

290 766 411 800 Ariani
425 765 537 800 eidem
548 765 718 801 formulae
732 766 866 813 reliqua
879 767 1103 813 postmodum
1122 767 1348 802 intexuerunt
1368 776 1410 801 ac
1425 766 1583 813 specioso
1594 766 1746 803 Romani
1759 777 1848 814 pon·

290 822 393 857 tificis
407 823 550 857 nomine
566 825 602 857 et
616 824 801 859 autoritate
813 835 914 859 suum
927 824 1056 870 dogma
1067 823 1298 858 venditarunt.
1322 823 1445 858 Dicam
1460 823 1623 874 amplius,
1637 834 1683 859 ne
1697 823 1758 859 isti
1773 824 1850 870 qui-

292 880 371 914 dem
386 879 594 926 professioni
608 881 856 928 subscripsisse
870 881 1062 924 Liberium,
1079 881 1141 915 sed
1157 881 1255 916 alteri
1270 880 1426 923 cuidam,
1449 880 1570 927 quaid
1584 890 1707 916 unum
1711 890 1850 916 cavere·

291 940 358 979 tur,
384 947 429 971 ne
456 937 536 983 quis
559 937 866 973 consubstantialis
889 939 1057 973 vocabulo
1077 938 1117 972 in
1140 941 1319 984 posterum
1341 941 1508 974 uteretur.
1557 937 1658 980 Quod
1691 948 1773 974 cum
1804 937 1849 973 de

292 991 462 1028 catholica
484 994 667 1029 severitate
688 994 846 1030 Liberius
875 996 1066 1030 remisisset
1094 998 1128 1030 et
1150 994 1332 1030 Athanasii
1357 995 1502 1042 insuper
1530 994 1746 1030 damnationi
1768 1005 1851 1030 con·

295 1051 478 1093 sensisset,
500 1051 596 1086 visus
621 1055 675 1086 est
688 1052 725 1087 in
740 1051 901 1087 haeresin
915 1053 1118 1099 prolapsus,
1142 1062 1252 1098 eaque
1267 1051 1492 1098 postmodum
1509 1052 1626 1098 opinio
1641 1051 1850 1088 Arianorum

291 1107 472 1142 fraudibus
488 1111 524 1142 et
537 1109 720 1143 calumniis
734 1109 944 1155 percrebuit,
968 1120 1047 1144 cum
1071 1109 1299 1144 Sirmiensem
1321 1109 1402 1144 fidei
1422 1109 1610 1144 formulam
1626 1108 1748 1144 eodem
1762 1113 1850 1144 tem-

291 1175 375 1210 pore
386 1165 603 1211 publicantes
619 1175 696 1200 eam
712 1166 827 1212 ipsam
843 1166 898 1201 cui
921 1176 1085 1201 assensus
1109 1170 1182 1201 erat
1196 1165 1353 1201 Liberius
1375 1165 1473 1201 illam
1496 1177 1574 1201 esse
1596 1165 1734 1201 mentiti
1755 1169 1849 1202 sunt.

293 1221 398 1257 Cuius
421 1222 472 1256 rei
494 1223 730 1258 coniecturam
753 1234 797 1258 ex
822 1223 1014 1258 Sozomeno
1038 1223 1120 1258 licet
1142 1233 1280 1270 capere,
1306 1223 1367 1269 qui
1388 1223 1448 1258 lib.
1467 1235 1512 1259 iv.
1535 1234 1612 1270 cap.
1629 1235 1702 1260 xxv.
1719 1223 1850 1266 scribit,

292 1289 372 1313 cum
388 1289 410 1313 a
424 1277 562 1314 Liberio
575 1279 704 1315 Valens
720 1284 755 1314 et
767 1279 930 1315 Ursacius
946 1281 1212 1315 consensionem
1225 1280 1467 1327 expressisset,
1482 1280 1639 1316 vicissim
1654 1280 1699 1316 ab
1715 1291 1757 1316 eo
1771 1290 1851 1327 pro·

291 1336 481 1371 sessionem
495 1337 672 1383 accepisse
694 1337 855 1379 alteram,
879 1345 950 1384 qua
971 1337 1022 1372 illi
1045 1337 1292 1372 damnarentur
1315 1347 1452 1380 omnes,
1477 1337 1538 1384 qui
1560 1348 1632 1373 non
1654 1337 1853 1373 substantia

292 1394 505 1439 caeterisque
521 1394 670 1428 similem
686 1395 795 1440 patris
812 1404 888 1429 esse
903 1394 1015 1429 filium
1031 1398 1234 1430 assererent.
1267 1394 1358 1430 Tum
1378 1394 1474 1429 addit
1487 1394 1687 1430 Eudoxium
1709 1404 1751 1430 ao
1772 1394 1852 1430 reli·

293 1462 380 1497 quos
397 1451 613 1493 Anomoeos,
635 1451 695 1497 qui
710 1451 911 1486 Antiochiae
933 1451 1170 1494 versabantur,
1194 1461 1274 1486 cum
1294 1450 1367 1487 Osii
1390 1452 1591 1498 epistolam,
1614 1450 1682 1487 hoc
1703 1455 1759 1487 est
1780 1451 1851 1487 Sir-

292 1508 461 1542 miensem
481 1507 668 1542 formulam
690 1508 923 1555 accepissent,
946 1508 981 1543 id
1004 1508 1041 1543 in
1055 1508 1186 1554 vulgus
1209 1509 1396 1555 sparsisse,
1420 1508 1598 1544 Liberium
1616 1508 1655 1542 τὸ
1673 1506 1851 1555 §neodem

292 1564 492 1611 repudiasse
508 1575 549 1599 ac
565 1563 769 1600 dissimilem
785 1566 894 1612 patris
911 1575 1130 1600 asseverasse
1144 1565 1269 1601 filium.
1307 1565 1476 1609 Quocirca
1488 1565 1711 1613 perspicuum
1725 1569 1782 1602 est
1794 1564 1852 1602 Li-

292 1622 428 1657 berium
451 1621 660 1669 professioni
680 1622 732 1657 illi
754 1622 952 1666 Sirmiensi,
976 1632 1082 1669 quam
1102 1622 1176 1658 Osii
1198 1626 1234 1658 ct
1254 1622 1403 1658 Potamii
1425 1622 1679 1670 blasphemiam
1699 1623 1854 1670 appellat

292 1679 462 1722 Hilarius,
477 1679 621 1714 minime
638 1678 900 1726 subscripsisse,
923 1680 960 1714 in
977 1689 1048 1726 qua
1061 1680 1270 1715 nominatim
1285 1679 1324 1714 τὶ)
1341 1677 1542 1727 ὁμοιούσιον,
1559 1679 1857 1727 ςιιοιιιιᾶιιιοόιιιιι

293 1740 328 1771 et
342 1735 380 1770 τὶ)
398 1734 574 1783 ὅμοούσιον
589 1737 755 1772 reiectum
771 1740 841 1780 est,
862 1737 934 1772 imo
952 1747 1034 1772 vero
1051 1739 1086 1772 et
1101 1736 1212 1777 οὐσίας
1228 1748 1356 1773 nomen
1372 1738 1505 1784 ipsum,
1521 1747 1563 1772 ac
1579 1740 1758 1784 praeterea
1770 1746 1850 1784 pro-

293 1794 514 1835 nunciatum,
536 1797 671 1840 patrem
693 1794 841 1838 honore,
864 1794 1049 1842 dignitate,
1073 1794 1230 1830 claritate
1247 1797 1282 1830 et
1296 1794 1479 1830 maiestate
1493 1794 1663 1830 maiorem
1678 1793 1853 1837 essefflic,

294 1851 354 1895 qui
369 1851 458 1896 patri
473 1862 553 1886 cum
570 1851 731 1886 omnibus
749 1852 792 1887 ab
809 1862 850 1886 eo
872 1852 940 1887 sibi
961 1852 1127 1888 subiectis
1150 1852 1198 1887 sit
1219 1852 1294 1899 ipse
1318 1852 1506 1887 subiectus.
1553 1851 1734 1895 Quomodo
1758 1851 1859 1889 enimv

295 1906 379 1942 haec
395 1908 617 1954 approbaris.
631 1907 769 1943 Liberio
784 1913 989 1956 potuerunt,
1014 1909 1073 1956 qui
1089 1909 1265 1956 conceptis
1280 1909 1395 1944 verbis
1411 1909 1500 1956 patri
1515 1919 1577 1956 per
1593 1909 1728 1952 omnia,
1750 1908 1853 1945 adeo-

295 1975 362 2011 que
379 1967 417 2011 τῇ
435 1963 530 2011 οὐσίᾳ
544 1965 694 2001 similem
710 1977 786 2001 esse
801 1966 912 2001 filium
929 1966 1097 2002 edixerit?
1124 1966 1194 2001 Sed
1209 1966 1375 2003 nimirum
1387 1966 1579 2013 simplicem
1595 1966 1641 2002 ab
1657 1976 1699 2002 eo
1714 1969 1854 2002 contr-o-

293 2021 384 2056 versi
406 2021 566 2057 vocabuli
590 2023 870 2069 suppressionem
895 2034 974 2058 cum
998 2023 1239 2066 extorsissent,
1264 2027 1401 2059 caetera
1423 2023 1467 2059 ad
1489 2024 1587 2059 illam
1609 2023 1852 2067 adiunxerant,

295 2089 404 2126 eaque
419 2088 475 2114 res
495 2078 540 2114 ob
551 2079 706 2114 damnati
723 2080 927 2126 praesertim
940 2079 1121 2116 Athanasii
1135 2079 1301 2116 invidiam
1323 2079 1428 2116 fidem
1444 2079 1537 2128 apud
1549 2080 1696 2117 Arianos
1709 2080 1853 2160 perinde

295 2147 336 2171 ao
352 2134 542 2171 catholicos
559 2137 719 2172 obtinuit.

383 2193 447 2229 Hic
462 2191 548 2228 mihi
561 2203 644 2240 prae
660 2194 802 2229 caeteris
815 2193 935 2229 Hilarii
951 2193 1172 2230 autoritatem
1188 2193 1293 2229 obiici
1309 2203 1412 2241 posse
1423 2193 1536 2237 video,
1552 2193 1663 2241 quiin
1674 2194 1852 2242 fragmen-

295 2250 339 2285 tis
356 2260 378 2285 a
393 2249 536 2285 Nicolao
553 2250 664 2286 Fabro
681 2250 782 2286 editis
798 2251 964 2298 epistolae
980 2249 1123 2294 Liberii,
1146 2261 1249 2297 quam
1269 2250 1313 2286 ad
1330 2251 1523 2286 Orientales
1539 2251 1696 2298 scripsit,
1712 2257 1852 2299 quaque

295 2317 333 2342 se
350 2317 371 2341 a
386 2306 592 2354 Demophilo
609 2307 713 2343 fidem
729 2306 953 2351 catholicam,
969 2318 1059 2355 quae
1075 2308 1165 2356 apud
1182 2307 1349 2344 Sirmium
1364 2307 1501 2355 prodita
1516 2311 1580 2352 est,
1596 2308 1757 2345 didicisse
1772 2319 1852 2346 nar-

295 2368 366 2407 rat,
389 2364 460 2400 ista
473 2365 628 2400 subiicit:
675 2364 863 2411 Perfidiam
880 2371 990 2400 motem
1007 2367 1103 2412 apud
1115 2364 1274 2400 Sirmium
1291 2367 1517 2412 descn'ptam,
1533 2377 1633 2412 quam
1650 2367 1735 2402 dicit
1751 2366 1852 2403 Libe·

294 2424 367 2456 rius
390 2421 596 2457 catholicam
619 2435 642 2457 a
668 2422 868 2469 Demophito
890 2422 957 2457 sibi
978 2424 1179 2469 expositam,
1203 2422 1241 2457 Ιιι·
1262 2428 1340 2457 sunt
1358 2425 1417 2469 qm'
1432 2425 1721 2469 comcs-ipserum:
1751 2424 1850 2460 Nar-

296 2481 419 2521 cincun,
447 2478 653 2522 Theodorus,
680 2479 848 2522 Bassum,
873 2479 1063 2522 Eudoxias,
1089 2477 1323 2526 Demophilus,
1347 2479 1546 2526 Cecropius,
1569 2478 1756 2525 Sylvanm,
1787 2480 1851 2516 Ur-

295 2538 426 2578 mciuae,
452 2535 593 2578 Valens,
616 2536 839 2571 Macedoniae
855 2542 916 2572 sec.
963 2535 1033 2572 Sed
1057 2536 1221 2583 quicquid
1245 2536 1287 2572 de
1309 2536 1514 2583 fragmentis
1536 2536 1606 2572 illis
1629 2536 1850 2574 sentiendum

296 2593 357 2635 nit,
373 2591 456 2628 baec
474 2592 626 2639 profecto
643 2593 851 2640 subscriptio
869 2594 912 2629 ab
929 2593 1051 2629 Hilarii
1067 2604 1172 2629 manu
1189 2604 1266 2629 csse
1283 2605 1351 2629 non
1368 2592 1511 2636 videtur,
1533 2592 1594 2629 sed
1618 2593 1768 2641 imperiti
1791 2604 1850 2630 ou-

297 2649 448 2692 iusdem,
464 2649 524 2696 qui
540 2650 688 2686 Arianae
704 2654 819 2686 sectae
835 2650 983 2687 divortia
999 2660 1069 2686 non
1085 2650 1171 2687 satis
1188 2653 1422 2698 perspexerat.
1460 2648 1598 2686 Etenim
1614 2649 1767 2686 Basilius
1784 2651 1850 2687 iste

298 2717 336 2739 sc
353 2706 533 2750 Silvanus,
557 2718 620 2742 neo
643 2718 713 2744 non
738 2711 774 2743 et
796 2707 1020 2743 Macedonius
1043 2707 1086 2744 ab
1107 2706 1299 2755 Epiphanio
1324 2706 1536 2754 caeterisque
1553 2706 1851 2745 semiarianorum

298 2762 468 2809 principes
489 2768 683 2807 censentur,
706 2775 853 2811 quornm
878 2764 1043 2800 adversus
1059 2764 1285 2800 sirmiensem
1306 2762 1665 2811 illam‘professionem
1682 2765 1851 2802 acerrima

298 2818 412 2854 studia
427 2831 466 2854 ac
483 2821 721 2857 contentiones
737 2822 936 2857 extiterunt.
959 2820 1079 2869 Neque
1092 2832 1172 2857 vero
1185 2826 1277 2865 tum,
1294 2831 1373 2857 οιιιιι
1389 2831 1431 2857 ea
1446 2825 1499 2856 est
1513 2820 1621 2863 edita,
1638 2821 1755 2858 Sirmii
1772 2833 1849 2859 esse

299 2875 448 2910 Basilius
465 2878 591 2923 potuit,
613 2879 682 2914 imo
699 2889 762 2914 nec
778 2878 957 2914 Eudoxias
973 2879 1065 2926 ipse,
1082 2879 1141 2925 qui
1157 2878 1245 2914 hanc
1260 2878 1305 2914 ab
1322 2877 1462 2917 Ursacic
1485 2881 1519 2913 et
1534 2878 1680 2914 Valente
1703 2880 1850 2916 missam

299 2930 516 2974 Antiochiae,
539 2934 597 2968 ubi
622 2939 694 2970 tum
719 2946 796 2970 curn
815 2935 888 2971 suis
906 2936 1117 2979 versabatur,
1141 2935 1275 2982 aceepit
1289 2939 1324 2971 et
1337 2945 1358 2971 a
1373 2934 1456 2970 solis
1473 2933 1751 2972 Occidentaiibua
1766 2946 1848 2972 con·

299 2989 462 3037 scriptam
478 3000 554 3025 oase
571 2990 658 3025 datis
675 2991 715 3026 ed
733 2992 810 3027 iilos
827 2993 934 3028 literis
950 2997 1094 3027 testatus
1111 2997 1175 3029 est.
1219 2991 1315 3035 Quae
1329 2991 1447 3028 omnia
1461 3002 1565 3038 supra
1581 2993 1720 3039 copiose
1736 2993 1848 3029 decla·

300 3051 374 3082 rata
388 3051 481 3083 sunt.
520 3046 570 3082 De
587 3047 686 3082 tertia
700 3048 780 3084 ssdei
795 3049 1013 3096 expositione
1030 3048 1113 3097 quid
1126 3048 1348 3086 statuendam
1362 3048 1410 3085 sit
1423 3047 1576 3085 dicemus
1593 3050 1639 3086 ad
1653 3060 1748 3087 num·
1759 3059 1848 3089 nn.
