2008 3294
308 200 458 236 cccxl,

309 325 469 363 Justinus
493 329 593 361 caute
609 326 796 372 legendus,
821 338 900 362 cum
926 327 968 362 de
990 328 1050 363 tri-

353 384 461 418 nitate
484 383 576 418 idem
592 394 697 429 prope
713 394 794 418 cum
809 384 948 419 Arianis
972 396 1052 420 sen-

352 441 418 474 tiat
973 441 1050 477 285.

307 497 467 532 Justinus
491 497 629 543 quando
654 498 780 533 vixerit
805 503 842 532 et
864 499 1053 544 Apologias

353 554 529 600 scripserit
550 556 659 600 longa
683 560 718 590 et
741 556 902 590 accurata
924 555 1053 602 disqui-

354 611 435 646 sitio
926 612 982 648 82.
998 612 1052 648 83.

308 783 424 829 Καββᾶ·
447 784 529 830 quid
546 784 713 820 Hebraico
737 789 772 820 et
787 784 931 830 Syriaco
946 786 1054 831 signi-

352 842 436 878 ficet
991 842 1049 878 45.

310 900 511 940 Καθοσίωσις
527 900 610 946 quid
631 900 678 935 sit
693 901 905 946 amplissima
922 900 1048 947 disqui-

355 958 436 992 sitio
995 957 1051 993 78.

307 1014 446 1061 Kepleri
481 1014 664 1062 descriptio
696 1017 783 1061 cycli
829 1027 898 1062 quo
929 1015 1053 1050 «Iudaei

355 1073 544 1107 utebantur
570 1072 644 1108 160.
675 1077 711 1109 et
734 1084 803 1119 quo
833 1073 870 1107 in
899 1073 975 1119 ejus
1000 1073 1055 1107 de-

353 1130 540 1176 scriptione
562 1130 679 1164 minus
701 1130 860 1176 placeant
982 1130 1056 1164 161.

309 1186 490 1233 Kippurim
506 1187 635 1222 festum
653 1187 893 1233 expiationum
918 1186 1058 1233 quando

353 1244 593 1280 celebrabatur
616 1244 791 1279 adudaeis
1003 1244 1057 1279 26.

315 1299 429 1336 Κοδδὰ
452 1301 535 1348 quid
558 1302 605 1336 sit
628 1302 751 1347 lingua
774 1302 945 1337 Hebraico.
1005 1301 1060 1336 45.

653 1408 696 1448 L.

308 1462 423 1507 Labar
448 1475 482 1507 et
505 1471 679 1508 Labarum
1026 1474 1061 1518 5,

308 1530 478 1565 Laodicea
487 1530 688 1566 Antiochiae
701 1541 763 1566 cur
775 1531 967 1577 appelletur
983 1530 1060 1566 306.

309 1587 424 1623 Laura
449 1599 510 1634 pro
534 1587 633 1622 labra
648 1588 837 1633 legendum
859 1589 896 1624 in
912 1588 1059 1636 Epipha-

353 1645 412 1680 nio
438 1649 474 1680 et
497 1645 580 1691 quid
603 1647 650 1680 sit
672 1645 787 1681 Laura
888 1645 966 1682 282.
982 1646 1059 1682 283.

309 1702 533 1738 Laterculum
563 1703 839 1745 noviluniorum‚
876 1714 916 1738 ac
952 1704 1059 1750 pleni·

354 1760 531 1795 laniorum
557 1764 623 1795 etc.
985 1761 1057 1796 149.

310 1816 531 1852 Laterculum
551 1817 834 1853 descendentium
851 1829 872 1853 a
886 1818 968 1853 Levi
981 1817 1057 1854 218.

309 1874 530 1910 Laterculum
566 1876 741 1910 mensium
782 1875 972 1910 Atticorum
1010 1886 1055 1910 ex

355 1931 450 1966 Gaza
477 1936 513 1966 et
525 1932 703 1977 Scaligero
984 1932 1054 1969 135.

308 1989 531 2024 Laterculum
563 1989 737 2024 mensium
761 1989 1055 2025 Antiochenorum

353 2046 426 2081 sive
450 2044 685 2092 Συροελλήνων
979 2046 1054 2083 132.

309 2103 515 2150 Legisperiti
538 2103 597 2149 qui
613 2102 704 2149 spud
720 2102 873 2139 Judaeos
902 2103 1053 2139 diceren-

353 2166 410 2196 tur
997 2161 1050 2195 29.

309 2219 432 2265 Leptes
462 2218 624 2264 geminae
654 2218 690 2253 in
725 2217 840 2253 Africa
869 2223 903 2254 et
932 2229 1051 2254 earum

353 2276 529 2311 distinctio
973 2275 1051 2311 271.

308 2334 449 2369 Levitae
473 2332 684 2368 decimarum
708 2332 859 2368 decimas
882 2333 1053 2379 persolve-

356 2392 439 2426 bant
996 2389 1051 2425 33.

310 2448 436 2483 Liberii
460 2448 621 2494 purgatio
646 2458 716 2494 qua
739 2447 931 2483 ostenditur
955 2446 1052 2484 illum

355 2516 423 2540 non
436 2504 684 2551 subscripsisse
698 2503 878 2540 Athanasii
890 2505 1051 2541 condem-

354 2562 486 2598 nationi
510 2573 622 2609 neque
653 2573 731 2598 cum
756 2561 934 2598 Photianis
958 2573 1052 2598 com—

353 2620 551 2654 municasse
972 2619 1050 2655 316.

310 2675 490 2711 Librorum
522 2687 698 2713 sacrorum
730 2677 868 2725 partitio
899 2687 942 2712 ex
975 2676 1051 2724 Epi-

354 2732 480 2779 phanio
994 2734 1050 2771 54.

310 2789 489 2826 Librorum
509 2802 673 2826 numerus
691 2791 780 2838 apud
797 2791 949 2827 Judaeos
966 2803 1049 2838 quo·

355 2847 457 2883 modo
480 2853 697 2894 computetur
1000 2849 1049 2883 18.

309 2905 520 2950 Lingusmm
556 2906 731 2941 distinctio
763 2906 796 2941 in
828 2907 1050 2953 septuaginta

354 2962 441 2997 duas
465 2967 498 2997 et
523 2962 611 2997 uncle
967 2965 999 3000 6.
1017 2964 1048 3001 7.

311 3018 386 3054 Lini
411 3024 446 3053 et
462 3019 547 3054 Cleti
565 3018 654 3054 Petri
677 3030 917 3057 successorum
943 3020 1047 3056 histo-

1165 318 1419 353 successionem
1430 319 1599 366 dirempta
1608 320 1675 362 47„
1692 331 1734 356 ac
1740 321 1866 357 exinde

1166 376 1395 411 dinumeratio
1413 377 1614 422 pontificum
1629 377 1866 414 Romanorum

1166 443 1188 466 a
1210 433 1312 468 Petro
1809 435 1865 470 48.

1121 490 1232 537 Lucas
1257 500 1301 524 an
1328 491 1548 536 evangelium
1572 491 1748 527 in·Gallia
1770 503 1863 539 prae-

1168 547 1334 582 dicaverit
1813 550 1868 587 90.

1123 605 1236 640 Lucae
1261 605 1482 650 evangelium
1515 611 1599 652 quot
1622 617 1794 642 annorum
1817 606 1868 643 hi-

1169 664 1313 698 storiam
1338 662 1514 708 scripserit
1812 665 1868 700 88,

1124 721 1166 755 de
1191 721 1306 756 Lucae
1330 721 1409 755 loco
1434 731 1526 755 nova
1555 721 1729 771 quaedam
1753 724 1869 770 conje-

1168 783 1267 813 ctura
1292 775 1493 825 proponitur
1568 810 1574 818 „
1811 781 1869 818 ΙΙΙ.

1123 837 1236 872 Lucae
1254 838 1350 872 locus
1369 837 1575 883 expenditur
1591 837 1632 872 de
1649 842 1761 874 aetate
1773 839 1870 875 Chri-

1167 891 1223 929 sti‘
1790 896 1863 932 108.

1123 953 1299 987 Lucernae
1333 952 1492 988 ardentes
1525 954 1561 988 in
1592 954 1721 1001 templo
1752 954 1807 989 die
1837 959 1873 989 et

1169 1015 1288 1051 nocte,
1314 1010 1356 1045 de
1381 1022 1422 1045 eo
1448 1011 1643 1057 disquisitio
1699 1011 1775 1047 272.
1793 1011 1871 1047 273.

1125 1068 1302 1103 Lunarum
1338 1079 1379 1103 ac
1408 1068 1575 1103 feriarum
1609 1074 1681 1104 tam
1711 1080 1871 1105 verarum

1173 1136 1276 1171 quam
1315 1126 1517 1161 vitiosarum
1556 1137 1648 1162 anno
1680 1127 1872 1162 dominicae

1171 1184 1346 1229 passionis
1799 1184 1873 1220 173.

1469 1291 1525 1332 Μ.

1129 1355 1330 1391 Maccabaei
1361 1367 1405 1391 an
1442 1356 1573 1391 fuerint
1608 1356 1675 1392 orti
1704 1367 1748 1392 ex
1779 1357 1874 1392 tribu

1174 1413 1266 1448 Juda
1817 1413 1874 1450 50.

1129 1471 1316 1516 Magorum
1340 1471 1508 1506 adventus
1533 1475 1639 1518 quoto
1669 1472 1874 1508 anno'exti-

1174 1530 1255 1564 terit
1277 1534 1357 1575 post
1379 1528 1554 1564 Christum
1578 1533 1699 1564 natum
1817 1529 1873 1565 89.

1131 1587 1288 1622 Mambre
1319 1597 1467 1633 quercus
1492 1597 1596 1633 quam
1621 1587 1766 1623 celebris
1790 1587 1873 1623 olim

1173 1644 1279 1679 fuerit
1817 1643 1874 1682 37.

1129 1700 1414 1736 Manichaeorum
1439 1701 1537 1747 origo
1568 1706 1604 1736 et
1627 1712 1696 1748 quo
1719 1705 1875 1749 tempore

1175 1758 1471 1794 haeresisillorum
1487 1759 1667 1794 emerserit
1681 1758 1758 1795 267.
1775 1763 1873 1795 auto-

1173 1827 1228 1851 res
1260 1816 1319 1862 qui
1348 1816 1383 1851 in
1416 1827 1536 1851 eorum
1565 1820 1697 1851 sectam
1729 1816 1873 1863 scripse-

1174 1878 1256 1908 runt
1278 1877 1434 1908 recenset
1458 1872 1696 1909 'theodoretus
1795 1873 1872 1910 268.

1125 1930 1256 1966 Manna
1280 1941 1383 1976 quem
1409 1935 1551 1976 gustum
1576 1930 1738 1966 habuerit
1816 1930 1872 1968 59.

1125 1988 1280 2023 Marcelli
1312 1987 1477 2023 haeretici
1508 1988 1646 2024 libellus
1676 1987 1718 2033 de
1741 1988 1873 2035 profes-

1170 2046 1268 2080 sione
1297 2056 1382 2080 suae
1412 2045 1494 2080 fidei
1517 2050 1553 2080 et
1575 2045 1617 2081 de
1640 2056 1682 2080 ea
1705 2045 1871 2082 iudicium

1171 2103 1312 2138 Baronii
1794 2102 1872 2140 304.

1125 2160 1279 2195 Marcion
1313 2159 1410 2206 cujas
1441 2159 1544 2195 fuerit
1566 2164 1602 2196 et
1624 2170 1668 2196 an
1693 2161 1792 2207 lycus
1815 2162 1871 2197 vel

1170 2218 1271 2263 lupus
1295 2222 1439 2252 vocatus
1815 2218 1870 2255 77.

1124 2274 1256 2310 Mariae
1280 2275 1427 2320 virginis
1450 2275 1611 2311 invocato
1628 2276 1769 2312 nomine
1793 2276 1872 2313 dae·

1170 2342 1291 2367 mones
1317 2332 1431 2377 fugati
1816 2334 1870 2372 57.

1126 2389 1256 2424 Mariae
1282 2390 1426 2435 virginis
1450 2393 1570 2437 partus
1595 2400 1700 2437 quam
1725 2395 1803 2438 apte
1827 2391 1871 2427 ad

1169 2447 1358 2493 spiritalem
1384 2447 1560 2483 Ecclesiae
1583 2451 1720 2495 partum
1745 2449 1870 2484 refera-

1169 2509 1225 2539 tur
1813 2505 1867 2541 59.

1122 2561 1422 2598 Marcosianarum
1447 2572 1572 2598 vocum
1593 2572 1683 2609 quae
1700 2562 1868 2598 barbarae

1167 2618 1326 2654 videntur
1349 2619 1586 2665 interpretatio
1738 2619 1792 2655 74.
1809 2619 1863 2656 75.

1121 2676 1260 2711 Marcus
1291 2687 1309 2711 e
1341 2676 1564 2723 septuaginta
1596 2675 1743 2712 duorum
1767 2676 1867 2712 disci-

1165 2734 1323 2779 pulorum
1349 2744 1493 2769 numero
1517 2732 1583 2768 fnit
1811 2733 1867 2771 88.

1120 2790 1228 2826 Marci
1253 2791 1473 2838 evangelium
1499 2790 1557 2825 ubi
1582 2791 1746 2838 scriptum
1763 2795 1798 2827 et
1821 2802 1866 2827 an

1142 2848 1237 2884 iussu
1264 2848 1354 2884 Petri
1806 2848 1861 2885 88.

1120 2906 1425 2952 Mariandynorum
1450 2906 1546 2951 regio
1571 2906 1631 2941 ubi
1655 2906 1700 2942 sit
1813 2906 1867 2943 70.

1117 2963 1324 2999 Massalisni
1361 2962 1486 3010 quibus
1516 2967 1722 2999 vocarentur
1750 2963 1862 2999 nomi-

1162 3020 1264 3055 nibus
1288 3019 1366 3056 38⁴.
1383 3019 1509 3067 duplex
1535 3031 1655 3056 eorum
1679 3031 1790 3067 genus
1816 3021 1860 3056 ib.

356 3076 422 3117 ris,
463 3082 495 3111 et
529 3077 761 3111 controversia
799 3077 889 3111 circa
926 3088 1044 3113 corum
1116 3077 1347 3113 Methusalem
1381 3081 1466 3124 quot
1488 3089 1598 3114 annos
1622 3079 1747 3115 vixerit
1805 3078 1858 3117 45.
