2008 3294
1557 175 1730 212 ccxclx

460 283 574 318 Omnis
589 286 674 318 enim
685 294 752 330 per
765 294 802 317 se
817 283 926 317 dmin
944 287 1070 316 natura
1086 293 1218 316 necesse
1232 289 1283 317 eu

457 341 648 375 Immortali
663 353 745 375 aevo
760 352 887 375 summa
904 351 976 374 cum
986 350 1079 385 pace
1085 341 1232 384 fruatur

454 397 588 432 semota
604 399 648 432 ab
665 400 788 432 nostrie
801 397 916 439 rebus,
931 398 1145 442 seiunctaque
1158 398 1265 442 lonye.

459 454 553 488 Nam
562 457 710 500 privata
726 455 840 490 dolere
854 456 958 495 omni,
973 456 1115 500 privata
1126 455 1271 500 periclis

458 512 545 557 Ipsa
560 515 630 546 suis
641 513 773 558 pollens
788 511 921 558 opibus,
938 510 1026 545 m‘lu‘l
1039 512 1161 556 indiqu
1178 513 1294 553 noeto-23

458 568 533 602 Nec
549 569 630 604 bene
639 570 837 615 promeritis
851 570 1000 614 sapim,
1017 579 1078 602 nec
1094 571 1249 613 tanqitur
1262 571 1331 603 ira.

277 624 529 673 Ἑβδομήκοντα
545 626 604 660 δύο
621 624 678 672 μὲν
693 623 801 670 ἀηδεῖς
817 623 1034 671 φιλοσοφίαι]
1079 625 1209 660 Mirum
1223 628 1277 660 tot
1291 625 1380 672 apud
1395 625 1494 660 Indos
1509 623 1730 672 philosopho-

187 693 265 718 rum
281 685 394 717 sectas
411 683 582 725 extitiss03
599 682 692 731 quod
706 682 825 718 nescio
841 692 885 718 an
897 682 987 717 alius
1002 682 1199 728 prodiderit.
1228 682 1351 718 Strabo
1366 682 1426 719 lib.
1438 694 1493 718 xv.
1509 682 1552 717 de
1567 682 1732 717 Indorum

187 739 293 775 sectis
315 739 389 786 agit
411 745 588 783 accurate,
612 750 700 787 quas
724 739 768 774 ad
795 739 863 774 duo
890 739 1006 786 capita
1031 743 1187 782 revocat,
1214 739 1443 775 Brachmanae
1470 743 1502 774 et
1526 739 1729 775 Germanas.

188 795 376 832 Sciendum
399 799 452 832 est
473 800 591 832 autem
610 795 842 844 Epiphanium
863 794 995 843 αἱρέσεις
1018 796 1092 831 sive
1113 800 1225 832 sectas
1241 796 1413 843 appellare
1424 796 1581 832 instituta
1594 796 1731 832 vivendi

186 863 229 888 ae
243 852 398 888 diversos
414 854 572 900 gentium
586 854 691 897 ritus,
706 853 900 889 cuiusmodi
914 853 1185 890 innumerabiles
1201 853 1324 888 confici
1335 857 1529 900 potuerunt.

278 909 320 946 N.
339 923 372 946 x.
405 908 450 944 ’Ἢ
469 908 588 945 ὁπόσοι
602 908 634 945 ἐν
650 913 718 951 τοῖς
734 910 892 955 Δαύνιοι]
938 909 1034 953 Quos
1056 909 1111 945 hic
1131 910 1306 946 Daunidas
1326 911 1494 956 intelligat
1508 910 1730 946 divinandum

189 970 253 1002 est.
295 967 373 1002 Non
389 967 483 1002 enim
499 967 544 1003 ad
559 967 716 1010 Daunus,
734 968 866 1014 opinor,
882 967 1002 1003 Italiae
1017 968 1184 1015 populum
1200 977 1262 1014 par
1278 971 1329 1002 est
1343 967 1470 1002 referri.
1511 967 1583 1002 Iam
1598 966 1730 1010 Zincbi,

189 1024 263 1059 sive
283 1023 417 1067 Zicchi,
441 1024 484 1060 ad
506 1023 656 1060 Pontum
677 1024 854 1060 Euxinum
875 1025 913 1060 in
934 1024 1108 1060 Sarmatia
1127 1025 1279 1060 Asiatica
1301 1025 1510 1060 collocantur
1532 1025 1576 1059 ab
1592 1025 1730 1060 Ariano.

191 1079 269 1115 Geli
282 1083 399 1117 utrum
417 1081 540 1117 Geloni
555 1082 626 1117 sint
639 1093 711 1116 non
726 1081 846 1128 liquet.
880 1082 969 1117 Gelli
991 1081 1131 1128 quidem
1153 1082 1189 1117 in
1205 1082 1399 1117 Mamertini
1413 1082 1581 1128 Panegyr.
1597 1082 1641 1116 ad
1657 1083 1730 1117 Ma·

189 1137 384 1173 ximianum
399 1139 519 1186 populi
534 1138 674 1185 quidam
690 1142 881 1181 censentur,
897 1142 937 1174 ut
950 1139 1114 1174 observat
1129 1139 1289 1174 Ortelius.

278 1193 372 1229 Ὅσα
386 1206 420 1229 τε
437 1192 541 1240 ἄλλα,
557 1194 599 1230 τά
614 1206 648 1230 τε
662 1193 695 1230 ἐν
711 1193 899 1240 Ἐλευσῖνι]
936 1195 1051 1231 Pauca
1067 1206 1111 1231 ex
1127 1196 1272 1231 infinitis
1288 1196 1537 1232 Eleusiniorum
1552 1197 1675 1232 ritibus
1691 1208 1731 1232 ae

188 1252 393 1287 ceremoniis
409 1252 580 1299 expressit
594 1263 614 1287 e
630 1252 806 1288 Clemente
820 1253 857 1288 in
871 1251 1038 1300 Protrept.
1057 1263 1161 1299 quem
1181 1257 1220 1288 tu
1241 1253 1398 1295 consule,
1419 1257 1458 1288 ut
1479 1257 1514 1289 et
1527 1254 1731 1298 Amobium,

188 1309 345 1355 aliosque
367 1313 439 1344 tam
453 1313 586 1345 veteres
610 1321 714 1356 quam
736 1310 946 1346 recentiores
967 1311 1030 1357 qui
1056 1310 1098 1346 de
1119 1310 1252 1346 Cereris
1274 1311 1444 1357 mysteriis
1465 1311 1731 1355 diligentissime

189 1367 412 1413 scripserunt.
458 1367 503 1402 Et
523 1378 588 1403 nos
609 1368 646 1403 in
661 1367 906 1403 Themistianis
922 1367 1020 1403 Notis
1036 1367 1127 1403 haud
1143 1378 1254 1414 pauca
1268 1368 1485 1404 contulimus.
1533 1367 1630 1411 Quae
1645 1369 1731 1404 adeo

188 1423 363 1458 nonnullis
379 1424 630 1470 persuasimus,
652 1427 692 1459 ut
712 1424 786 1459 sine
810 1425 882 1460 ulla
896 1425 1103 1471 cuiusquam
1118 1425 1293 1460 mentione
1309 1429 1473 1472 tanquam
1487 1426 1631 1472 vulgata
1647 1431 1681 1461 et
1695 1426 1731 1461 in

187 1480 347 1516 confesso
371 1481 464 1528 apud
488 1491 607 1516 omnes
629 1482 761 1528 posita,
787 1492 876 1528 quae
899 1481 974 1517 sine
997 1482 1101 1517 dubio
1125 1493 1169 1517 ex
1193 1483 1319 1517 nostris
1342 1483 1410 1518 illis
1431 1482 1634 1524 hauserant,
1658 1483 1731 1518 suis

188 1538 638 1584 commentariisilligarint.
669 1537 767 1580 Quod
782 1543 918 1574 tantum
933 1539 1033 1574 abest
1047 1543 1086 1574 ut
1100 1539 1242 1574 moleste
1258 1539 1430 1583 feramus,
1445 1545 1483 1575 ut
1497 1540 1647 1586 gratiam
1661 1540 1731 1575 iliis

163 1629 165 1631 ,
187 1594 294 1630 etiam
310 1595 400 1630 ultro
412 1595 614 1638 debeamus,
630 1595 722 1642 quod
738 1606 828 1642 quae
843 1596 991 1643 primum
1009 1607 1031 1631 a
1046 1597 1146 1632 nobis
1161 1601 1338 1643 comperta
1352 1597 1468 1632 timide
1484 1608 1524 1632 ac
1535 1597 1733 1632 diffidenter

187 1651 366 1698 proposita
379 1652 451 1687 illic
465 1655 580 1696 erant,
600 1663 643 1688 ea
657 1663 719 1699 pro
735 1653 909 1688 veteribus
925 1664 966 1688 ac
981 1655 1127 1700 receptis
1143 1652 1340 1697 habuerint,
1357 1655 1655 1700 observationique
1670 1666 1732 1690 no·

188 1713 280 1744 strae
296 1709 431 1755 pondus
455 1712 490 1744 et
509 1710 729 1745 autoritatem
753 1710 948 1746 adiecerint.
994 1711 1086 1746 Inter
1101 1721 1140 1745 ea
1155 1723 1256 1758 porro
1274 1723 1344 1746 non
1361 1712 1541 1747 minimum
1556 1712 1640 1746 illud
1655 1711 1732 1754 fuit,

187 1765 280 1812 quod
297 1766 460 1801 adversus
475 1766 692 1813 Scaligerum
707 1767 920 1803 validissime
941 1768 1180 1815 probavimus,
1202 1769 1369 1815 mysteria
1385 1768 1515 1804 Cereris
1538 1780 1609 1804 non
1633 1769 1732 1815 quin-

189 1823 391 1869 quennalia,
412 1823 472 1858 sed
489 1835 605 1859 annua
619 1824 740 1860 fuisse.
772 1824 880 1860 Cuius
895 1826 945 1860 rei
959 1825 1064 1861 fidem
1081 1835 1101 1860 a
1116 1825 1255 1872 nuperis
1270 1826 1338 1861 illis
1354 1826 1576 1873 scriptoribus
1592 1837 1731 1872 expres-

187 1890 264 1914 sam
279 1891 355 1915 esse
372 1891 441 1915 non
456 1880 673 1916 mediocriter
689 1881 892 1927 gaudemus.
930 1882 1038 1917 Paulo
1053 1886 1131 1918 aute
1146 1883 1227 1930 quid
1245 1883 1315 1918 sint
1330 1882 1569 1930 Μεγαρίζουσαι
1584 1885 1731 1929 γυναῖκες

188 1937 338 1984 amplius
353 1937 598 1983 quaerendum.
645 1938 782 1974 Caelius
798 1938 945 1985 Rhodig.
961 1939 1020 1974 lib.
1033 1951 1088 1974 xv.
1105 1950 1178 1987 cap.
1190 1952 1238 1976 xx.
1255 1941 1452 1976 certaminis
1466 1940 1643 1976 cuiusdam
1659 1941 1732 1975 Me·

187 1995 345 2040 gatensis
368 1994 541 2037 meminit,
564 1995 626 2030 sed
649 1995 740 2042 quod
760 1997 850 2031 inter
867 2007 1010 2043 pueros,
1032 2007 1103 2032 non
1123 1997 1302 2039 mulieres,
1326 1997 1565 2045 peragebatur,
1588 1998 1731 2044 quinam

187 2051 328 2086 suavius
344 2055 519 2086 amantem
535 2056 627 2087 esset
641 2053 830 2089 osculatus.
863 2053 1025 2099 Cogitent
1039 2054 1172 2089 eruditi.

275 2105 368 2143 Ὀσα
382 2119 417 2143 τε
433 2106 520 2142 ἄλλα
535 2107 568 2143 ἐν
584 2108 714 2154 Πυθοῖ]
747 2109 871 2157 Pythia
886 2111 1088 2154 certamina,
1108 2111 1400 2158 quemadmodum
1417 2112 1611 2159 olympica,
1633 2113 1731 2159 quin-

186 2165 372 2212 quennalia
387 2169 501 2208 erant,
518 2169 558 2200 ut
571 2166 712 2202 Pindari
726 2167 929 2203 scholiastes
941 2168 1052 2205 docet.
1077 2168 1346 2204 Celebrabantur
1359 2174 1476 2205 antem
1492 2171 1629 2205 ineunte
1641 2181 1732 2212 vere,

186 2232 258 2258 non
276 2223 543 2270 praecipitante,
565 2226 606 2258 ut
626 2223 716 2259 falso
739 2223 897 2270 Scaliger
911 2225 971 2260 lib.
983 2238 1008 2261 1.
1024 2225 1066 2260 de
1088 2225 1230 2262 Emend.
1245 2226 1366 2273 Temp.
1391 2227 1537 2273 scripsit.
1582 2227 1655 2261 Hoc
1678 2231 1733 2261 est

185 2277 453 2326 Elaphebolione
467 2290 606 2323 mense,
621 2281 682 2327 qui
697 2282 823 2316 Martio
838 2282 911 2317 fere
926 2282 1126 2329 respondet,
1147 2294 1219 2318 non
1234 2282 1462 2330 Thargelione
1472 2309 1481 2326 ‚
1505 2283 1595 2330 quod
1610 2284 1679 2319 alio
1694 2284 1731 2318 in

186 2346 290 2382 opere
312 2336 590 2380 confirmabitur3
613 2342 652 2372 ut
675 2341 709 2372 et
730 2338 833 2381 illud,
857 2339 1063 2375 commissos
1086 2339 1224 2375 eosdem
1247 2351 1324 2375 esse
1347 2341 1448 2375 ludos
1469 2351 1558 2376 anno
1580 2341 1731 2376 secundo

186 2390 413 2428 tetra'eteridis
429 2394 646 2444 Olympicae,
663 2405 750 2437 non,
766 2399 805 2430 ut
819 2395 976 2442 Scaliger
991 2400 1104 2442 putat,
1120 2407 1210 2431 anno
1226 2398 1338 2432 tertio.

276 2449 338 2484 Καὶ
353 2448 425 2484 ὅσοι
439 2450 497 2484 τὸν
514 2449 642 2496 φαλλὸν
658 2450 933 2498 ἀναστρέφοντες]
981 2452 1079 2495 Quod
1100 2454 1143 2488 ab
1159 2454 1341 2500 Aegyptiis
1363 2455 1518 2490 manavit
1538 2458 1572 2490 et
1587 2455 1731 2491 Osiridis

186 2507 305 2543 sacris.
353 2507 524 2543 Diodorus
548 2508 608 2544 lib.
626 2519 647 2542 ι.
694 2506 764 2542 Sed
787 2519 849 2554 pro
874 2508 1111 2555 φαλαρίζουσαι
1131 2510 1220 2546 forte
1243 2510 1460 2556 poeniteutiae
1486 2513 1730 2559 reponendum.

185 2563 272 2599 Vide
287 2564 335 2599 sis
350 2564 477 2600 Euseb.
492 2565 552 2599 lib.
565 2577 604 2600 11.
623 2564 664 2599 de
679 2564 852 2611 Praepar„
877 2566 937 2617 qui
959 2577 1039 2601 cum
1062 2567 1104 2601 de
1125 2567 1315 2613 plerisque,
1339 2579 1430 2614 quae
1452 2567 1518 2604 hoc
1541 2569 1616 2604 loco
1638 2580 1730 2605 com—

185 2624 432 2664 memorantur,
461 2621 711 2667 superstitiosis
734 2625 889 2656 veterum
910 2622 1036 2658 ritibus
1059 2623 1131 2668 agit
1152 2624 1341 2667 uberrime,
1370 2628 1446 2660 tum
1469 2636 1555 2672 quas
1577 2627 1731 2674 plerique

185 2677 292 2712 latere
308 2678 373 2712 sub
388 2678 457 2713 illis
473 2679 657 2724 allegorias
674 2679 928 2721 asseverabant,
945 2679 1077 2714 erudite
1091 2679 1223 2715 refellit.
1247 2679 1343 2723 Quae
1359 2681 1442 2717 dum
1456 2682 1545 2718 forte
1560 2694 1729 2730 percurro,

185 2733 284 2768 locus
300 2734 440 2780 quidam
455 2735 574 2770 incidit
589 2735 802 2778 coniectura,
817 2738 856 2770 ut
872 2735 1005 2781 opinor,
1027 2732 1147 2771 nostra
1153 2763 1162 2779 ‚
1185 2737 1255 2772 luci
1278 2748 1319 2772 ac
1340 2749 1442 2774 verae
1465 2740 1656 2776 sententiae
1677 2752 1730 2776 re-

187 2790 340 2825 stitutus.
370 2791 404 2826 Is
425 2795 478 2826 est
496 2803 578 2839 pag.
594 2791 648 2827 53.
665 2802 752 2828 vers.
770 2790 866 2837 θεῖον,
889 2792 950 2827 ubi
969 2793 1019 2827 ita
1041 2793 1201 2839 loquitur.
1233 2793 1291 2835 Ὣς
1308 2792 1371 2842 ἄρα
1386 2795 1474 2841 καὶὴ
1492 2796 1660 2843 θαυμαστὴ
1677 2798 1729 2831 καὶ

187 2844 372 2893 ἄπόρῤητος
388 2848 583 2895 φυσιολογία
598 2850 653 2892 τῆς
666 2847 857 2892 Ἑλληνικῆς
874 2847 1042 2895 θεολογίας
1059 2850 1142 2884 θεῖον
1159 2850 1215 2897 μὲν
1231 2850 1337 2896 οὐδὲν,
1354 2851 1434 2887 οὐδέ
1445 2865 1476 2887 τι
1492 2854 1577 2901 μέγα
1592 2855 1646 2889 καὶ
1662 2855 1729 2888 θεο-

187 2903 305 2950 πρεπὲς
321 2903 374 2937 καὶ
388 2906 445 2948 τῆς
461 2903 665 2944 ἀναστάσεως
683 2902 768 2944 ἄξιον
784 2903 933 2951 ἐπήγετο.
981 2906 1102 2942 Scribo
1118 2907 1170 2941 καὶ
1184 2910 1240 2952 τῆς
1255 2906 1460 2950 ἀναστάσεως
1477 2908 1575 2956 ἄξιον,
1597 2911 1661 2946 hoc
1677 2917 1730 2946 est

186 2960 415 3007 promissione
427 2961 587 3007 dignum,
602 2962 827 2996 translatione
839 2972 860 2996 a
871 2963 1099 3008 praeconibus
1111 2963 1228 3008 ducta,
1243 2970 1304 3000 aut
1318 2966 1361 3000 iis
1378 2968 1539 3002 omnibus
1555 2969 1615 3013 qui
1627 2968 1728 3002 verba

187 3017 313 3052 tacturi
327 3017 420 3052 elata
433 3028 540 3054 manu
561 3019 738 3054 silentium
759 3018 926 3054 indicunt.
971 3019 1029 3054 Sic
1052 3020 1246 3068 mythologi
1265 3022 1326 3058 isti
1353 3025 1465 3059 multa
1493 3029 1528 3059 et
1554 3025 1728 3070 praeclara

1768 2465 1794 2491 p.
1808 2458 1864 2485 ³39.
