2008 3294
1465 176 1689 214 cmxxxv

138 294 224 330 qnos
239 281 305 319 bae
316 283 356 319 -ἰιι
370 281 505 318 haeresi
518 282 575 318 vel
590 282 755 318 acerrime
769 282 965 328 impugnat,
977 281 1094 316 fautor
1109 291 1150 316 ac
1164 284 1330 328 patronus
1346 280 1518 324 extiterit,
1530 280 1690 316 minime-

137 351 207 387 que
220 339 420 376 catholicus.
450 340 590 375 Etenim
603 339 691 375 nihil
705 338 801 374 alind
813 342 890 374 tota
903 337 967 373 bac
982 338 1180 373 narratione
1195 349 1308 384 nsque
1326 338 1371 373 ad
1392 349 1488 375 num.
1504 349 1606 373 xxm.
1628 348 1691 384 pn·

137 400 239 444 gunt,
262 407 368 445 quam
383 395 498 443 ὅμοιον
514 397 598 431 κατὰ
613 395 671 441 τὴν
688 395 817 442 οὐσίαν,
838 395 876 431 id
897 398 951 430 eet
965 395 1162 430 substantia
1177 395 1327 430 similem
1343 405 1422 430 esse
1436 394 1546 442 patrie
1560 394 1691 437 filiium

138 454 180 489 de
195 452 364 501 ὁμοονσίῳ
379 464 462 489 vero
478 455 587 489 altum
603 454 732 500 ubique
748 451 934 488 silentium.
971 451 1154 487 Praeterea
1169 451 1235 487 hoc
1250 453 1327 499 ipro
1342 463 1489 488 numero
1504 451 1570 487 sub
1585 451 1692 487 finem

138 511 202 554 ait,
217 510 328 547 filium
344 509 470 546 ἀκούειν
485 513 544 545 τοῦ
561 510 702 558 πατρὸς,
719 509 772 545 καὶ
783 509 957 556 ὑπουργεῖν
973 512 1023 555 τῷ
1039 507 1156 554 πατρὶ,
1181 510 1392 553 auscultare,
1406 508 1474 544 hoc
1489 513 1544 544 eat
1557 509 1692 544 obed-’re

138 573 172 603 et
183 570 379 603 ministrare
389 571 501 614 patri.
533 567 689 614 Itemque
703 579 800 603 num.
811 577 912 603 xvnr.
929 569 1028 613 pater
1043 565 1166 600 dicitur
1182 565 1375 606 αὖθεντικῶς
1391 568 1505 612 ποιεῖν,
1520 566 1615 602 filiu·
1632 564 1692 600 οὐκ

138 623 348 670 αὖθιντικῶς,
370 622 447 659 ἀλλ’
465 624 682 672 ὑπουργικῶς.
712 623 812 667 Quod
831 634 935 660 nemo
958 623 1028 658 nisi
1042 623 1192 658 Arianus
1216 623 1353 659 dixerit.
1383 623 1475 659 'l'nm
1489 623 1618 670 ubique
1632 622 1693 659 ad-

137 691 258 717 versus
274 681 471 717 Anomoeoe
495 683 590 718 solos
614 682 784 729 disputat,
806 691 913 728 quam
934 679 992 724 τὴν
1009 683 1064 715 νῦν
1080 678 1295 726 ἐπιφυομένην
1311 680 1430 727 αἵρεσιν
1446 684 1563 724 vocat,
1587 692 1695 727 nuper

138 744 289 774 exortam
305 738 490 782 haereeim
511 743 552 775 ιιι
565 750 662 776 ιιιιιιι.
674 750 752 776 xm.
769 741 905 774 autores
920 737 1016 785 ipsos
1031 737 1161 777 καινοὺς
1177 736 1364 783 αἱρετιιιούς.
1410 738 1499 774 Item
1520 749 1618 774 num.
1633 750 1691 774 xv.

137 795 380 832 Constantium
394 806 607 843 magnopere
623 795 805 839 collaudat,
821 794 914 842 qnod
925 794 1037 830 filium
1050 794 1140 841 patri
1151 805 1213 841 per
1224 795 1343 830 omnia
1358 795 1508 830 similem
1524 806 1600 830 esse
1613 806 1694 842 pro-

137 853 369 896 nunciaverit,
393 861 430 888 ut
451 866 529 897 noe,
552 854 731 900 inquiunt,
755 853 920 888 catholici
933 853 1112 887 credimus.
1158 851 1256 886 Itane
1272 855 1333 886 aut
1347 850 1537 888 catholicus
1552 853 1597 888 ab
1613 852 1694 899 Epi-

137 908 269 957 phanio·
282 909 422 946 babitus
436 914 491 946 eet
507 910 748 954 Constantine,
771 913 834 945 aut
855 908 1064 945 catholicum
1078 908 1165 944 illud
1180 912 1235 944 est
1249 909 1396 955 dogma,
1420 909 1495 944 sine
1517 910 1590 944 nlla
1612 920 1694 944 con-

138 967 376 1003 substantialis
391 968 567 1004 mentione
581 967 693 1004 fllium
707 967 799 1014 patri
814 966 985 1003 duntant
998 966 1150 1002 similem
1165 977 1244 1002 eene
1259 966 1478 1002 substantia?
1507 966 1694 1013 Nunquam

137 1023 173 1059 id
194 1023 409 1071 Epiphanius
432 1025 606 1062 scriberet.
654 1024 768 1067 Quare
781 1024 912 1060 nuens
922 1023 1090 1060 hactenns
1108 1034 1229 1059 omnes
1245 1023 1403 1058 arbitrati
1417 1028 1500 1059 sunt
1513 1023 1599 1059 haec
1613 1024 1694 1070 Epi-

137 1080 259 1128 phanii
273 1093 362 1127 ease,
378 1093 466 1129 qnae
482 1085 564 1118 eunt
573 1081 696 1119 Basilii
711 1092 751 1116 ac
765 1081 1070 1117 Semiarianorum.
1094 1079 1194 1122 Quod
1207 1081 1347 1127 quidem
1360 1084 1433 1116 tam
1448 1085 1543 1116 certo
1559 1092 1580 1116 a
1592 1081 1693 1116 nobie

139 1137 440 1182 demonstrabitur,
462 1150 566 1175 nemo
587 1142 628 1175 ut
641 1139 810 1185 refragari
823 1138 951 1185 possit,
974 1138 1044 1173 nisi
1059 1138 1120 1184 qni
1134 1138 1276 1173 meridie
1291 1138 1406 1173 lucere
1421 1142 1538 1184 neget.
1582 1139 1694 1184 Igitur

137 1207 236 1232 num.
250 1208 276 1232 1.
298 1196 365 1232 sub
385 1196 492 1233 finem
515 1195 601 1231 duaa
620 1207 658 1232 ae
673 1195 838 1243 epistolas
854 1187 1026 1231 subiicere
1040 1195 1234 1242 profitetur,
1257 1206 1364 1231 unam
1387 1194 1526 1237 Basilii,
1549 1196 1694 1231 alteram

138 1252 264 1288 Basilii
286 1263 328 1288 ac
352 1252 496 1300 Georgii
519 1253 707 1289 Laodiceni
731 1256 1016 1299 caeterorumque
1042 1252 1349 1289 semiarianorum.
1395 1253 1528 1288 Harum
1554 1253 1648 1299 prior
1674 1263 1696 1287 a

139 1321 236 1347 num.
250 1322 288 1347 rr.
305 1311 350 1346 ad
365 1321 428 1347 ιιι.
442 1321 556 1357 neque
572 1310 780 1347 subtexitur.
829 1309 990 1346 Secunda
1004 1310 1102 1345 nulle.
1117 1310 1187 1346 alia
1201 1314 1271 1353 est,
1285 1310 1354 1346 nisi
1370 1321 1460 1356 quae
1476 1310 1521 1345 ab
1537 1309 1602 1345 boe
1617 1310 1694 1357 ipso

138 1378 235 1403 num.
247 1378 312 1405 ιιι.
329 1367 492 1415 deinceps
506 1367 674 1414 seqnitur.
717 1366 817 1410 Quod
832 1377 918 1402 sane
933 1367 1020 1402 citra
1035 1367 1222 1413 ambagem
1237 1378 1377 1403 omnem
1391 1367 1607 1414 Epiphanius
1621 1367 1695 1414 ipse

139 1423 329 1470 significat,
351 1424 412 1472 qui
433 1435 528 1460 num.
540 1436 642 1462 xxm.
659 1427 741 1471 post
753 1425 897 1470 longam
913 1424 1010 1460 illam
1030 1424 1303 1471 disputationem
1326 1434 1348 1460 a
1369 1437 1432 1461 ιιι.
1448 1436 1594 1460 numero
1616 1436 1695 1471 pro-

138 1482 291 1528 positam
311 1482 361 1517 ita
382 1481 552 1528 loquiturz
582 1476 684 1516 Αόται
707 1480 740 1516 αἱ
763 1479 931 1516 ἐπιστολαὶ
955 1479 1176 1528 nazzanum
1192 1480 1274 1528 πρὸς
1290 1480 1328 1516 τὶ)
1345 1479 1460 1516 εἰδέναι
1475 1481 1613 1517 ἕκαστον
1629 1483 1695 1516 τῶν

141 1537 348 1585 φιλολόγωνε
379 1538 461 1574 Hae
469 1551 577 1586 porro
593 1540 756 1586 epistolae
773 1552 795 1574 a
811 1539 906 1574 nobie
921 1538 978 1574 bie
993 1544 1144 1574 arcanae
1156 1544 1236 1573 sunit
1248 1544 1312 1575 etc.
1358 1538 1452 1585 Ergo
1467 1540 1584 1586 plures
1599 1543 1696 1575 ante-

140 1599 320 1632 cesserunt
332 1595 512 1642 epistolae.
543 1595 723 1638 Quaenam
738 1599 857 1631 autem
871 1595 982 1631 altera
996 1599 1065 1638 est,
1087 1595 1159 1631 nisi
1179 1596 1240 1631 illa
1255 1606 1362 1642 qnam
1377 1595 1544 1639 diximus,
1569 1607 1660 1644 qnae
1675 1607 1697 1632 a

139 1663 236 1689 num.
248 1664 311 1693 xn
327 1652 372 1688 ad
386 1664 488 1690 xxm.
503 1653 680 1689 exclusive
695 1653 914 1689 continetur?
944 1652 998 1688 Ita
1019 1652 1174 1699 profecto
1189 1663 1268 1688 eece
1283 1664 1339 1688 res
1360 1652 1477 1688 habet.
1520 1653 1695 1693 Librarioae

140 1720 220 1746 rum
242 1721 284 1746 ea
306 1711 410 1757 eulpa
430 1709 512 1754 fuit,
536 1710 596 1757 qui
618 1710 724 1757 priori
746 1710 914 1757 epistolae
937 1709 1126 1755 synodicae
1148 1709 1398 1745 subscribenda
1420 1709 1509 1746 baec
1622 1713 1699 1755 *unt

140 1767 274 1803 omnia·
298 1765 497 1815 Ἐπληρώθη
514 1767 580 1801 τῶν
596 1766 668 1814 περὶ
683 1765 863 1812 Βασίλειον,
879 1766 934 1802 καὶ
950 1765 1142 1813 Ρεώργιον“
1127 1779 1146 1801 ο
1163 1765 1468 1814 ὑπομνηματισμός.
1572 1772 1577 1778 ⁴

139 1823 285 1868 nisum,
307 1835 417 1860 unum
437 1823 524 1859 illud
538 1827 744 1870 argumento
760 1828 814 1860 est
828 1824 922 1871 quod
937 1835 1008 1861 non
1024 1834 1046 1859 a
1062 1823 1214 1871 Georgio
1230 1824 1398 1870 synodica
1410 1825 1472 1860 illa
1485 1820 1694 1882 ‘m

140 1880 203 1917 sed
225 1892 267 1917 eo
291 1881 453 1924 absente,
474 1881 620 1927 eiusque
640 1882 819 1917 literarum
841 1882 1023 1917 occasione
1043 1892 1066 1916 a
1080 1880 1211 1916 Basilio
1226 1892 1268 1917 ac
1282 1882 1425 1928 reliquis
1439 1883 1599 1928 Ancyrae
1611 1893 1694 1919 eon·

141 1938 296 1984 gregatis
312 1941 366 1973 est
380 1938 488 1981 edita,
502 1941 542 1973 ut
556 1938 655 1974 initio
671 1942 852 1975 testantur.
883 1938 1116 1981 Quamobrem
1131 1939 1181 1973 ita
1196 1938 1479 1985 distinguendum
1501 1943 1556 1975 est
1570 1938 1695 1984 Ἐκλη-

142 1993 242 2041 ρώθη.
283 1995 357 2031 Hoc
373 1998 442 2030 est:
466 1995 643 2031 Hactenus
658 1997 800 2043 epistola
815 1997 990 2041 synodica.
1027 1995 1119 2032 Tum
1136 1995 1227 2042 quod
1241 1996 1415 2042 reliquum
1431 2000 1486 2032 est
1498 1997 1628 2033 lemma
1642 2002 1696 2032 est

141 2051 315 2099 sequentia
337 2051 604 2088 dissertationis:
629 2053 695 2087 τῶν
720 2052 791 2099 περὶ
811 2052 979 2088 Βασίλειον
995 2051 1050 2087 καὶ
1065 2051 1227 2099 Γεῶργιον
1244 2051 1263 2087 ὃ
1280 2052 1588 2100 ὗπομνηματισμόςε
1622 2055 1695 2089 Ba-

141 2109 214 2144 n'b'i
227 2119 272 2145 oc
289 2109 432 2155 θεον-ρὰ·
445 2112 712 2146 commentarius.
758 2109 837 2145 Non
858 2110 951 2145 enim
967 2114 1040 2146 tam
1061 2113 1117 2145 est
1132 2110 1301 2156 epistola,
1325 2121 1432 2158 qnam
1454 2111 1535 2146 fidei
1557 2112 1696 2148 uberior

140 2165 325 2213 expositio,
338 2175 420 2202 eum
435 2177 556 2203 eorum
570 2167 780 2210 narratione,
797 2177 886 2213 qnae
900 2167 938 2203 in
952 2178 1044 2203 nova
1055 2166 1175 2203 Sirmii
1189 2167 1429 2215 componenda
1442 2168 1593 2204 formula
1605 2169 1696 2204 inter

141 2221 338 2266 Umeiun,
350 2223 532 2260 Valentem
549 2227 584 2259 et
597 2223 784 2267 Basiliam,
802 2223 994 2270 Georgium
1009 2235 1050 2260 ae
1066 2224 1303 2263 semiarianos
1317 2225 1471 2271 reliquos
1486 2225 1695 2261 acciderunt.

142 2278 348 2326 Quanquam
369 2281 484 2328 potnit
504 2280 561 2316 hio
582 2280 660 2327 ipse
680 2282 988 2317 commentariolus
1010 2282 1179 2328 epistolae
1200 2283 1311 2317 instar
1332 2282 1378 2317 ab
1392 2282 1618 2318 orientalibus
1633 2283 1695 2318 Se·

140 2337 319 2373 miscis-xiia
341 2337 386 2373 ad
406 2337 625 2374 Ariminense
647 2338 833 2374 concilium
856 2341 892 2374 et
913 2338 1144 2374 occidentales
1167 2338 1348 2385 episcopos
1370 2338 1473 2375 mitti.
1516 2339 1608 2375 Nam
1629 2341 1695 2376 sub

140 2393 234 2430 idem
247 2397 385 2441 tempus
399 2395 612 2442 perscriptus
626 2394 762 2430 videtur
785 2405 854 2441 qno
869 2394 998 2430 Valens
1020 2395 1054 2431 ei
1070 2395 1241 2431 formulae
1256 2395 1475 2431 subscribere
1489 2396 1534 2431 ab
1548 2396 1696 2443 impera·

141 2453 216 2488 tore
238 2455 380 2487 coactus
402 2455 471 2495 est,
494 2462 585 2498 qnae
607 2450 719 2487 filium
740 2462 803 2497 per
825 2452 944 2487 omnia
966 2452 1074 2498 patris
1097 2463 1175 2487 esse
1197 2452 1350 2488 similem
1370 2453 1564 2496 asserebat,
1586 2457 1627 2489 ut
1649 2465 1695 2490 ex

140 2518 237 2544 ιιιιιι.
249 2520 337 2544 xm.
353 2509 536 2551 constabit,
552 2508 596 2543 ad
611 2519 716 2554 quem
730 2508 914 2551 nonnulla,
930 2519 1020 2555 quae
1034 2508 1102 2544 hnc
1118 2508 1302 2555 pertinent,
1319 2509 1548 2545 conferemus.
1579 2511 1696 2554 Vides,

94 2603 97 2605 ,
142 2564 261 2608 lector,
285 2566 406 2612 quanti
419 2565 589 2602 momenti
603 2576 659 2600 res
674 2568 747 2600 tam
761 2565 830 2599 levi
846 2575 891 2600 ex
907 2565 1147 2600 observatione
1162 2569 1349 2601 coneecuta
1362 2567 1425 2609 sit,
1447 2570 1488 2602 ut
1508 2566 1695 2604 haeretico-

142 2621 437 2669 mdiapntatio,
460 2633 550 2668 quae
572 2632 753 2668 perperam
772 2620 957 2668 Epiphanii
977 2632 1053 2657 sese
1074 2622 1215 2657 nomine
1235 2626 1271 2657 et
1285 2623 1468 2659 autoritate
1483 2624 1696 2668 venditabat,

144 2677 285 2714 tandem
306 2679 412 2726 longo
434 2679 615 2715 intervallo
639 2678 780 2724 cognita
803 2688 844 2712 ac
868 2678 941 2712 suis
964 2678 1144 2713 autoribus
1160 2678 1293 2714 reddita
1307 2679 1426 2753 incum
1441 2680 1626 2718 lectoribus
1642 2682 1694 2718 fa-

108 2736 114 2741 '
145 2744 223 2770 cere
235 2735 326 2771 tanti
337 2737 488 2772 nominis
504 2736 618 2782 specie
635 2746 675 2770 ac
691 2734 914 2770 simulatione
929 2734 1079 2770 desierit.

235 2791 278 2828 N.
292 2803 380 2829 xm.
411 2793 471 2833 Εἲς
485 2792 542 2837 τὴν
559 2791 739 2827 ἐκτεθεῖσαν
755 2790 889 2835 πίστιν]
934 2792 1029 2826 Haec
1052 2792 1108 2826 vel
1131 2792 1174 2828 ab
1197 2792 1390 2839 Epiphanio
1413 2794 1458 2831 ad
1479 2796 1694 2842 superiorem

147 2846 440 2885 Semini-imorem
455 2849 779 2886 commentariolum
794 2847 925 2891 addita,
948 2849 1005 2883 vel
1024 2849 1134 2895 ipsius
1155 2851 1543 2896 commentationum,
1564 2854 1602 2888 in
1624 2866 1693 2900 quo

146 2907 281 2950 praeter
303 2905 556 2951 expositionem
570 2906 653 2942 fidei
675 2907 754 2941 a'cta
775 2905 943 2940 nonnulla
956 2904 1108 2941 Basilius
1132 2917 1173 2942 ae
1189 2906 1362 2953 Georgius
1385 2910 1694 2956 praescripserant3

147 2961 242 3007 quod
255 2961 426 3007 posteriue
439 2964 555 3010 magis
571 2962 707 2998 arridet.
738 2961 925 2997 Sciendum
940 2965 996 2997 est
1009 2966 1126 2998 autem
1142 2963 1246 2998 πίστιν
1259 2964 1372 3008 illam,
1389 2965 1431 3000 de
1446 2977 1515 3013 qua
1529 2967 1693 3012 loquitur,

145 3027 226 3054 eeee
238 3017 488 3064 professionem
501 3020 599 3056 illam
613 3020 750 3056 tertiam
772 3029 861 3065 quae
878 3019 996 3055 Sirmii
1016 3024 1070 3054 est
1089 3020 1198 3064 edita,
1219 3033 1324 3068 qnam
1347 3022 1508 3059 Socrates
1530 3027 1564 3058 et
1587 3023 1693 3059 Sozo-

1730 2183 1758 2208 p.
1771 2174 1830 2202 323.
