2008 3294
1556 180 1728 220 chxlx

177 298 346 325 canonem
361 288 539 324 conditum
555 288 600 324 ad
614 288 814 336 paschalem
829 298 932 323 usum
946 286 1187 323 adhibuerunt.
1229 287 1325 323 Hanc
1339 287 1442 323 nobis
1457 285 1499 322 de
1515 287 1729 322 embolismis

177 345 445 394 disputationem
459 347 594 393 peperit
609 345 825 381 octaeteridis
841 343 1098 392 Epiphanianae
1114 344 1307 392 dispositio.
1353 343 1450 386 Quae
1463 343 1584 379 tandin
1599 342 1654 379 hic
1670 344 1729 379 ha-

176 404 259 439 bere
272 404 388 439 locum
402 402 536 446 debuit,
561 403 643 438 dnm
667 403 823 446 uberiore
838 412 860 438 a
873 401 976 437 nobis
991 402 1259 445 commentario,
1281 412 1386 448 quem
1400 401 1442 438 de
1457 405 1654 448 temporum
1670 400 1730 436 do·
1784 424 1793 433 .

177 460 288 496 ctrina
301 459 520 503 meditamur,
536 460 658 495 eadem
673 460 733 496 illa
747 461 985 508 pertractetur.

266 516 412 551 Γίνονται
429 515 565 551 {naarai
582 519 638 562 ιη.]
672 516 766 553 Corr.
784 513 836 558 ιζ’.

266 572 324 608 Ἐν
340 574 465 614 τούτοις
482 576 550 614 τοῖς
566 573 667 620 τρισὶν
683 573 900 621 ἐμβολίμοις.]
945 572 996 608 Ne
1017 571 1083 607 hoc
1102 572 1241 618 quidem
1256 583 1377 609 verum
1393 576 1455 609 ant
1469 572 1555 608 satis
1570 576 1730 608 accurate

177 630 324 673 dictum;
353 631 608 666 dissensionem
631 637 788 674 omnem,
816 640 906 677 quae
932 628 1148 664 Christianos
1174 630 1263 665 inter
1286 641 1326 665 ac
1348 629 1495 666 Iudaeos
1519 633 1555 665 et
1576 634 1731 666 caeteros

175 688 432 732 intercesserat,
456 687 522 723 hoc
544 692 597 724 est
616 687 806 725 haereticos
821 685 1233 730 Teasarescaedecatitas,
1257 690 1318 722 aut
1341 687 1400 734 qui
1421 687 1459 722 in
1480 688 1586 734 primi
1599 688 1730 724 mensis

177 743 309 792 epocha
324 756 346 780 a
360 745 512 781 Nicaeno
528 757 661 781 canone
677 744 916 787 discedebant,
931 743 1052 790 quales
1067 743 1183 779 Latini
1199 748 1233 778 et
1245 743 1483 779 occidentales
1498 745 1664 792 plerique,
1681 749 1731 780 at-

176 813 244 849 que
259 802 429 850 imprimis
445 803 542 838 Scoti
555 803 712 846 inerunt,
726 802 764 838 in
777 801 888 838 tribus
903 800 1121 837 octoeteridis
1135 801 1332 837 embolimis
1349 802 1548 838 consistere.
1592 802 1731 849 Duplex

177 859 271 907 apud
287 859 502 895 Christianos
517 859 692 907 paschatis
709 858 907 907 depravatio
921 858 998 893 fuit.
1028 858 1147 894 Altera
1166 858 1270 905 plane
1292 858 1433 894 Iudaica
1450 863 1484 894 et
1499 859 1731 895 Asiaticorum

178 917 261 952 olim
276 917 432 964 propria,
457 917 517 964 qni
531 929 602 953 xrv.
613 917 715 960 luna,
737 926 991 964 quemcumqu
1009 915 1046 951 in
1061 915 1185 951 teriam
1199 915 1405 958 incurreret,
1428 916 1560 962 pascha
1582 917 1732 952 celebra·

176 973 273 1010 bant.
297 974 430 1018 Altera,
447 985 536 1021 quae
549 974 588 1010 in
601 974 704 1021 primi
717 973 849 1009 mensis
865 972 1048 1009 neomenia
1062 976 1184 1008 contra
1199 983 1368 1008 canonem
1382 973 1632 1016 committeret,
1649 973 1732 1009 dum

143 1068 145 1071 ,
175 1030 276 1066 illam
297 1031 397 1066 citius
421 1031 674 1074 antevertebat,
698 1031 784 1067 adeo
807 1034 846 1066 ut
868 1042 942 1066 xrv.
956 1030 1043 1066 luna
1062 1029 1323 1076 aequinoctium
1346 1030 1576 1077 praecederet.
1619 1030 1731 1073 Quam

178 1087 376 1134 διαστροφὴν
391 1099 482 1124 novo
499 1099 612 1124 errore
628 1087 869 1131 cumulabant,
891 1091 931 1123 ut
946 1087 980 1122 in
997 1087 1146 1122 termino
1162 1087 1255 1134 ipso,
1277 1087 1308 1122 si
1326 1087 1362 1123 in
1379 1087 1590 1123 dominicam
1605 1088 1731 1123 incide-

176 1147 239 1187 ret,
255 1145 455 1181 celebritate
466 1146 702 1192 iungerentur.
747 1145 958 1181 Posteriores
973 1144 1032 1181 isti
1047 1155 1127 1180 cum
1143 1144 1450 1180 decemnovennali
1466 1145 1574 1190 cyclo,
1590 1144 1731 1180 Iudaeo-

176 1212 255 1238 rum
270 1201 393 1246 instar,
409 1206 596 1245 uterentur,
610 1202 649 1238 in
663 1202 798 1238 duobus
814 1202 987 1237 duntaxat
1001 1202 1103 1237 annis
1119 1202 1165 1236 ab
1173 1202 1418 1238 Alexandrinis
1434 1205 1470 1236 et
1484 1201 1637 1237 Nicaena
1653 1213 1731 1238 san-

177 1258 292 1294 ctione
306 1259 537 1302 dissidebant,
553 1259 650 1306 cyclo
666 1259 830 1295 nimirum
842 1270 917 1295 vxrr.
934 1269 974 1294 ac
991 1271 1063 1294 xix.
1093 1258 1183 1295 Nam
1199 1258 1314 1294 lunari
1329 1259 1438 1305 cyclo,
1452 1270 1523 1295 non
1539 1259 1652 1294 aureis
1667 1270 1732 1294 nu-

175 1316 283 1352 meris
297 1316 493 1352 utebantur.
522 1315 642 1363 Itaque
657 1316 767 1352 tribus
784 1316 890 1363 cyclis
905 1317 951 1352 ab
966 1316 1210 1351 Alexandrinis
1226 1315 1479 1363 discrepabant.
1519 1315 1565 1351 Ut
1579 1317 1733 1363 exempli

178 1383 320 1416 caussa,
336 1373 569 1408 Alexandrino
585 1384 728 1409 numero
745 1386 769 1410 r.
786 1373 1018 1420 respondebat
1032 1373 1180 1409 aliorum
1196 1385 1280 1408 xvir.
1312 1373 1399 1408 Item
1415 1373 1731 1410 Alexandrinorum

177 1442 252 1466 vm.
266 1431 412 1466 istorum
425 1443 468 1475 νη,
484 1430 711 1466 decimonono
725 1430 1037 1466 Alexandrinorum
1049 1430 1208 1466 Iudaicus
1225 1442 1295 1466 xvi.
1321 1430 1473 1478 Indeque
1488 1441 1568 1466 cum
1580 1431 1731 1466 Alexan-

178 1487 267 1523 drini
283 1498 375 1524 anno
398 1488 487 1535 cycli
509 1487 834 1524 decemnovennalis
857 1490 998 1532 octavo,
1022 1488 1079 1523 cui
1102 1498 1266 1522 numerus
1290 1497 1417 1523 aureus
1434 1500 1494 1524 vn.
1519 1488 1563 1523 ad
1579 1489 1731 1535 Aprilem

178 1555 288 1592 usque
312 1545 491 1588 convenit,
514 1556 670 1581 mensem
692 1545 934 1581 intercalarem
958 1544 1177 1587 adtexerent,
1201 1545 1262 1591 qui
1285 1555 1307 1579 a
1321 1557 1368 1581 vr.
1383 1545 1502 1580 Martii
1525 1555 1671 1580 exorsus
1695 1546 1731 1581 in

177 1602 304 1649 Aprilis
322 1613 367 1638 rv.
384 1602 570 1646 desineret,
593 1613 634 1638 ac
647 1602 830 1650 postridie,
852 1601 918 1638 hoc
938 1605 992 1637 est
1005 1602 1135 1649 Aprilis
1147 1614 1192 1645 v.,
1213 1613 1345 1638 annum
1365 1613 1499 1638 nonum
1517 1602 1732 1646 inchoarent,

177 1658 429 1696 Indaizmfinm
444 1659 547 1695 factio
563 1670 629 1707 pro
638 1660 868 1696 embolimaeo
881 1670 1100 1695 communem
1116 1669 1290 1706 usurpans
1305 1670 1453 1702 annum,
1468 1660 1620 1706 primum
1634 1671 1731 1696 men·

177 1726 253 1752 sem
266 1715 454 1752 inchoabat
463 1717 580 1752 Martii
590 1729 654 1760 vn,
665 1717 764 1753 cuius
779 1729 850 1753 m.
866 1715 1039 1764 paschalis
1051 1716 1171 1751 Mart-ii
1181 1727 1254 1753 xxx.
1273 1716 1503 1763 competebat.
1525 1717 1625 1757 Iesu
1635 1728 1731 1760 anno

178 1785 250 1809 m.
274 1773 513 1820 contingebat,
537 1784 642 1821 quem
656 1773 883 1810 Alexandrini
904 1773 1014 1821 pridie
1036 1773 1125 1809 Non.
1139 1773 1219 1820 Apr.
1239 1772 1470 1817 inchoabant,
1492 1774 1551 1810 alii
1562 1784 1629 1817 με.
1721 1801 1731 1811 .

177 1830 334 1866 Martias.
378 1829 468 1866 Nem
483 1830 710 1867 Alexandrini
732 1843 806 1867 xix.
822 1842 972 1873 annum,
995 1831 1052 1866 cni
1074 1841 1240 1866 numerus
1263 1841 1388 1866 aureus
1412 1843 1512 1868 xvm.
1535 1836 1661 1885 reqnn

179 1887 446 1923 embolimaeum
464 1887 723 1924 constituebant
743 1888 844 1935 eique
865 1899 1028 1949 manaen)
1042 1888 1142 1923 illum
1163 1889 1392 1934 arrogabant,
1415 1898 1437 1923 a
1452 1899 1523 1935 quo
1537 1883 1731 1927 Iudsnrhss

177 1954 263 1980 num
278 1954 381 1980 suum
396 1955 441 1980 ac·
452 1945 603 1991 primum
618 1956 776 1980 mensem
791 1945 1070 1991 auspicabantur.
1114 1944 1167 1980 De
1189 1955 1260 1991 qua
1273 1956 1312 1980 re
1327 1948 1363 1980 et
1375 1948 1480 1981 antea
1492 1945 1731 1990 dissernimus,

178 2005 215 2036 et
227 2005 352 2048 agetur
365 2001 449 2037 alibi
462 2002 649 2049 copiosius.
680 2000 848 2044 Quocirca
862 2013 935 2037 non
949 2002 986 2037 in
1001 2002 1112 2037 tribus
1129 2002 1348 2037 ocnstorfflis
1363 2002 1602 2038 embolimaeis
1619 2004 1732 2049 annis,

179 2057 241 2093 sed
254 2058 292 2094 in
306 2068 377 2094 uno
394 2058 507 2094 solnm
521 2058 640 2094 Iudaei
654 2062 690 2094 et
704 2058 868 2094 haeretici
883 2069 904 2094 a
920 2058 1099 2094 catholicis
1114 2059 1376 2106 discrepabant,
1394 2058 1460 2095 hoc
1475 2064 1530 2095 est
1543 2061 1580 2095 in
1596 2064 1729 2097 octavo.

266 2113 310 2152 N.
325 2127 397 2151 xrv.
428 2112 525 2150 Ἔστι
540 2114 604 2163 γὰρ
620 2119 671 2163 τῷ
687 2112 782 2161 ὄντι]
827 2116 920 2152 Haec
936 2114 1120 2163 Epiphanii
1132 2116 1281 2152 fortasse
1295 2118 1520 2164 temporibus.
1558 2118 1604 2152 At
1617 2122 1730 2153 aetate

178 2170 384 2208 Theodoti-eti
398 2172 636 2209 Audianornm
650 2173 720 2208 ista
735 2173 917 2220 disciplina
930 2174 967 2209 in
982 2173 1160 2209 licentiam
1175 2184 1217 2208 ac
1231 2173 1411 2210 libidinem
1425 2174 1626 2211 desciverat.

514 2276 575 2312 AD
598 2275 830 2313 maliem
851 2276 991 2319 LXXI„
1011 2275 1398 2313 PHOTINIANORUM.

267 2343 310 2380 N.
326 2356 354 2381 1.
384 2339 491 2385 Οὗτος
515 2344 551 2379 δὲ
573 2342 736 2391 ὦρμᾶτο.]
782 2343 968 2391 Ὃρμᾶοθαι
990 2345 1194 2391 saepissime
1216 2345 1307 2391 apud
1329 2344 1561 2392 Epiphanium
1585 2350 1620 2381 et
1641 2347 1731 2383 alios

177 2400 269 2436 idem
283 2400 378 2436 valet
399 2405 504 2448 atque
520 2404 627 2443 oriri,
649 2402 743 2447 qnod
763 2406 797 2437 et
817 2413 883 2437 nos
902 2401 969 2437 hoc
990 2403 1066 2437 loco
1081 2413 1201 2437 verum
1223 2401 1513 2439 existimavimus.
1560 2402 1629 2438 Sed
1648 2413 1729 2439 cnm

177 2456 345 2493 Photinus
360 2469 432 2494 non
448 2458 593 2501 Sirmio,
616 2458 677 2494 sed
694 2469 739 2493 ex
757 2458 998 2504 Gallograecia
1013 2458 1179 2494 oriundus
1195 2459 1314 2501 fuerit,
1336 2463 1377 2494 ut
1398 2459 1434 2494 in
1455 2459 1514 2494 lib.
1531 2459 1574 2494 de
1589 2459 1728 2507 Scripta

177 2513 306 2551 Eccles.
332 2515 452 2552 scribit
473 2516 723 2561 Hieronymus,
751 2515 943 2551 consultius
970 2516 1119 2551 arbitror
1133 2517 1328 2562 prodeundi
1347 2516 1517 2551 vocabulo
1545 2518 1596 2552 uti
1621 2527 1727 2564 quam

179 2573 320 2608 oriendi.
368 2571 483 2615 Quare
501 2573 554 2608 ita
575 2573 693 2619 potius
715 2571 1011 2619 interpretandum
1031 2572 1108 2608 fuit.
1155 2572 1226 2606 Hic
1241 2571 1370 2607 Sirmio
1379 2575 1545 2619 prodiens
1559 2564 1623 2611 etc.
1669 2574 1729 2611 Sic

181 2628 274 2664 enim
287 2629 536 2676 Hieronymus:
569 2629 734 2663 Photinus
749 2630 790 2664 de
809 2630 1055 2674 Galloyraecia
1072 2629 1235 2664 Marcelli
1250 2631 1451 2676 discipulus,
1466 2630 1587 2666 Sirmii
1601 2635 1727 2679 episco-

175 2687 433 2731 μεῖον-ἅπτεται
451 2693 513 2722 cte.

270 2739 355 2777 ’Aah
369 2745 425 2787 τῆς
440 2742 473 2778 ἐν
487 2743 658 2790 Σαρδικῇ.]
694 2742 756 2778 Bis
778 2742 1047 2778 condemnatum
1070 2754 1146 2778 esse
1169 2742 1355 2779 Photinum
1376 2744 1482 2780 tradit
1502 2745 1727 2794 Epiphanius,

182 2797 386 2844 prinumin
398 2799 596 2839 sardicensi
609 2799 761 2846 synodo,
782 2803 859 2835 tum
880 2799 918 2834 in
936 2798 1133 2842 Sirmiensi,
1155 2811 1234 2835 cum
1255 2800 1454 2848 imperatori
1469 2801 1672 2840 Constantio
1687 2805 1727 2840 li-

182 2853 312 2890 bellum
328 2855 518 2892 obtulisset.
541 2857 719 2903 Utrunque
736 2856 801 2892 sub
814 2856 1014 2892 Constantio
1030 2857 1252 2893 celebratum.
1274 2857 1355 2894 Ideo
1370 2860 1592 2906 corrigendus
1608 2861 1727 2897 Hiero-

183 2921 327 2956 nymus,
349 2912 410 2959 qui
429 2923 452 2948 a
465 2913 706 2950 Valentiniano
729 2914 850 2960 imper.
865 2914 1005 2960 pulsum
1021 2914 1065 2949 ab
1081 2914 1229 2949 ecclesia
1240 2914 1427 2952 Photinum
1444 2917 1606 2953 affirmat.
1652 2918 1727 2954 Nisi

183 2968 264 3014 post
276 2967 502 3006 Sirmiemem
514 2970 686 3017 synodum
708 2971 861 3006 occultos
882 2974 1071 3006 conventus
1094 2970 1257 3007 habuisse
1278 2971 1484 3018 dixerimus,
1506 2979 1543 3010 et
1564 2986 1586 3010 a
1601 2975 1725 3010 Valen-

183 3024 557 3074 tiaianorproscriptnm
571 3028 690 3065 ruisse.
725 3027 826 3070 Quod
840 3038 884 3063 ex
901 3039 942 3063 eo
958 3027 1080 3064 deduci
1094 3032 1229 3075 potest,
1241 3029 1333 3076 qnod
1346 3030 1384 3066 in
1398 3032 1546 3077 epistola
1560 3032 1726 3077 synodica
