2008 3294
184 1677 210 1703 p.
225 1670 281 1696 171.

313 252 399 290 GLII

313 354 800 403 ogdoecontatessaraeteridis
814 356 989 402 sequentis
1000 357 1132 403 primus
1145 366 1184 390 ac
1195 355 1338 402 proinde
1349 355 1599 391 embolimaeus
1615 366 1692 391 esse
1707 355 1858 400 deberet,

312 414 402 449 hunc
419 415 549 460 ipsum,
574 416 691 459 utpote
715 413 804 459 cycli
825 414 973 449 recentis
993 414 1147 456 initium,
1171 423 1392 448 comunem
1405 411 1560 449 fecerint.
1591 413 1644 448 Ita
1659 413 1807 460 contigit
1819 417 1860 451 ut

315 471 475 520 deinceps
492 470 611 505 citima
626 470 810 507 neomenia
821 470 940 507 Martii
955 483 1004 516 v.,
1020 483 1092 507 xiv.
1108 471 1192 505 luna
1206 469 1324 506 Martii
1337 481 1438 506 xvm.
1453 469 1656 507 constiterit.

342 607 606 644 EPIPHANIUS
630 607 689 644 AB
713 607 875 645 INEPTA
898 608 1136 644 SOALIGERI
1157 606 1529 652 REPREHENSIONE
1543 591 1830 644 VINDIOATUR.

403 699 579 735 Postremo
596 700 638 735 de
653 699 718 736 hoc
732 696 936 737 Iudaeorum
954 701 1050 747 cyclo
1068 700 1246 747 disputans
1263 699 1420 746 Scaliger
1433 699 1458 736 l.
1471 710 1509 736 11.
1525 698 1568 734 de
1581 698 1726 734 Emend.
1740 710 1775 746 p.
1786 697 1861 741 146.

314 756 548 803 Epiphaniam
563 763 707 792 nostrum
715 784 726 800 ,
741 763 780 792 ut
792 765 824 793 et
838 769 947 792 omnes
962 765 1089 793 veteres
1103 760 1288 804 scriptores
1299 756 1367 791 bac
1378 759 1415 792 c'n
1424 762 1530 803 parte
1546 755 1644 802 (haee
1660 755 1752 792 enim
1766 755 1860 791 illim!

314 814 418 848 verba
435 814 531 859 sunt)
557 815 781 860 neqltqentiae
803 817 904 862 culpa
927 816 1076 850 liberare
1098 827 1133 849 ee
1155 820 1259 860 neqat
1268 826 1377 860 pesse.
1406 813 1477 848 Sed
1498 825 1563 848 nou
1585 810 1713 856 melior,
1735 813 1861 860 inquit,

315 873 720 914 tessaracaedecae'terie,
743 885 842 918 quam
865 884 928 907 non
943 873 1046 907 solum
1061 879 1099 907 nt
1106 872 1252 918 probam
1268 877 1301 905 et
1314 872 1499 916 quitimam
1515 872 1660 906 adducit
1671 871 1760 906 idem
1775 869 1862 916 Epi-

312 927 477 973 phanius,
498 930 560 963 sed
574 928 721 963 Iudaeos
744 941 808 963 non
829 931 937 964 aliam
958 932 1123 964 rationem
1146 931 1182 963 in
1199 940 1288 963 amco
1303 929 1421 963 lunari
1433 930 1531 974 aequa*
1541 926 1627 970 vult,
1647 939 1748 974 quam
1764 928 1863 963 illiue

313 985 509 1020 methodum.
534 985 624 1020 Tum
638 985 823 1032 Epiphanii
833 986 1079 1021 verbisallatis
1095 986 1247 1033 primum
1261 985 1346 1020 illud
1361 983 1594 1031 reprehendit,
1611 984 1704 1031 quod
1715 984 1862 1027 dixerat,

314 1042 350 1076 in
373 1045 442 1076 tres
458 1052 567 1077 annos
590 1042 680 1077 diem
695 1053 806 1077 unum
829 1054 874 1078 ex
895 1042 989 1078 horIs
1006 1043 1027 1078 8
1049 1043 1196 1078 residuis
1215 1042 1391 1089 imputari.
1437 1042 1626 1088 Atfaleum
1641 1043 1724 1083 erit,
1737 1041 1863 1088 inquit,

314 1111 416 1132 unam
433 1104 559 1134 tantum
577 1101 662 1133 diem
672 1106 752 1145 poet
765 1102 940 1134 triennium
955 1112 1169 1142 accrescere,
1187 1111 1259 1134 cum
1271 1100 1506 1145 relinquantur
1511 1105 1592 1145 poet
1601 1100 1780 1133 &ennium
1791 1099 1864 1134 dien

316 1157 390 1198 duo,
403 1155 508 1190 horae
516 1156 568 1197 18,
585 1162 787 1202 quantarum
802 1156 848 1190 24
864 1162 916 1190 eet
927 1162 1036 1199 totum,
1053 1156 1144 1191 aut9
1155 1162 1355 1203 quantarum
1365 1155 1422 1192 12.
1447 1155 1579 1190 Deinde
1592 1154 1684 1202 qnod
1694 1155 1796 1191 annis
1803 1166 1864 1191 ΧΠ

315 1213 452 1257 cyclum
473 1212 667 1256 definierat,
691 1211 756 1248 hoc
778 1213 880 1248 modo
904 1213 1092 1260 redarguit.
1121 1213 1235 1260 Negat
1258 1213 1350 1248 enim
1364 1213 1556 1260 praecisam
1570 1213 1680 1248 ullam
1693 1211 1865 1249 rationem

314 1269 391 1304 fieri
406 1281 520 1315 posse.
554 1270 646 1304 Nam
663 1271 797 1304 Iuliani
812 1273 896 1304 anni
911 1271 983 1305 dies
995 1271 1156 1316 colliqunt
1165 1270 1267 1314 5113,
1283 1269 1388 1305 horae
1399 1269 1464 1304 12.·
1481 1272 1565 1304 anni
1578 1270 1716 1304 lunares
1731 1271 1864 1306 totidem

315 1328 485 1372 simplices
496 1327 602 1363 4956.
629 1328 836 1373 Differ-entia
854 1329 926 1362 dies
939 1327 983 1360 15
987 1327 1020 1370 7,
1037 1327 1094 1363 12.
1120 1328 1173 1362 De
1187 1328 1304 1374 quibus
1319 1328 1574 1363 intes-calaum
1585 1327 1682 1373 pleni
1694 1337 1865 1362 νικῆσαν.

315 1384 502 1418 Remanent
523 1385 594 1418 dees
613 1385 644 1426 7,
663 1384 719 1419 12.
766 1385 844 1419 Iam
865 1383 888 1418 8
905 1384 1010 1419 horae
1031 1386 1260 1430 quaterdeciee
1282 1387 1485 1426 constituunt
1508 1385 1580 1419 dies
1596 1384 1636 1427 4,
1661 1383 1718 1419 16.
1768 1383 1866 1425 Quae

317 1453 443 1475 summa
468 1442 508 1475 de
533 1442 647 1475 diebus
672 1441 703 1483 7,
727 1441 782 1476 12.
809 1443 965 1476 detracta
993 1442 1154 1488 relinquit
1175 1443 1398 1487 differentiam
1423 1453 1526 1477 verae
1549 1441 1817 1478 tessaradeoaet.
1833 1446 1868 1481 et

309 1499 430 1543 salsae
447 1499 519 1532 dies
535 1498 576 1539 2,
594 1497 649 1533 12.
689 1498 782 1533 Haec
799 1497 964 1545 Scaliger.
1000 1498 1040 1533 Iu
1056 1508 1126 1544 qua
1141 1497 1280 1544 quidem
1294 1497 1478 1545 Epiphanii
1491 1497 1757 1544 reprehensione
1772 1508 1866 1534 eum·

315 1566 409 1590 mam
432 1555 582 1601 praefert
605 1554 817 1590 obtrectandi
839 1555 1017 1590 libidinem
1039 1565 1118 1590 cum
1137 1555 1214 1602 pari
1227 1555 1283 1590 vel
1302 1555 1442 1590 inscitia
1455 1556 1512 1591 vel
1533 1554 1703 1602 ἀπροςεξίᾳ
1723 1555 1866 1591 coniun-

317 1616 420 1647 ctam.
444 1612 533 1646 Nam
549 1615 583 1647 et
598 1612 770 1647 immerito
788 1611 1019 1660 Epiphanium
1036 1617 1193 1655 accusat,
1209 1612 1271 1659 qui
1287 1623 1392 1659 quam
1407 1622 1428 1647 a
1442 1611 1578 1648 Iudae'u
1593 1612 1866 1648 noveratobser·

316 1670 389 1704 vari
412 1674 606 1716 temporum
629 1670 816 1713 rationem,
841 1680 919 1705 eam
942 1669 1199 1705 commentariis
1223 1669 1296 1704 suis
1320 1669 1490 1716 exposuit.
1534 1669 1574 1705 In
1594 1680 1664 1716 quo
1684 1668 1774 1711 nihil
1790 1669 1866 1717 ipse

316 1731 447 1774 peccat.
494 1726 614 1772 Neque
630 1738 711 1762 vero
728 1727 863 1772 cyclum
880 1726 987 1771 hunc,
1011 1730 1051 1762 ut
1065 1727 1212 1774 probum
1227 1737 1268 1762 ac
1283 1726 1495 1773 legitimum,
1516 1726 1681 1770 obtrusit,
1701 1726 1795 1773 quod
1809 1734 1866 1762 aa·

316 1783 504 1818 lumniatur
520 1783 687 1830 Scaliger.
718 1783 792 1819 Imo
810 1795 829 1819 e
845 1785 1017 1820 contrario
1031 1784 1194 1820 vitiosum
1208 1782 1317 1819 fuisse
1332 1794 1404 1819 non
1419 1782 1565 1819 obscure
1580 1782 1771 1831 significat,
1787 1794 1866 1821 oum

317 1841 421 1875 biduo
438 1851 459 1875 a
475 1841 682 1876 coelestibus
698 1841 889 1876 neomeniis
906 1842 1084 1877 aberrasse
1101 1840 1215 1884 docet,
1231 1844 1272 1876 ut
1286 1839 1423 1876 abunde
1437 1840 1646 1877 declaratum
1660 1843 1724 1878 est.

407 1897 480 1932 Iam
495 1897 580 1932 illud
596 1898 755 1933 inscitiae
770 1901 806 1933 et
821 1898 959 1944 quidem
980 1898 1123 1934 minime
1138 1898 1312 1945 vulgaris,
1336 1897 1428 1944 quod
1447 1897 1680 1945 Epiphaniam
1699 1909 1744 1934 ne
1766 1897 1866 1935 intel-

316 1954 403 1988 lexit
418 1954 566 2000 quidem.
613 1954 708 1997 Quae
724 1959 777 1990 est
793 1955 886 1990 enim
907 1955 976 1990 ista
996 1954 1234 2002 reprehensio,
1257 1965 1328 1990 non
1350 1965 1455 2002 posse
1479 1965 1524 1990 ex
1544 1953 1638 1990 horis
1659 1959 1754 1999 octo,
1776 1962 1865 2002 que

318 2022 423 2057 supra
438 2010 504 2046 354
521 2011 594 2046 dies
611 2012 758 2058 singulis
774 2012 875 2047 annis
893 2016 1127 2055 accensentur,
1150 2012 1188 2047 in
1209 2017 1279 2048 tree
1303 2022 1414 2048 annes
1436 2011 1527 2047 diem
1547 2010 1689 2055 confici,
1711 2021 1791 2047 eum
1813 2022 1864 2047 re-

318 2069 518 2114 linquantur
534 2071 614 2115 poet-
629 2068 815 2103 triennium
832 2068 903 2103 dies
920 2068 959 2111 2,
976 2067 1048 2104 hor.
1065 2068 1129 2103 18?
1174 2068 1228 2104 An
1245 2072 1322 2104 octo
1345 2072 1398 2104 ter
1415 2068 1646 2115 multiplicate
1661 2067 1705 2103 24
1725 2079 1797 2104 nen
1817 2068 1865 2104 ef·

317 2124 460 2160 ficiunt?
506 2125 611 2171 Atqui
626 2123 691 2160 hoc
708 2125 822 2160 solum
837 2125 948 2160 voluit
962 2124 1189 2172 Epiphanius,
1210 2126 1322 2161 tribus
1343 2125 1444 2161 annis
1466 2124 1646 2161 lunaribus
1661 2123 1753 2172 diem
1772 2135 1865 2162 cem-

319 2189 444 2228 petere.
469 2182 537 2217 Sed
553 2182 640 2217 mira
654 2181 738 2217 haec
754 2181 975 2218 hallucinatio
988 2182 1174 2229 Scaligeri,
1191 2182 1283 2229 quod
1295 2181 1485 2225 triennium
1500 2182 1620 2217 lunare
1635 2192 1716 2218 cum
1730 2182 1864 2219 Iuliane

319 2239 509 2285 comparari
524 2238 675 2275 credidit.
708 2238 796 2275 Nam
813 2239 960 2274 trieteris
976 2239 1111 2275 Iuliana
1126 2238 1199 2275 dies
1214 2238 1319 2275 habet
1338 2238 1438 2282 1095,
1463 2238 1521 2282 18,
1544 2239 1682 2274 lunares
1697 2240 1781 2275 anni
1794 2243 1864 2276 tres

322 2296 497 2343 simplices
516 2294 619 2339 1062,
641 2295 764 2331 additis
786 2300 838 2331 ter
855 2300 932 2332 octo
947 2294 1041 2332 horis
1058 2299 1092 2332 et
1106 2296 1300 2332 intercalari
1314 2296 1416 2343 pleno
1431 2306 1551 2331 mense
1572 2295 1663 2331 fiunt
1680 2295 1782 2340 1093,
1807 2297 1867 2344 qui

321 2354 361 2388 de
378 2353 510 2388 Iuliano
528 2353 676 2388 triennio
693 2352 836 2389 detracti
852 2353 1052 2400 relinquunt
1067 2352 1139 2388 dies
1155 2352 1188 2397 2,
1207 2351 1258 2389 18.
1290 2352 1359 2389 Sed
1373 2351 1439 2389 hoe
1455 2352 1499 2388 ad
1514 2352 1699 2400 Epiphenii
1713 2357 1865 2391 mentem

320 2415 354 2444 et
370 2410 564 2445 institutum
581 2408 666 2445 nihil
682 2410 838 2457 pertinet.
868 2409 945 2446 Non
961 2410 1054 2446 enim
1069 2409 1155 2445 duee
1171 2410 1260 2446 inter
1274 2419 1312 2446 ee
1328 2409 1518 2446 trieterides
1535 2414 1730 2458 comparat,
1745 2411 1807 2447 sed
1821 2411 1865 2448 de

320 2468 431 2503 lunari
454 2467 623 2502 duntaxat
647 2467 793 2503 triennio
817 2467 978 2514 loquitur.
1026 2467 1169 2503 Caetera
1189 2478 1278 2515 quae
1300 2467 1342 2503 de
1364 2466 1448 2503 solie
1464 2466 1609 2515 ὑπεροχῇ
1625 2467 1779 2515 quinque
1792 2468 1864 2505 fere

320 2525 451 2560 dierum
476 2524 609 2566 obiicit,
638 2533 726 2571 quae
749 2525 941 2571 praecisam
965 2524 1134 2561 rationem
1158 2528 1193 2560 et
1215 2521 1476 2559 ἀποκατάστασιν
1498 2525 1760 2562 neomeniarum
1785 2536 1864 2574 pre-

320 2581 475 2623 hibeant,
499 2581 599 2616 facile
615 2592 660 2617 ex
677 2582 720 2617 iis
737 2592 824 2628 quae
841 2584 944 2617 antea
960 2581 1183 2618 disseruimus
1199 2585 1347 2629 possunt
1360 2580 1480 2619 refelli.
1527 2581 1604 2618 Non
1620 2582 1712 2619 enim
1728 2583 1865 2630 cyclum

321 2639 491 2674 duntaxat
506 2648 675 2674 annorum
692 2638 731 2673 14
749 2649 933 2687 usurpasse
950 2638 1094 2675 Iudaeos
1111 2642 1228 2675 censet
1242 2637 1469 2687 Epiphanius,
1486 2638 1598 2675 autin
1614 2650 1654 2675 eo
1671 2640 1865 2687 praecisam

321 2697 500 2742 utriusque
524 2695 645 2731 sideris
669 2695 947 2731 conciliationem
970 2696 1062 2739 fieri,
1087 2695 1148 2731 aed
1170 2695 1206 2732 id
1226 2695 1270 2732 84
1286 2695 1423 2732 demum
1439 2695 1539 2731 annia
1555 2696 1700 2732 evoluti·
1717 2696 1864 2736 obtineri

322 2764 363 2786 ox
384 2752 583 2788 ludaeorum
601 2752 762 2799 opinione
778 2753 903 2790 docuit.
938 2754 980 2788 At
999 2753 1034 2790 in
1058 2752 1402 2789 tessaradecaeteride
1423 2752 1596 2789 lunarium
1618 2753 1788 2790 duntaxat
1807 2764 1863 2802 ey-

323 2810 499 2855 zygiarum
523 2807 784 2845 ἀποκατάστασιν
808 2810 1075 2857 repraesentari,
1098 2810 1280 2846 reservatis
1303 2809 1424 2847 diebus
1440 2821 1472 2853 v,
1501 2820 1589 2856 quae
1615 2814 1698 2846 eunt
1722 2814 1863 2859 epactae

323 2866 477 2907 lunares,
507 2867 539 2901 in
571 2877 701 2902 annum
724 2867 768 2902 84
792 2871 994 2910 exeuntem,
1019 2868 1073 2903 vel
1095 2868 1271 2903 ineuntem
1295 2865 1350 2903 85.
1396 2865 1491 2910 Quae
1515 2867 1631 2903 omnia
1653 2867 1862 2916 perpendere

322 2922 395 2957 eiua
420 2923 579 2958 intererat
602 2925 660 2970 qui
684 2927 745 2960 aut
766 2923 908 2961 alteriue
932 2935 1081 2962 errorem
1104 2933 1248 2973 arguere
1272 2923 1389 2967 vellet,
1416 2927 1476 2959 aut
1503 2924 1750 2962 exletimationi
1777 2935 1862 2961 euae

323 2980 510 3015 conns-ulem.
