2008 3294
1550 165 1718 202 CXXXV

157 274 411 321 Dionysianam
437 273 606 320 epocham
633 272 833 310 summovit.
880 270 950 307 Sed
973 271 1034 318 qui
1056 283 1180 307 xxxrrr.
1205 281 1296 307 anno
1324 281 1470 318 passum
1496 281 1574 306 esse
1595 270 1718 305 volunt

158 331 335 368 Christum
349 331 478 379 Aprilis
493 343 564 373 ιιι,
587 330 625 366 hi
646 331 731 366 luna
746 342 804 368 xv.
826 328 864 365 id
883 327 1052 364 accidisse
1074 332 1227 364 censent.
1272 328 1402 364 Paulus
1423 339 1506 364 vero
1528 328 1613 363 luna
1635 339 1717 370 xiv„

157 400 222 425 nec
237 389 274 424 in
289 389 366 436 ipso
381 386 564 435 paschate,
581 388 654 423 sive
670 388 782 435 primo
798 386 852 423 die
868 396 1089 432 azymorum,
1106 385 1168 420 sed
1184 386 1311 432 pridie,
1327 386 1490 421 videlicet
1503 385 1621 421 Martii
1634 397 1716 421 xxx.

157 446 204 482 At
222 446 334 482 Lucas
358 445 544 488 Gauricus,
569 456 719 492 eumque
742 446 882 480 secutus
905 441 1088 485 Ouufrius,
1111 453 1202 477 anno
1219 455 1339 478 xxxxv.
1363 453 1509 490 passum
1532 442 1718 484 affirmant,

157 515 229 540 non
245 503 385 550 quidem
399 503 483 538 luna
495 514 552 539 xv.
563 529 572 545 ,
589 502 650 538 sed
663 514 762 539 xvm.
774 500 909 544 Martiig
924 499 1091 547 quoniam
1107 499 1254 535 Iudaeos
1271 501 1483 535 arbitrantur
1497 511 1568 535 non
1584 511 1606 534 a
1621 499 1718 534 novi-

157 561 271 603 lunio,
287 559 348 596 sed
364 570 386 595 a
401 560 616 595 corniculata
631 559 749 606 effigie
765 557 966 595 neomenias
982 557 1182 604 auspicatos
1199 568 1287 594 esse.
1314 556 1427 599 Quam
1439 569 1504 592 nos
1518 557 1718 604 opinionem

158 617 380 669 posmodum
396 617 627 653 excutiemus.

247 675 338 712 Nam
358 674 445 711 illud
466 675 580 722 primo
592 674 780 710 videndum
802 672 903 709 nobis
924 674 978 708 est
999 681 1090 718 quae
1110 671 1214 707 fuerit
1237 672 1451 719 temporibus
1470 672 1539 708 illis
1556 672 1648 719 apud
1664 673 1719 707 Iu-

158 733 263 769 daeos
279 732 363 768 anni
377 731 478 768 ratio.
511 731 611 775 Quod
629 732 680 767 illi
695 742 739 767 ne
754 729 999 778 inquirendum
1015 729 1156 776 quidem
1173 729 1305 776 opinati
1321 733 1403 764 sunt
1418 730 1544 776 quibus
1561 731 1719 776 explora-

157 791 332 827 tissimum
348 792 423 826 erat
437 789 584 824 Iudaeos
601 789 646 824 ad
661 800 765 824 usum
778 788 948 824 festorum
963 796 1005 822 ac
1020 786 1218 822 solennium
1240 786 1374 821 medios
1395 787 1498 822 lunae
1522 791 1637 822 motus
1661 787 1718 822 ad·

157 847 328 890 hibuisae;
350 847 401 883 ita
423 850 463 882 ut
482 845 611 893 pascha
632 847 718 882 luna
733 857 806 884 xiv.
823 844 868 881 ad
882 853 1066 891 vesperam
1081 847 1315 890 perageretur,
1340 854 1403 878 nec
1427 844 1496 879 alio
1514 844 1547 878 id
1564 848 1719 890 tempore

157 904 324 941 celebrari
336 904 391 940 fas
407 907 516 946 esset,
538 907 578 939 ut
598 903 636 939 in
652 903 845 939 Annalibus
859 901 1110 938 Ecclesiasticis
1127 912 1160 938 a.
1173 912 1294 936 xxxiv.
1312 912 1407 936 num.
1421 913 1541 937 xxxiv.
1558 902 1718 947 legimus.

157 963 287 998 Verum
302 972 383 997 cum
399 973 444 997 ex
460 961 526 996 hoc
542 971 613 996 uno
629 961 725 997 fonte
740 961 943 996 innumerae
958 959 1038 994 illae
1053 961 1090 993 et
1103 958 1364 994 inextricabiles
1377 959 1633 993 controversiae
1647 959 1719 1005 opi-

156 1019 349 1066 nionesque
371 1021 587 1066 propagatae
609 1018 696 1062 sint,
716 1018 753 1053 in
773 1027 888 1053 arcem
910 1016 1023 1064 ipsam
1045 1015 1261 1063 quaestionis
1282 1015 1516 1051 invadendum
1538 1016 1640 1050 nobis
1657 1021 1719 1058 est,

157 1080 192 1112 et
206 1076 292 1112 illud
306 1077 422 1124 ipsum
438 1075 532 1123 quod
548 1074 730 1122 ἀξιώματος
747 1074 839 1122 apud
859 1074 1048 1111 nonnullos
1072 1074 1188 1109 locum
1214 1073 1347 1109 obtinet
1369 1073 1434 1108 sub
1456 1073 1720 1119 inquisitionem

156 1134 362 1171 vocandum.

157 1237 216 1274 DE
234 1236 345 1273 ANNI
367 1206 537 1272 IUDAIGI
559 1235 716 1273 FORMA
735 1234 865 1279 QUAM
888 1234 976 1272 SUB
1001 1234 1180 1271 CHRISTI
1198 1234 1414 1271 TEMPORA
1434 1233 1719 1270 TENUERUNT.

247 1306 387 1353 Duplex
401 1306 438 1341 in
453 1304 689 1341 Hebraeorum
705 1305 962 1341 commentariis
978 1304 1091 1340 civilis
1114 1304 1198 1340 anni
1218 1304 1307 1339 ratio
1323 1304 1482 1347 traditur,
1504 1308 1652 1351 utraque
1669 1306 1720 1340 lu-

157 1364 270 1406 naris,
295 1363 338 1399 de
361 1373 430 1410 qua
444 1363 562 1399 Moses
577 1361 765 1398 Maimonis
781 1362 820 1399 F.
838 1366 999 1398 accurate
1022 1361 1161 1397 disserit
1180 1366 1279 1409 parte
1294 1362 1409 1409 prima
1425 1361 1502 1404 Iad,
1527 1366 1661 1398 tractat.
1679 1363 1720 1396 de

156 1420 333 1457 Kiddusch
347 1419 570 1456 hakkodesch
585 1422 622 1455 et
636 1419 679 1455 ad
695 1419 843 1456 eundem
858 1422 1045 1455 tractatum
1061 1419 1192 1466 glossa.
1235 1419 1350 1455 Prima
1366 1423 1480 1454 stante
1498 1419 1610 1454 adhuc
1635 1425 1720 1455 tem-

157 1479 215 1525 plo
231 1478 362 1514 usitata
376 1478 459 1522 suit,
476 1488 546 1525 qua
560 1477 763 1513 neomenias
775 1475 841 1512 ἀπὺ
854 1478 910 1522 τῆς
923 1475 1052 1524 φάσεως
1064 1476 1274 1513 indicebant.
1300 1475 1401 1519 Quod
1415 1477 1453 1512 in
1469 1476 1561 1512 hunc
1578 1478 1720 1512 modum

158 1535 275 1572 fiebat.
321 1535 405 1571 Erat
427 1534 521 1582 apud
534 1534 680 1571 Iudaeos
697 1538 763 1594 ΤἿ
780 1535 861 1575 mn,
877 1535 951 1570 sive
968 1533 1146 1581 συνέδριον,
1162 1545 1271 1581 penes
1288 1534 1381 1580 quod
1398 1535 1720 1570 constituendarum

157 1593 420 1630 neomeniarum
434 1595 590 1639 potestas
606 1591 796 1635 residebat,
811 1602 919 1639 quam
936 1594 1094 1653 ΗγἿΞΡ,
1111 1593 1419 1626 determinationem
1434 1595 1570 1627 vocant.
1594 1593 1721 1627 Huius-

157 1650 253 1686 modi
269 1649 418 1697 συνέδρια
432 1649 534 1696 plura
548 1650 584 1685 in
599 1649 797 1685 Palaestina
813 1660 892 1685 cum
915 1652 1047 1692 essent,
1069 1649 1295 1696 praecipuum
1317 1652 1391 1684 erat
1411 1649 1679 1695 Hierosolymis,
1701 1662 1722 1684 a

158 1718 228 1754 quo
251 1710 387 1750 caetera
408 1706 608 1754 penderent.
664 1706 786 1754 Itaque
808 1707 929 1754 glossa
949 1717 1023 1754 cap.
1045 1710 1179 1743 tractat.
1202 1706 1382 1742 Kiddusch
1410 1709 1441 1751 ξ.
1461 1706 1495 1743 8.
1525 1711 1599 1748 Ἷῧθ
1629 1711 1720 1764 T'R'l

157 1759 218 1816 *⁸12
242 1778 358 1818 aar-u
390 1778 740 1833 naemu-miv
764 1778 864 1835 rnna
892 1758 953 1816 4:
982 1776 1223 1832 ι-ῆηνιρπ
1246 1758 1358 1822 -ὶτιν
1388 1756 1484 1822 aba
1577 1780 1720 1830 «πνοῆς

158 1836 306 1895 :epar-t
323 1834 416 1874 tin-i
434 1813 592 1882 abien
609 1813 762 1882 bae-w
779 1836 955 1896 ires-m
971 1835 1075 1891 ηψπ
1098 1835 1180 1873 *na
1201 1813 1263 1881 b:
1285 1836 1415 1874 'ari-⁴22·
1438 1836 1503 1874 ns
1538 1838 1722 1873 wie-:uz

156 1891 275 1936 Neque
296 1903 375 1925 vero
398 1902 457 1925 nos
478 1892 656 1924 innitimur
672 1890 790 1932 alteri,
812 1902 912 1936 quam
936 1892 1123 1936 definitioni
1136 1892 1235 1924 sacri
1256 1902 1445 1932 consentu,-
1462 1893 1618 1936 quoniam
1634 1890 1721 1924 haec

158 1949 312 1983 eolunma
329 1953 379 1982 eet
393 1948 586 1983 decisionis.
619 1948 727 1993 Atqui
748 1947 805 1982 liic
827 1949 901 1994 ipae
925 1959 1098 1982 consessus
1116 1947 1445 1992 Hierosolymitanus
1468 1954 1525 1982 est.
1561 1948 1720 1988 Quando-

156 2006 288 2051 quidem
300 2006 504 2039 consistoria
517 2006 641 2047 omnia,
657 2015 744 2050 quae
755 2007 792 2039 in
804 2005 1010 2040 Israeltttca
1023 2011 1118 2039 terra
1130 2011 1216 2046 curat,
1229 2005 1320 2039 velut
1331 2007 1542 2039 accessiones
1553 2007 1721 2051 quaedam

155 2069 248 2105 eunt,
264 2061 608 2106 Hieromtymieanum
623 2073 703 2096 vero
715 2063 976 2108 fundamentum
993 2068 1052 2096 eat.
1101 2061 1214 2104 Quare
1230 2062 1482 2108 Hierosolymis
1498 2063 1720 2110 potissimum

155 2129 324 2167 responsa
337 2119 554 2166 petebantur.
577 2118 647 2154 Sed
660 2129 780 2154 eversa
790 2119 876 2155 urbe
884 2146 893 2163 ,
910 2119 1076 2166 quamdiu
1088 2119 1207 2154 Iudaei
1223 2119 1258 2154 in
1270 2119 1468 2155 Palaestina
1480 2125 1722 2155 remanserunt

157 2187 198 2212 ac
221 2175 386 2224 συνέδριον
409 2175 540 2212 ibidem
561 2175 772 2219 habuerunt,
797 2187 904 2224 penes
926 2176 1012 2212 illud
1033 2177 1088 2212 ius
1112 2188 1215 2213 omne
1237 2177 1322 2220 fuit,
1345 2188 1527 2224 quousque
1551 2177 1721 2212 Gemarae

156 2234 340 2281 Sapientes
362 2233 553 2277 desierunt,
582 2233 635 2269 uti
656 2244 733 2280 cap.
753 2246 787 2269 v.
811 2236 844 2279 ξ.
862 2245 916 2270 111.
943 2234 1062 2270 Moses
1094 2234 1225 2270 scribit.
1283 2234 1431 2270 Proinde
1466 2235 1524 2281 qui
1557 2235 1722 2269 vixerunt

157 2294 298 2351 emp
321 2270 383 2339 biv
405 2294 520 2332 sem
547 2294 644 2332 ”aa
668 2294 727 2334 w
751 2294 917 2333 snm-n
942 2295 1064 2333 *mr-1
1088 2296 1193 2333 *va-⁴2
1215 2294 1285 2349 7²³
1311 2296 1450 2332 rum
1470 2296 1591 2332 q2:2³²·ae
1617 2297 1721 2332 «κει

156 2351 332 2390 ΕἾἎὯἸΟ
358 2350 434 2390 ἾἿῖἿ
460 2347 543 2389 ’³82
577 2348 622 2382 In
644 2348 760 2382 diebus
779 2348 979 2395 Sapientiam
1002 2349 1114 2384 Miane
1136 2356 1168 2384 et
1186 2349 1386 2395 Sapientiam
1410 2350 1597 2390 Gemarae,
1619 2362 1721 2394 usque

157 2407 207 2440 ad
217 2405 331 2441 Rabbi
342 2404 456 2440 Abaie
468 2411 502 2441 et
510 2405 653 2447 Babba,
667 2406 947 2441 determinatione
959 2406 1183 2441 Israelitis-ae
1196 2413 1310 2440 terrae
1324 2406 1528 2442 nitebantur.
1550 2406 1721 2441 Postremi

157 2462 363 2510 Sapientum
383 2462 496 2498 Misne
518 2462 638 2498 vixere
661 2462 752 2497 circa
773 2466 932 2510 tempora
954 2463 1138 2505 Antonini,
1162 2462 1292 2498 Christi
1308 2473 1382 2498 010:
1416 2466 1453 2497 at
1470 2462 1654 2498 Gemaraei
1677 2464 1720 2498 ad

157 2531 289 2556 annum
304 2519 376 2555 fere
391 2531 440 2563 n„
456 2523 496 2555 ut
509 2519 660 2555 Germen
671 2519 783 2554 David
794 2519 900 2555 fidem
910 2520 1006 2556 facit.
1030 2520 1118 2555 Toto
1133 2519 1240 2566 igitur
1255 2520 1315 2554 illo
1332 2523 1486 2566 tempore
1503 2519 1567 2554 ἀπὸ
1584 2523 1640 2564 τῆς
1658 2520 1720 2567 φά·

158 2589 239 2617 aem<
261 2580 367 2624 atque
386 2587 432 2612 ex
455 2576 638 2612 Israelitici
659 2587 846 2612 consessus
867 2577 1080 2623 praescripto
1096 2577 1299 2612 neomenias
1316 2576 1533 2614 ordinabant.
1566 2577 1720 2620 Quarum

158 2634 298 2680 quidem
313 2633 634 2670 constituendarum
650 2643 692 2668 ea
707 2633 891 2679 disciplina
905 2633 982 2670 fuit.
1015 2633 1124 2668 Veros
1141 2636 1176 2668 et
1191 2636 1374 2668 accuratos
1389 2634 1494 2669 lunae
1509 2638 1645 2678 motus,
1669 2640 1718 2671 at-

160 2701 245 2736 que,
259 2694 301 2726 ut
313 2691 488 2738 loquutur,
512 2693 686 2752 'pff-17¹5:
708 2701 754 2725 ex
773 2690 1016 2726 astronomicis
1031 2690 1161 2725 tabulis
1178 2701 1364 2725 consessus
1380 2691 1438 2727 ille
1454 2692 1719 2738 diligentissime

160 2747 379 2783 scrutabatur
400 2711 673 2796 explorabaique
696 2758 783 2782 num
805 2747 890 2782 luna
913 2758 977 2782 suo
1000 2750 1156 2794 tempore
1172 2747 1356 2783 videndam
1382 2759 1420 2783 se
1446 2749 1643 2795 praeberet,
1667 2751 1719 2785 ni-

161 2803 288 2840 mirum
307 2805 482 2841 tricesima
503 2809 621 2848 nocte,
643 2808 685 2840 ut
706 2804 742 2839 in
766 2814 845 2840 eam
861 2802 955 2850 φάσις
975 2804 1158 2846 incideret,
1182 2803 1255 2839 sive
1277 2805 1392 2851 prima
1413 2807 1589 2850 accensio,
1613 2818 1719 2853 quam

163 2863 282 2901 ,ἾὯἾ
305 2865 441 2899 vocant.
486 2863 536 2898 Ac
560 2862 591 2897 si
613 2861 801 2896 intuendae
821 2861 916 2896 illius
939 2861 1075 2908 copiam
1098 2860 1171 2896 fore
1193 2867 1458 2908 cognoscerent,
1481 2865 1717 2910 speculatores

163 2917 402 2963 apponebant,
415 2919 476 2965 qni
487 2920 605 2954 statim
617 2929 657 2954 ac
668 2922 868 2953 nascentem
882 2918 1001 2953 lunam
1013 2922 1280 2965 prospexerant,
1294 2918 1448 2955 Concilio
1461 2922 1717 2958 renuntiabant.

163 2973 233 3008 Sed
247 2973 285 3008 in
299 2974 440 3011 testium
453 2975 587 3011 delectu
599 2986 740 3011 morosa
751 2986 791 3010 ac
803 2975 1045 3021 superstitiosa
1057 2975 1236 3022 diligentia
1253 2987 1340 3023 opus
1356 2981 1429 3012 erat
1438 3005 1446 3020 ‚
1465 2989 1570 3024 quam
1586 2980 1718 3025 aliquot

163 3030 334 3077 capitibus
349 3030 540 3068 Talmudici
561 3037 700 3070 autores
723 3033 910 3080 explicant.
958 3031 1027 3068 Ubi
1047 3032 1089 3069 de
1111 3033 1246 3070 visione
1267 3039 1491 3079 convenerat,
1512 3039 1589 3072 tum
1609 3036 1718 3083 legati

1757 1254 1783 1279 p.
1799 1247 1855 1272 151.
