2008 3294
1534 181 1748 218 CLXXXIII

194 285 264 323 illis
276 285 386 322 tribus
397 285 526 321 festum
538 285 623 320 illud
638 286 808 328 extiterit,
824 285 922 321 cuins
935 295 1059 320 caussa
1070 284 1226 321 Christus
1238 286 1412 329 ascendit,
1427 296 1542 333 neque
1553 286 1745 332 posteriora

196 342 264 378 duo
279 342 396 378 locum
410 341 488 378 istic
501 341 668 385 habeant,
690 354 831 378 neeesse
847 346 900 378 est
913 341 955 377 de
969 342 1099 388 primo,
1115 341 1180 377 hoc
1197 346 1250 378 est
1264 342 1446 390 paschate,
1466 342 1632 378 Ioannem
1650 343 1744 378 locu-

195 401 281 434 tum.
327 398 426 442 Quod
448 399 541 434 enim
563 410 676 446 neque
697 402 913 446 pentecoste,
935 409 1047 445 neque
1071 400 1280 446 scenopegia.
1302 400 1419 443 fuerit,
1447 405 1652 446 argumento
1680 404 1743 443 est,

195 455 288 503 quod
310 455 477 503 superiori
499 456 611 502 capite
629 455 784 492 Christus
800 457 934 492 dixerat
948 467 1036 492 com.
1049 455 1104 490 35.
1121 459 1269 502 quatuor
1289 468 1433 492 menses·
1443 457 1487 492 ad
1503 468 1652 492 messem
1667 457 1744 492 reli-

195 524 282 560 quos
297 513 416 549 fuisse.
446 513 492 548 At
506 512 591 548 haec
606 524 684 549 meo
701 514 827 550 iudicio
842 513 1019 549 levissima
1033 516 1126 548 sunt.
1164 513 1254 548 Nam
1276 517 1315 548 ut
1331 515 1489 549 omittam
1506 514 1598 560 quod
1612 513 1744 549 Maldo-

193 573 296 607 natus
311 569 504 613 existimat,
525 570 747 618 proverbium
770 569 943 619 quoddam
965 570 1055 606 intes
1069 569 1215 606 Iudaeos
1236 571 1407 606 eiusmodi
1420 576 1612 614 versatum,
1633 570 1744 607 adhuc

192 637 330 662 menses
343 639 379 663 ιν
391 626 435 662 ad
450 638 601 663 messem
617 631 819 675 supersunt;
841 639 920 664 cum
942 625 1029 663 nihil
1041 627 1134 674 quod
1150 631 1289 673 urgeret
1304 639 1381 663 esse
1397 628 1595 674 significare
1607 628 1744 671 vellent,

193 695 255 720 cur
269 683 371 720 fateri
385 683 544 730 cogimur
559 695 668 720 unum
683 685 768 720 illud
787 685 915 720 festum
937 695 956 720 e
978 684 1090 720 tribus
1112 684 1220 720 fuisse
1243 685 1456 720 maioribus?
1503 685 1624 720 Nonne
1647 689 1682 720 et
1699 685 1743 721 ad

192 741 358 777 encaenia
372 741 511 776 venisse
532 740 708 778 Christum
728 745 897 778 testantur
917 742 1099 788 evangelia
1120 744 1156 776 et
1177 742 1328 788 reliquos
1351 743 1396 776 ab
1419 742 1541 777 eodem
1560 742 1745 778 verisimile

192 802 246 833 est
261 797 334 834 dies
350 809 427 834 esse
443 799 660 834 celebratos?
707 798 819 842 Quare
839 799 908 835 nisi
929 798 972 834 ad
986 802 1211 845 pentecosten
1227 809 1308 834 cum
1324 797 1588 844 chrysostomo,
1615 799 1742 845 Cyrillo

190 857 294 902 atque
317 865 362 890 ex
384 855 633 891 recentioribus
654 856 853 892 Maidonato
875 855 1020 902 aliisque
1043 855 1214 902 pertinere
1234 855 1399 898 velimus,
1426 861 1462 891 at
1483 856 1642 901 Phurim,
1670 857 1744 891 sive

191 911 346 947 Sortium
372 911 519 955 festum,
546 913 638 960 quod
659 913 750 948 Adar
772 912 823 949 15.
849 913 1060 948 celebratum
1083 915 1151 955 est,
1172 911 1259 948 nihil
1279 916 1374 947 vetat
1395 913 1553 958 intelligi.
1602 913 1652 948 De
1674 924 1743 959 quo

190 968 322 1004 erudite
337 968 506 1016 Keplerus
520 970 558 1005 in
573 970 723 1016 Eologis.
769 970 844 1006 Iam
865 970 1051 1007 sabbatum
1071 969 1155 1005 illud
1178 969 1445 1016 deuteroproton
1460 973 1540 1016 post
1555 971 1704 1016 primum
1722 981 1743 1004 a

190 1025 363 1072 baptismo
379 1026 508 1073 pascha
523 1027 685 1063 collocari
699 1030 830 1074 potest,
846 1030 884 1062 ut
895 1030 930 1062 et
939 1026 1107 1074 Keplerus
1118 1026 1248 1062 ibidem
1269 1030 1304 1062 et
1325 1038 1389 1062 nos
1407 1027 1476 1073 ipsi
1486 1027 1633 1062 subinde
1644 1038 1742 1062 mon-

189 1083 389 1120 strabimus.
437 1083 553 1119 Unum
573 1087 731 1131 superest
753 1075 845 1131 quod
867 1094 911 1119 ex
931 1082 1107 1119 Kemnitio
1130 1084 1293 1131 proponit
1314 1083 1539 1130 dissolvitque
1562 1084 1741 1130 Keplerus.

188 1139 327 1175 Etenim
343 1138 501 1176 Christus
515 1141 808 1188 praedicationem
824 1151 971 1176 exorsus
991 1145 1044 1176 est
1063 1144 1249 1188 postquam
1270 1141 1416 1177 Ioannes
1439 1141 1475 1176 in
1497 1151 1669 1176 carcerem
1690 1145 1743 1176 est

189 1197 335 1239 missus,
351 1196 475 1233 Matth.
487 1210 534 1240 rv,
554 1197 618 1241 12„
632 1198 737 1234 Marc.
750 1211 780 1241 1,
800 1197 850 1233 14.
883 1197 1068 1234 Coniectus
1091 1202 1206 1233 autem
1228 1202 1281 1233 est
1297 1198 1333 1233 in
1349 1198 1487 1233 vincula
1501 1198 1648 1234 Ioannes
1664 1202 1744 1244 post

188 1253 319 1301 pascha
333 1254 495 1301 primum.
519 1254 608 1290 Nam
623 1266 664 1291 eo
677 1255 849 1290 celebrato
861 1254 1008 1290 Ioannes
1022 1255 1194 1302 baptizare
1209 1255 1334 1302 pergit,
1350 1255 1532 1297 Ioann.rx=,
1549 1254 1602 1290 23.
1628 1254 1741 1296 Quare

189 1311 374 1347 sabbatum
387 1310 503 1347 Lucae
518 1311 784 1359 deuteroproton
805 1318 840 1348 et
861 1312 918 1348 ille
939 1323 1000 1359 per
1015 1315 1154 1359 segetes
1170 1313 1329 1348 incessus
1345 1324 1416 1348 non
1431 1316 1547 1359 potest
1558 1312 1669 1358 primo
1682 1322 1741 1358 pa-

189 1367 300 1404 schati
316 1368 459 1412 subiici3
481 1369 563 1415 quia
577 1368 796 1412 iamdudum,
820 1380 899 1404 cum
920 1367 1005 1405 haec
1021 1373 1216 1416 agerentur,
1232 1369 1432 1416 praedicare
1448 1368 1605 1405 Christus
1621 1380 1741 1416 coepe-

188 1429 251 1460 rat.
282 1425 336 1461 Ex
353 1436 421 1472 quo
437 1426 592 1472 sequitur
607 1439 643 1462 iv
659 1427 784 1462 saltem
800 1426 879 1462 elici
893 1425 1077 1474 paschata,
1092 1430 1131 1462 ut
1146 1427 1250 1473 paulo
1266 1431 1346 1462 ante
1363 1426 1624 1474 disputavimus.

279 1482 409 1518 Verum
424 1493 494 1518 non
510 1486 590 1518 ante
605 1483 744 1519 Ioannis
760 1493 931 1519 carcerem
946 1483 1167 1530 praedicandi
1182 1495 1310 1519 munus
1327 1484 1483 1530 attigisse
1499 1483 1685 1527 Christum,
1702 1495 1742 1518 ac

189 1542 286 1575 tanto
307 1542 463 1586 tempore
486 1540 638 1576 otiosum
657 1551 699 1576 ac
719 1540 874 1576 desidem
896 1540 1021 1583 fuisse,
1041 1541 1292 1588 perabsurdum
1313 1541 1459 1576 videtur.
1504 1541 1548 1576 Et
1574 1542 1605 1576 si
1624 1551 1744 1576 verum
1778 1561 1806 1587 p,
1819 1553 1877 1580 ποτ.

188 1596 290 1632 fateri
305 1596 466 1632 volumus
481 1596 661 1633 Nicodemi
674 1598 734 1632 illa
751 1609 829 1633 cum
846 1597 982 1634 Christo
998 1598 1198 1644 congressio
1221 1598 1365 1645 eiusque
1381 1599 1487 1634 verba
1502 1598 1584 1633 ista:
1611 1597 1744 1632 Scimus

189 1656 270 1700 quia
286 1667 308 1688 a
326 1654 386 1689 deo
402 1656 524 1689 venisti
538 1657 717 1700 moysem-,-
734 1667 826 1690 nemo
842 1658 928 1690 enim
938 1660 1050 1702 potest
1061 1655 1148 1690 haec
1163 1658 1394 1701 siquasacere
1405 1667 1492 1701 quae
1507 1658 1659 1701 tusae-is,
1677 1658 1744 1689 nisi

181 1713 296 1757 suerit
309 1711 391 1746 deus
406 1722 480 1745 cum
497 1723 549 1754 eo,
573 1715 651 1747 tum
673 1722 762 1758 quae
783 1712 952 1759 superiori
966 1713 1079 1760 capite
1094 1716 1278 1748 narrantur
1295 1712 1336 1747 de
1352 1713 1472 1748 multis
1487 1712 1523 1747 in
1539 1712 1654 1759 ipsum
1671 1723 1742 1747 cre·

189 1767 366 1810 dentibus,
387 1767 606 1815 praedicasse
626 1769 697 1804 iam
721 1769 893 1804 Christum
917 1773 952 1804 et
972 1769 1016 1804 ad
1037 1769 1204 1816 populum
1226 1769 1350 1804 fecisse
1369 1769 1475 1804 verba
1496 1769 1742 1804 demonstrant.

187 1824 284 1860 Adde
299 1823 354 1860 his
371 1824 489 1860 omnia
503 1836 593 1872 quae
609 1830 689 1861 ante
705 1826 860 1861 vinctum
874 1826 1042 1862 Ioannem
1057 1837 1079 1861 a
1095 1825 1234 1861 Christo
1250 1826 1340 1861 dicta
1354 1826 1516 1873 factaque
1532 1827 1657 1862 caeteri
1673 1831 1742 1861 tres

189 1881 322 1928 aliquot
344 1881 514 1928 capitibus
539 1883 712 1930 complexi
735 1887 828 1918 sunt.
874 1882 965 1926 Quin
987 1887 1023 1918 et
1042 1882 1164 1918 Petrus
1186 1883 1262 1919 Act.
1285 1895 1307 1919 ι.
1331 1894 1352 1918 a
1373 1883 1545 1930 baptismo
1568 1883 1742 1918 Christum

190 1938 345 1985 coepisse
360 1941 516 1974 testatur.
558 1939 655 1975 Idem
670 1939 794 1975 Euseb.
810 1940 870 1975 lib.
883 1953 908 1976 1.
924 1951 1000 1987 cap.
1014 1952 1048 1975 x.
1065 1944 1100 1975 et
1114 1939 1179 1976 hoc
1195 1941 1271 1975 loco
1288 1940 1388 1975 docet
1403 1939 1628 1987 Epiphanius.
1674 1941 1742 1976 Ire-

188 2006 296 2031 naeus
312 1995 404 2031 enim
419 2007 502 2032 xxx.
515 2006 606 2032 anno
619 1997 833 2043 baptizatum
847 2001 963 2044 putat,
980 2000 1110 2044 etpost
1124 1998 1256 2044 aliquot
1272 2008 1382 2033 annos
1398 2008 1479 2033 cum
1494 1998 1565 2032 iam
1580 1997 1741 2033 idoneam

188 2053 232 2088 ad
248 2051 440 2088 docendum
455 2056 602 2088 aetatem
619 2056 711 2089 esset
726 2054 887 2100 adeptus,
909 2054 1080 2090 triennem
1100 2054 1393 2102 praedicationem
1414 2053 1605 2090 inchoasse.
1652 2054 1741 2090 Nam

187 2109 280 2157 quod
295 2109 339 2144 ad
350 2108 518 2157 Epiphan.
533 2110 670 2154 attinet,
693 2122 798 2157 supra
820 2122 914 2147 num.
928 2123 1024 2146 xxxv.
1039 2111 1204 2158 postridie
1220 2112 1294 2146 eius
1310 2111 1377 2147 diei
1393 2123 1462 2158 quo
1479 2112 1672 2158 baptizatus
1689 2115 1740 2146 est

185 2165 477 2214 praedicationem
491 2167 587 2202 illam
604 2169 802 2215 occoepisse
818 2168 902 2204 dicit
916 2179 1005 2215 quae
1022 2168 1066 2204 ad
1081 2167 1224 2203 ἐνιαυτὸν
1242 2168 1355 2202 δεκτὸν
1369 2168 1525 2204 refertur.
1572 2169 1659 2211 Quid
1675 2169 1739 2213 igi-

186 2227 243 2259 tur
258 2223 481 2270 evangelistis
495 2223 565 2260 illis
579 2224 765 2269 faciemus,
781 2226 842 2272 qui
856 2226 1010 2262 coniecto
1027 2226 1166 2262 demum
1181 2226 1218 2261 in
1234 2237 1407 2261 carcerem
1422 2225 1550 2260 Ioanne
1567 2225 1738 2260 Christum

187 2283 331 2316 narrant
350 2281 548 2327 praedicare
570 2282 750 2328 coepisse?
794 2282 942 2330 Keplero
958 2283 1074 2318 visum
1096 2287 1150 2319 est
1170 2284 1371 2318 traiectione
1387 2283 1545 2318 versiculi
1561 2282 1663 2316 unius
1679 2292 1737 2316 ne-

187 2337 324 2384 gotium
337 2348 441 2385 posse
457 2338 591 2374 confici.
622 2338 712 2374 Nam
729 2339 759 2374 si
773 2340 895 2375 Matth.
909 2353 956 2375 iv.
971 2351 1059 2376 vers.
1075 2340 1138 2383 12„
1161 2353 1233 2375 cum
1251 2347 1360 2375 autem
1377 2341 1527 2374 audisset
1541 2339 1636 2372 Iesus
1651 2340 1739 2384 quod

188 2395 336 2430 Ioannes
351 2396 499 2430 eraditus
513 2402 611 2437 esset,
629 2398 767 2430 secessit
780 2399 816 2431 in
835 2397 1046 2440 Cumaeam,
1062 2398 1146 2432 item
1160 2398 1266 2432 Marc.
1280 2410 1303 2432 1.
1321 2397 1351 2432 si
1367 2406 1502 2431 comma
1517 2395 1568 2429 14.
1585 2395 1653 2429 alio
1670 2398 1737 2430 tra-

185 2451 302 2495 iioias,
323 2452 531 2488 narrationis
554 2452 710 2488 ordinem
731 2453 910 2499 aptissime
931 2457 1107 2490 contexes.
1153 2454 1240 2490 Mihi
1255 2465 1336 2488 vero
1359 2453 1443 2487 haec
1459 2451 1561 2486 unius
1575 2452 1737 2488 versiculi

186 2508 342 2544 traiectio
357 2509 511 2545 violenta
532 2520 616 2544 sane
638 2509 783 2545 videtur.
827 2509 922 2545 Nihil
943 2511 1037 2546 enim
1061 2511 1187 2546 clarius
1210 2514 1263 2545 est
1285 2521 1389 2556 quam
1406 2519 1493 2554 quae
1509 2508 1737 2544 subiiciuntur

188 2565 352 2601 cumillis
367 2565 453 2613 ipsis
469 2566 650 2602 versiculis
666 2577 743 2602 esse
759 2577 929 2604 connexa.
975 2567 1092 2603 Satius
1115 2571 1167 2603 est
1187 2568 1292 2613 igitur
1308 2565 1488 2601 commoda
1503 2565 1619 2611 aliqua
1633 2566 1746 2600 inter-⁴

187 2622 378 2669 pretatione
392 2623 567 2659 loci-illius
581 2623 777 2658 difficultati
787 2623 974 2661 consulere.
998 2624 1071 2659 Hoc
1084 2635 1164 2659 vero
1177 2623 1336 2670 perfacile
1352 2626 1414 2657 est.
1438 2621 1527 2656 Nam
1538 2621 1734 2658 Matthaeus

189 2682 225 2714 et
236 2679 376 2715 nuens
391 2691 615 2727 nequaquam
630 2679 716 2715 illud
731 2679 872 2723 docent,
895 2679 1070 2715 Christum
1090 2685 1172 2715 tunc
1194 2680 1322 2721 solum,
1346 2690 1424 2713 cum
1447 2679 1594 2714 Ioannes
1609 2680 1646 2715 in
1661 2681 1734 2715 vin-

189 2735 270 2770 cula
282 2736 411 2772 missus
426 2741 496 2780 est,
518 2737 717 2784 praedicare
738 2737 775 2772 in
795 2737 979 2783 populum,
1000 2736 1066 2772 hoc
1086 2740 1138 2772 est
1159 2736 1294 2782 publice
1310 2736 1415 2770 verba
1435 2735 1547 2771 facere
1562 2738 1733 2783 coepisse;

191 2792 284 2838 quod
298 2803 343 2828 ex
357 2793 426 2829 illis
440 2794 526 2840 ipsis
543 2794 766 2840 evangelistis
781 2793 910 2828 falsum
926 2804 1002 2828 esse
1018 2796 1238 2828 monstratur.
1271 2792 1340 2827 Sed
1354 2792 1408 2827 hic
1425 2803 1548 2828 sensus
1564 2796 1632 2836 est,
1655 2798 1734 2840 post

191 2852 330 2896 captum
342 2849 509 2886 Ioannem
523 2862 654 2886 novum
669 2852 764 2885 velut
779 2851 916 2886 initium
931 2850 1150 2897 praedicandi
1164 2849 1303 2892 fecisse,
1325 2860 1366 2884 ac
1390 2861 1469 2884 cum
1489 2851 1679 2886 accuratius
1695 2852 1732 2885 in

189 2906 276 2941 illud
285 2906 465 2952 negotium
474 2908 685 2951 incubuisse,
700 2911 775 2942 tum
787 2918 868 2942 vero
880 2907 1058 2953 speciatim
1069 2907 1154 2942 illud
1165 2907 1366 2950 inculcasse,
1379 2910 1617 2954 poenitentiam
1630 2911 1732 2953 ayite,

193 2965 445 3009 appropinquat
454 2967 537 2999 enim
551 2977 688 3010 reqnum
701 2965 874 2999 coelorum.
896 2963 1096 2998 Cuiusmodi
1107 2962 1378 2999 cohortationem
1388 2964 1444 2999 vel
1455 2965 1608 3000 nondum
1620 2969 1732 3007 antea,

192 3019 248 3054 vel
262 3019 376 3054 minus
393 3020 509 3056 crebro
525 3032 566 3056 ac
581 3021 800 3056 vehementer
816 3023 1012 3067 usurparat,
1034 3020 1126 3066 quod
1147 3031 1224 3055 eam
1244 3020 1311 3055 sibi
1324 3021 1471 3057 Ioannes
1485 3021 1732 3068 praedicandae
