2008 3294
1542 214 1698 252 LXXXI

230 322 292 361 Καὶ
307 321 475 368 Κλεόβιον,
493 320 595 356 εἵτουν
612 321 849 368 Κλεόβουλον.]
890 321 1048 367 Ignatius
1062 321 1107 356 ad
1122 321 1334 356 Trallianos:
1352 320 1497 367 Φεύγετε
1513 319 1567 355 καὶ
1583 318 1624 353 τὰ
1640 322 1698 353 τοῦ

140 381 286 425 πονηροῦ
302 376 433 426 ἔγγονα,
450 377 614 414 Θεόδοτον
627 379 681 414 καὶ
693 377 900 424 Κλεόβουλον
917 376 958 412 τὰ
970 379 1134 423 γεννῶντα
1146 378 1272 424 καρπὸν
1285 377 1521 424 θανατηφόρον.
1546 376 1614 412 Ubi
1627 388 1700 412 non

137 435 387 473 Nicolaitarum
401 436 610 483 propagines
624 437 712 472 istos
726 436 835 473 fuisse
850 434 966 477 docet,
991 437 1029 469 ut
1050 439 1102 468 est
1117 435 1154 469 in
1169 435 1311 478 Annal.‚
1329 434 1392 469 sed
1407 437 1467 469 τοῦ
1482 436 1627 480 πονηροῦ
1645 431 1699 480 ἔγ-

139 504 239 539 γονα,
261 491 327 528 hon
348 496 402 528 est
423 492 603 528 daemonis
625 493 752 530 foetus.
790 491 961 539 Imposuit
975 491 1165 527 Annalium
1180 491 1340 538 scriptori
1357 490 1501 527 Latinus
1516 491 1698 537 Interpres‚

138 550 200 595 qui
214 549 263 586 ita
277 549 404 586 reddit:
421 549 546 594 Fuqite
556 553 715 596 perversi
729 551 981 595 illine-nepotes.

229 606 342 653 Δημὸἰν
359 605 414 640 καὶ
430 605 658 652 Ἑρμογένην]
703 606 938 642 Theodoretus
954 604 998 640 ad
1014 617 1052 641 11.
1071 604 1160 640 Tim.
1178 615 1206 639 c.
1222 605 1254 640 4.
1272 605 1420 640 eundem
1436 605 1536 641 illum
1551 605 1699 641 Damam

139 674 215 698 esse
239 666 340 710 putat
361 663 422 709 qui
448 662 512 709 Ep.
530 663 574 698 ad
595 663 740 699 Philem.
756 667 793 703 et
806 663 940 699 Coloss.
950 662 983 700 4.
1001 661 1172 703 laudatur,
1197 662 1324 707 quique
1347 663 1527 698 saeculum
1550 662 1698 708 diligens

137 719 256 756 relicto
272 719 381 756 Paulo
399 719 568 756 discessit.
601 720 671 755 Sed
685 724 819 756 mutato
836 719 981 757 consilio
997 719 1042 756 ad
1057 718 1206 754 Paulum
1219 719 1404 754 revertisse
1420 719 1561 765 quidam
1578 719 1699 755 existi-

137 780 244 812 mant.
269 775 444 823 Ohrysost.
458 787 539 812 vero
555 781 635 823 post
650 777 877 813 honorificam
891 777 989 811 illam
1005 775 1046 810 de
1063 786 1103 810 eo
1121 776 1333 810 mentionem
1349 787 1369 810 a
1381 776 1488 811 Paulo
1502 777 1698 812 seiunctum

137 843 214 868 esse
235 836 350 880 putat:
375 837 415 869 ut
434 834 494 868 illa
516 834 560 868 ad
578 833 724 871 Philem.
741 838 821 871 ante
835 833 937 871 mad
951 831 1103 868 Timoth.
1122 833 1252 879 scripta
1274 833 1330 869 sit.
1379 832 1469 868 Fieri
1492 838 1622 879 potest,
1647 834 1699 869 uti

137 889 204 927 duo
229 890 388 927 eiusdem
406 891 558 926 nominis
574 891 704 926 Demae
724 882 863 929 fuerint.
893 889 996 936 Apud
1009 889 1123 936 Ignat.
1140 889 1203 936 Ep.
1220 889 1264 924 ad
1279 881 1480 937 Magnesios
1497 891 1698 926 nominatur

135 946 266 984 Damas
281 947 546 1015 Magnesiorum
562 948 756 996 episcopus.

229 1003 335 1045 Εὐθυς
343 1003 387 1041 ’δὲ
403 1004 484 1051 μετὰ
501 1016 557 1039 τον
574 1004 771 1050 Matonem]
791 1005 848 1041 Ex
865 1014 972 1052 prava
983 1003 1140 1042 Ceruarii
1154 980 1437 1050 interpretatione
1454 1008 1516 1039 aut
1530 1005 1621 1040 falsa
1637 1009 1699 1040 aut

137 1036 243 1096 dubia
266 1072 311 1097 ex
331 1060 386 1096 his
403 1061 516 1096 verbis
538 1061 683 1097 historia
706 1062 896 1108 colligitur,
919 1061 1055 1099 iussum
1077 1071 1099 1096 a
1112 1061 1215 1097 Petro
1231 1061 1390 1097 Marcum
1411 1060 1593 1097 historiam
1617 1063 1698 1098 scri-

135 1117 260 1164 psisse.
282 1117 341 1155 sic
354 1118 448 1154 enim
460 1118 662 1155 Cornarius:
678 1119 762 1155 Post
772 1117 986 1155 Matthaeum
999 1123 1140 1154 secutus
1153 1122 1207 1154 est
1218 1118 1359 1154 Marcus
1367 1145 1376 1163 ‚
1391 1118 1508 1154 iussus
1520 1130 1541 1154 a
1554 1119 1588 1154 S.
1597 1118 1697 1154 Petro

135 1174 268 1211 Romae
281 1176 502 1222 evangelium
514 1175 625 1212 edere.
648 1175 814 1211 Neutrum
828 1174 952 1211 horum
965 1175 1047 1210 dicit
1059 1174 1182 1222 Epiph.
1196 1179 1256 1211 aut
1266 1175 1358 1211 Petn'
1370 1176 1480 1218 iussu,
1493 1181 1554 1210 aut
1565 1175 1698 1211 Romae

136 1232 316 1278 scripsisse
331 1233 500 1269 Marcum.
536 1232 607 1268 Sed
620 1231 686 1269 hoc
701 1236 856 1275 tanturn,
876 1232 1040 1268 comitem
1060 1233 1160 1268 illum
1183 1231 1315 1269 Romae
1335 1232 1444 1268 fuisse
1459 1232 1553 1268 Petri
1580 1237 1615 1268 et
1630 1231 1698 1267 ἐπι-

135 1288 307 1335 τρέπεσθαι
321 1288 360 1324 τὸ
377 1288 569 1336 εὐαγγέλιον
585 1287 742 1325 ἐκθέσθαι.
765 1289 797 1325 Δ
811 1292 987 1336 quonam?
1018 1289 1049 1324 A
1064 1289 1188 1336 spiritu
1203 1295 1337 1325 sancto.
1359 1290 1473 1325 luscio
1489 1290 1583 1325 enim
1595 1290 1697 1326 Petro

135 1345 180 1382 ad
195 1345 422 1384 scribendum
442 1356 632 1393 aggressus
654 1350 721 1390 est,
745 1345 912 1384 Romanis
934 1346 971 1383 id
993 1346 1038 1382 ab
1061 1346 1136 1392 ipso
1159 1347 1434 1393 postulantibus,
1459 1351 1498 1381 ut
1520 1352 1621 1383 antor
1644 1351 1699 1383 est

134 1402 275 1456 Hieron.
290 1403 350 1440 lib.
368 1403 411 1439 de
426 1403 552 1450 Script.
568 1403 701 1440 Eccles.
719 1407 755 1439 et
768 1403 894 1440 Euseb.
916 1403 939 1439 l.
956 1415 994 1440 11.
1017 1414 1046 1438 c.
1062 1415 1133 1439 xrv.
1165 1402 1264 1446 Quod
1288 1414 1369 1439 cum
1390 1403 1544 1439 audisset
1562 1403 1696 1447 Petrus,

136 1459 229 1506 quod
243 1459 378 1497 factum
393 1465 467 1496 erat
481 1461 696 1508 approbavit.
735 1460 868 1496 Romae
883 1471 985 1508 porro
1002 1460 1182 1507 scripsisse
1197 1460 1386 1497 verisimile
1408 1465 1476 1496 est:
1501 1460 1542 1496 de
1568 1472 1636 1508 quo
1659 1462 1697 1497 in

134 1516 226 1553 Ann-
240 1518 341 1564 plura
357 1516 485 1555 Barou.
501 1518 542 1553 A.
559 1529 639 1555 ιω.
661 1529 696 1554 n.
714 1517 768 1554 29.

227 1569 333 1615 Οὗτος
350 1573 386 1608 δὲ
402 1570 444 1615 εἷς
460 1573 664 1622 stanam]
693 1574 865 1611 Dissentit
883 1574 1008 1622 Papias
1031 1575 1124 1621 apud
1143 1575 1271 1612 Euseb.
1289 1579 1324 1611 et
1339 1574 1515 1611 Christum
1537 1586 1559 1610 a
1576 1575 1696 1612 Marco

134 1634 242 1677 negat
259 1631 428 1667 auditum.
455 1631 584 1668 Hieron
598 1632 636 1667 in
651 1631 763 1668 Praef.
781 1631 826 1667 ad
849 1643 971 1678 evang.
987 1632 1099 1668 Marci
1118 1632 1265 1668 eundem
1286 1633 1335 1667 ait
1350 1632 1544 1668 Leviticum
1566 1643 1696 1679 genere

137 1691 171 1723 et
186 1688 403 1725 sacerdotem
418 1688 537 1725 fuisso.
569 1688 638 1724 Sed
651 1688 743 1725 falso
759 1687 814 1724 hic
829 1689 917 1725 liber
931 1689 1071 1726 Hieron.
1087 1690 1261 1726 tribuitur.
1289 1688 1388 1731 Quod
1403 1693 1520 1725 autem
1537 1694 1698 1725 asserunt

134 1745 310 1791 nonnulli,
325 1745 483 1782 Marcum
497 1757 570 1781 non
585 1745 714 1781 vidisse
729 1746 927 1789 dominum,
950 1746 1074 1782 viderit
1087 1757 1197 1782 necne
1212 1745 1299 1781 nihil
1314 1745 1465 1782 affirmo:
1490 1746 1605 1782 videre
1622 1748 1695 1794 qui-

135 1802 214 1839 dem
237 1802 394 1849 potuisse
415 1806 610 1849 temporum
633 1803 710 1850 ipsa
731 1803 819 1838 ratio
835 1803 1031 1850 persuadet.
1071 1803 1192 1849 Neque
1216 1814 1296 1839 vero
1320 1803 1518 1839 damnanda
1541 1808 1595 1839 est
1615 1804 1695 1851 Epi·

133 1858 257 1907 phanii
271 1860 462 1903 sententia,
478 1859 561 1895 dum
576 1860 676 1895 illum
691 1870 710 1894 e
721 1871 830 1896 um.
845 1859 1096 1907 discipulorum
1107 1871 1252 1896 numero
1262 1860 1373 1896 fuisse
1385 1867 1518 1903 narrat,
1534 1861 1598 1896 etsi
1613 1871 1695 1896 con-

135 1916 280 1961 trarium
295 1917 355 1953 alii
369 1916 488 1955 Patres
508 1917 672 1953 sentiant.

223 1972 266 2011 N.
284 1986 346 2010 vu.
378 1972 436 2014 Ὦς
453 1968 532 2007 εἶναι
547 1971 604 2007 τὸν
621 1972 727 2008 πάντα
743 1974 892 2020 χρόνον.]
925 1974 1076 2020 Tempus
1092 1974 1223 2020 ipsum,
1246 1986 1315 2021 quo
1335 1974 1484 2010 Ioannes
1509 1979 1694 2022 conceptus

135 2042 175 2067 ac
191 2035 295 2068 natus
312 2034 380 2075 est,
402 2035 438 2066 et
457 2031 659 2067 incarnatus
675 2034 780 2077 atque
796 2031 831 2066 in
848 2031 962 2067 lucem
979 2031 1092 2067 editus
1108 2029 1283 2074 Christus,
1306 2030 1419 2067 Lucas
1437 2033 1694 2078 complectitur;

135 2087 227 2135 quod
242 2092 380 2135 tempus
395 2088 569 2124 mensium
585 2091 638 2125 est
653 2087 725 2129 fere
741 2100 797 2123 xv.

223 2145 265 2182 N.
282 2157 358 2182 vm.
390 2144 452 2180 Καὶ
468 2142 761 2190 Φιλοσαββάτιος]
790 2145 842 2181 De
857 2145 923 2181 hoc
939 2144 1027 2181 nihil
1040 2144 1208 2181 hactenus
1223 2147 1306 2192 legi.
1725 2169 1752 2195 p,
1771 2162 1812 2188 39,

223 2202 266 2239 N.
282 2215 332 2241 rx.
357 2199 473 2237 Ἔνθεν
490 2201 549 2236 τίνι
565 2200 604 2235 οὖ
621 2204 794 2248 pavetne]
823 2202 978 2239 Tametsi
993 2202 1079 2239 nihil
1093 2214 1140 2239 ex
1157 2204 1340 2250 evangelio
1361 2203 1402 2239 de
1426 2204 1613 2250 Magorum
1635 2203 1694 2239 ad·

133 2263 258 2296 ventus
272 2263 430 2306 tempore
444 2258 575 2306 liquido
591 2259 703 2304 possit
722 2259 888 2306 exprimi,
910 2260 1123 2306 probabilior
1145 2266 1262 2296 tamen
1285 2266 1338 2296 est
1362 2261 1557 2296 communis
1581 2272 1621 2296 ac
1642 2272 1694 2295 re-

135 2320 234 2364 cepta
248 2317 437 2359 sententia,
453 2327 559 2363 quam
574 2316 634 2351 illa
650 2326 695 2351 ex
706 2315 892 2363 Epiphanii
903 2327 943 2352 ac
955 2316 1096 2352 Eusebii
1109 2316 1287 2362 Chronicis
1300 2317 1443 2368 hausta,
1459 2318 1598 2353 biennio
1615 2322 1695 2364 post

135 2373 313 2411 Christum
325 2374 363 2409 in
376 2373 492 2411 lucem
508 2373 639 2408 editum
654 2373 780 2419 Magos
797 2373 990 2414 advenisse.
1023 2373 1123 2418 Quod
1146 2386 1191 2410 ex
1212 2375 1281 2410 illis
1302 2373 1471 2410 Matthaei
1486 2375 1600 2409 verbis
1625 2375 1693 2410 col-

133 2431 197 2477 ligi
212 2431 396 2478 putabaut,
420 2429 545 2476 quibus
566 2427 737 2464 Herodem
752 2434 871 2465 narrat
888 2443 911 2464 α
927 2431 1054 2465 bimatu
1071 2439 1103 2466 et
1116 2434 1214 2473 infra
1224 2444 1352 2477 pueros
1375 2433 1556 2473 occidisse,
1578 2443 1694 2467 secuu-

135 2489 212 2525 dum
228 2494 355 2534 tempus
369 2489 457 2534 quod
470 2490 679 2533 exquisierat
693 2499 716 2520 a
732 2486 860 2531 Μαρία.
891 2486 961 2522 Sed
975 2486 1067 2523 hunc
1089 2488 1222 2523 nodum
1242 2487 1446 2534 iampridem
1464 2487 1695 2524 dissolverunt

134 2545 258 2584 eruditi
273 2555 452 2581 sacrarum
464 2544 644 2581 literarum
662 2543 878 2589 interpretes.

225 2601 286 2637 Καὶ
301 2599 444 2647 ἀνάγκην
459 2598 558 2647 ἔσχον
577 2599 606 2635 οἵ
622 2599 926 2647 διεσκορπισμένα]
973 2600 1149 2644 Quantum
1171 2601 1279 2636 verba
1300 2602 1377 2647 ipsa
1400 2612 1482 2648 prae
1506 2613 1544 2638 se
1566 2602 1692 2646 ferunt,

133 2658 286 2702 indicare
298 2658 433 2695 videtur
447 2658 593 2694 Iudaeos
610 2658 764 2704 quolibet
779 2660 949 2692 terrarum
961 2657 1135 2704 dispersos
1150 2658 1187 2693 in
1198 2657 1432 2693 Palaestinam
1448 2663 1588 2695 coactos
1604 2670 1690 2695 esse.

135 2715 205 2751 Sed
220 2715 399 2753 commode
414 2715 501 2751 haec
516 2714 716 2761 accipienda
730 2717 829 2756 sunt,
845 2717 885 2749 ut
899 2713 941 2748 de
956 2714 999 2749 iis
1014 2715 1175 2760 loquatur
1189 2715 1251 2760 qui
1271 2715 1307 2749 in
1322 2714 1519 2750 Palaestina
1538 2716 1616 2762 ipsa
1636 2717 1692 2751 vel

135 2772 238 2818 Syria
260 2772 435 2819 degerent.
477 2771 597 2819 Neque
613 2772 706 2806 enim
722 2774 805 2817 puto
821 2771 859 2806 in
881 2770 982 2807 Italia
996 2771 1051 2806 vel
1074 2770 1220 2806 Graecia
1241 2775 1302 2806 aut
1321 2773 1482 2819 Aegypto
1504 2773 1610 2808 etiam
1629 2772 1690 2808 ha-

134 2829 300 2872 bitarent,
316 2829 400 2868 alibi
414 2839 520 2877 quam
535 2829 602 2871 ibi,
617 2829 678 2864 ubi
693 2831 808 2871 erant,
822 2827 932 2862 fuisse
947 2838 1082 2863 censos.

225 2884 421 2933 Ἐρχόμενοι
436 2885 516 2932 δὲμ
505 2884 550 2925 ὡς
567 2883 647 2919 εἰπεῖ
649 2886 692 2928 ν.]
721 2884 858 2920 Nollem
878 2884 1010 2920 erudito
1027 2884 1226 2920 Maldonato
1247 2885 1315 2920 id
1304 2897 1342 2921 m
1362 2890 1516 2922 mentem
1539 2888 1691 2922 venisset

135 2941 328 2989 Epiphanio
343 2943 495 2978 tribuere
511 2942 603 2990 quod
620 2946 654 2977 et
675 2941 962 2976 absurdissimum
984 2946 1055 2984 est,
1077 2953 1141 2976 nec
1164 2942 1208 2977 ab
1229 2953 1271 2976 eo
1287 2943 1343 2978 vel
1363 2943 1537 2979 levissime
1558 2945 1689 2990 cogita-

135 3004 222 3034 tum.
246 2999 374 3034 Scribit
388 3000 481 3035 enim
495 3000 614 3036 mirari
629 3011 667 3034 se
685 2998 776 3045 quod
790 2997 1003 3046 Epiphanius
1017 2999 1194 3034 existimet
1206 2999 1391 3046 Iosephum
1407 3005 1443 3036 et
1457 3001 1604 3036 Mariam
1619 3002 1689 3036 sin-

137 3057 228 3103 gulis
245 3057 345 3102 annis
362 3067 403 3092 eo
415 3055 470 3106 die
484 3067 531 3092 ex
543 3058 703 3103 Aegypto
720 3057 755 3090 in
772 3054 952 3090 Bethleem
963 3055 1080 3091 venire
1096 3057 1333 3100 consuevisse,
1350 3069 1498 3104 cumque
1510 3063 1590 3104 post
1602 3059 1688 3094 duos

188 3125 273 3159 Corp.
285 3125 450 3154 Haereseol.
459 3124 513 3152 m.
1377 3125 1403 3160 F
