2008 3294
213 1616 219 1623 .
238 1597 278 1625 54.

319 225 464 263 XLVIII

321 330 426 364 πεύειν
442 332 477 365 et
497 327 657 363 ἰάσασθαι.
675 327 905 370 Quamobrem
918 338 990 363 non
1005 328 1196 363 secundum
1208 325 1438 374 ἀκριβολογίαν
1451 327 1695 375 οικυριολεξίαν
1702 328 1871 365 Hebraica

319 397 391 422 vox
414 386 596 433 θεραπεύειν
619 388 739 428 sonat,
766 385 828 420 sed
851 384 1114 432 μεταληπτικῶς,
1142 389 1182 420 ut
1197 388 1233 420 et
1246 385 1380 428 Iesum,
1405 385 1466 432 qui
1479 385 1617 432 proprie
1631 386 1785 421 salvator
1799 390 1870 430 est,

319 446 483 479 „ecdicum
499 454 540 478 ac
557 449 748 478 curatorem
762 454 834 478 non
849 443 1066 478 incommode
1081 443 1301 489 interpretari
1315 442 1428 479 liceat2
1475 443 1556 489 Ipse
1569 445 1655 477 enim
1671 444 1800 477 salvum
1806 446 1870 489 fa·

321 504 388 535 ciet
395 502 558 547 populum
581 513 604 535 a
614 502 774 547 peccatis
789 512 914 543 eorum,
930 501 982 536 ait
995 501 1140 546 angelus
1155 499 1239 535 Luc.
1257 499 1288 534 2.
1313 499 1412 542 Quod
1423 499 1716 546 quemadmodum
1727 500 1871 546 praesti-

318 558 399 592 terit
412 557 565 594 declarat
578 557 700 593 Petrus
708 551 841 593 *Act.x:
868 557 1151 604 Quipertranaiit
1164 558 1403 602 benefaciendo
1425 563 1459 592 et
1481 557 1657 591 liberando
1681 568 1792 591 omnes
1813 569 1871 602 op-

313 627 453 661 pressos
468 615 614 650 diabolo.
659 614 756 650 Adde
770 615 842 650 iam
857 614 1028 650 Graecum
1044 625 1089 650 ex
1104 614 1299 661 propinquo
1315 614 1539 657 vocabulum,
1556 614 1648 660 quod
1660 614 1703 648 ab
1714 613 1871 648 Hebraeo
1940 666 1948 672 „

320 675 356 707 et
370 672 657 719 pronunciatione
673 675 708 707 et
721 683 803 708 vero
818 676 987 719 potestate
1003 683 1074 707 non
1090 671 1276 707 admodum
1292 670 1515 714 adhorrebat3
1531 671 1623 706 unde
1637 671 1789 706 nominis
1803 671 1872 706 ista

318 730 450 765 notatio
466 729 615 776 prodiit..
647 729 894 776 Eadempono
916 730 1079 776 leguntur
1101 729 1193 776 apud
1216 728 1384 774 Cyrillum
1405 728 1540 764 Catech.
1556 741 1603 764 vr.
1650 726 1791 772 Ἰησοῦς,
1818 728 1871 762 in-

318 787 410 833 quit,
425 787 532 822 τοίνυν
547 784 617 822 ἔστι
632 785 716 822 κατὰ
731 786 791 834 μὲν
805 785 974 834 Ἐβραίους
989 786 1126 833 Σωτήρ,
1143 783 1227 820 κατὰ
1243 784 1278 820 δὲ
1294 785 1351 830 τὴν
1367 784 1516 820 Ἑλλάδα
1531 785 1686 832 γλῶσσαν
1702 785 1740 819 τὶ)
1757 783 1871 832 Ἰώμε-

317 856 381 885 νος·
406 842 515 890 ἐπειδὴ
530 843 640 891 ἰατρός
656 842 724 879 ἔστι
739 843 854 891 ψυχῶν
870 843 923 878 καὶ
939 842 1122 891 σωμάτων,
1139 843 1193 877 καὶ
1209 842 1402 890 θεραπευιὴς
1418 842 1620 890 πνευμάτων.
1645 842 1741 885 Quae
1753 842 1872 877 omnia

316 902 460 938 comiter
482 901 683 949 accipienda
704 905 802 945 sunt,
829 912 901 937 non
923 905 962 936 ut
987 902 1032 937 ab
1057 899 1206 935 ἰάσασθαι
1229 901 1416 936 deductum
1443 903 1502 935 τοῦ
1526 899 1635 944 Ἰησοῦ
1661 900 1870 937 vocabulum

316 958 468 995 dixerint
481 959 612 1003 Patres,
634 959 696 994 sed
711 962 751 994 ut
763 958 905 994 notione
929 970 970 994 ac
991 958 1247 1005 significatione
1271 958 1444 994 Graecum
1465 968 1594 993 nomen
1615 969 1694 993 cum
1714 957 1870 993 Hebraeo

316 1016 499 1052 convenire
514 1015 763 1054 demonstrent.

405 1073 448 1109 N.
463 1086 496 1109 v.
521 1073 637 1121 Εὖροις
660 1073 690 1108 δ’
713 1071 767 1119 ἄν,
799 1068 827 1107 ὦ
843 1073 1028 1120 φιλολόγε.]
1081 1074 1168 1108 Hinc
1190 1073 1270 1108 illae
1297 1073 1480 1119 lacrymae.
1528 1072 1674 1119 Scripsit
1693 1071 1792 1108 Philo
1814 1072 1870 1107 Iu-

315 1131 422 1167 daeus
451 1131 494 1166 de
516 1130 671 1174 Essaeis,
686 1131 743 1166 vel
757 1130 914 1175 Essene,
936 1131 1044 1167 libros
1060 1131 1209 1177 aliquot,
1234 1142 1382 1178 quorum
1397 1142 1488 1166 unus
1503 1130 1703 1166 inscribitur
1718 1129 1796 1176 Περὶ
1810 1131 1870 1164 τοῦ

315 1188 422 1223 πάντα
437 1189 617 1223 σπουδαῖον
633 1183 711 1222 εἶναι
726 1186 900 1235 ἐλεύθερον.
939 1187 1037 1223 Alius
1053 1188 1132 1234 Περὶ
1155 1187 1225 1234 βίου
1248 1187 1462 1234 θεωρητικοῦ,
1485 1187 1533 1231 ἢ
1524 1189 1636 1222 ικετῶν
1658 1185 1790 1233 &petitum
1829 1186 1870 1222 In

313 1246 356 1281 iis
372 1246 440 1281 duo
456 1246 668 1281 Bssenorum
683 1255 812 1292 genera
826 1245 1014 1280 constituit.
1061 1245 1178 1280 Unum
1198 1246 1265 1279 τῶν
1287 1247 1491 1291 πρακτικῶν,
1515 1245 1575 1291 qui
1596 1245 1634 1280 in
1657 1244 1791 1291 oppidis
1813 1255 1869 1279 so-

314 1304 438 1339 cialem
453 1304 562 1338 vitam
576 1303 777 1345 instituunt,
791 1302 991 1348 nuptiarum
1007 1306 1183 1349 expertes:
1205 1303 1353 1338 alterum
1369 1306 1434 1336 τῶν
1457 1302 1679 1349 θεωρητικῶν,
1708 1302 1768 1348 qui
1789 1312 1869 1336 con-

314 1361 534 1407 templationi
548 1363 642 1396 totos
658 1371 734 1395 sese
749 1359 981 1403 tradiderant,
991 1370 1031 1394 ac
1047 1361 1169 1407 procul
1184 1360 1229 1395 ab
1244 1360 1378 1395 urbano
1395 1360 1541 1406 strepitu
1555 1359 1594 1395 in
1609 1360 1702 1405 agris
1719 1370 1760 1394 ac
1770 1369 1870 1406 prae·

313 1418 433 1453 sertim
454 1417 501 1453 ad
518 1417 764 1460 Mareotidem,
790 1417 827 1452 in
850 1416 1002 1463 σεμνείοις
1025 1420 1060 1452 et
1081 1416 1307 1464 μοναστηρίοις
1336 1417 1511 1463 degerent.
1555 1417 1754 1452 Posti-emes
1780 1416 1868 1451 istos

313 1475 484 1510 Eusebius
501 1474 714 1510 Christianos
728 1474 836 1509 fuisse
859 1474 1001 1509 credidit
1022 1474 1044 1509 1.
1061 1474 1149 1509 nist.
1167 1486 1204 1510 ιι.
1220 1485 1249 1509 c.
1265 1475 1333 1518 40„
1357 1475 1547 1520 eademque
1569 1473 1769 1519 Hieronymi
1791 1482 1867 1508 cae-

313 1536 535 1579 teramque
549 1532 694 1567 Patrum
710 1531 826 1578 opinio
841 1531 925 1575 fuit,
950 1542 1058 1578 quam
1071 1530 1287 1578 Epiphanius
1310 1535 1450 1567 secutus
1471 1535 1534 1567 est.
1581 1531 1650 1566 Sed
1670 1530 1736 1566 hoc
1758 1541 1867 1565 unum

313 1590 408 1625 addit
423 1601 468 1625 ex
484 1590 699 1633 coniectura,
720 1589 877 1624 Iessaeos
891 1589 970 1624 illos
983 1589 1028 1624 ab
1043 1589 1138 1624 Iesse
1155 1588 1298 1624 Davidis
1319 1592 1417 1635 patre
1437 1589 1647 1624 nominatos.
1693 1587 1792 1630 Quod
1805 1598 1867 1634 po·

312 1651 479 1682 stremum
496 1647 611 1682 minus
628 1646 814 1682 verisimile
829 1650 922 1693 puto.
969 1646 1088 1693 Neque
1105 1646 1215 1689 enim,
1233 1645 1371 1692 opinor,
1394 1656 1542 1692 usquam
1565 1646 1692 1692 legitur
1713 1645 1868 1680 Iessaeo-

311 1715 391 1740 rum
405 1716 535 1740 nomen
549 1703 754 1740 Christianis
770 1704 990 1747 attributum,
1015 1707 1049 1739 et
1063 1703 1212 1739 Essaeos
1232 1703 1328 1747 illos,
1351 1714 1422 1738 non
1436 1702 1594 1738 Iessaeos
1617 1713 1639 1738 a
1649 1701 1793 1738 Philone
1808 1713 1867 1748 ap-

311 1763 458 1809 pellatos
474 1773 551 1798 esse
567 1765 712 1797 constat.
759 1761 851 1797 Sane
867 1761 898 1796 si
911 1761 1042 1797 Iessaei
1063 1771 1220 1807 unquam
1242 1759 1429 1800 Christiani
1451 1761 1566 1795 vocati
1591 1763 1690 1803 sunt,
1716 1760 1868 1795 multum

311 1820 346 1854 id
363 1820 407 1855 ad
422 1823 595 1866 receptam
610 1819 708 1854 illam
730 1830 771 1854 ac
794 1822 944 1854 veterem
969 1818 1167 1865 opinionem
1190 1818 1454 1854 asseverandam
1469 1817 1588 1861 faciet,
1612 1828 1700 1864 quae
1723 1816 1867 1852 Essaeo-

311 1887 390 1912 rum
404 1877 547 1913 nomine
562 1875 776 1912 Christianos
792 1886 814 1911 a
827 1874 970 1911 Philone
985 1875 1255 1923 comprehensos
1275 1876 1406 1911 statuit.
1444 1875 1494 1910 Ac
1515 1875 1669 1922 profecto
1685 1874 1761 1910 fieri
1773 1874 1867 1910 istud

311 1934 443 1981 potuit,
472 1938 513 1969 ut
537 1943 619 1969 cum
646 1938 727 1969 ante
749 1933 962 1968 Christianae
991 1934 1170 1980 religionis
1199 1937 1313 1968 ortum
1341 1932 1465 1968 Esseni
1490 1932 1544 1967 his
1570 1932 1724 1967 moribus
1755 1939 1866 1979 eoque

311 1991 402 2027 vitae
418 1991 593 2035 instituto,
618 1990 710 2037 quod
725 1991 762 2026 in
777 1991 888 2037 priore
902 1991 991 2026 libro
1006 1990 1104 2026 Philo
1120 1990 1313 2038 praedicat,
1334 1990 1371 2025 iu
1387 1990 1546 2036 Aegypto
1561 1988 1740 2033 florerent,
1762 1994 1867 2036 atque

310 2049 399 2084 inter
419 2047 565 2084 Iudaeos
587 2052 623 2083 et
643 2052 760 2083 essent
782 2052 817 2083 et
838 2047 1046 2085 haberentur
1072 2048 1300 2091 sanctissimi,
1327 2051 1556 2094 posteaquam
1581 2050 1721 2082 auctore
1746 2048 1865 2084 Marco

311 2104 586 2141 Christianorum
608 2116 720 2152 genus
742 2105 874 2148 extitit,
905 2116 1053 2152 quorum
1079 2106 1171 2141 vitae
1192 2105 1279 2140 ratio
1302 2105 1424 2151 primis
1451 2104 1520 2139 illis
1548 2105 1762 2151 temporibus
1783 2115 1865 2141 cum

310 2162 520 2199 Essenorum
535 2163 718 2210 disciplina
732 2172 943 2210 magnopere
958 2163 1188 2209 congruebat,
1216 2163 1260 2197 ab
1277 2161 1521 2198 Alexandrinis
1538 2162 1726 2207 gentilibus
1742 2162 1865 2198 Esseni

310 2221 381 2256 sint
402 2221 527 2256 vocati.
574 2219 669 2263 Quos
685 2220 779 2255 enim
795 2224 829 2255 et
839 2219 1001 2262 Iudaeos,
1017 2224 1098 2255 tunc
1111 2219 1249 2267 quidem
1259 2246 1268 2262 ,
1285 2230 1404 2255 omnes
1417 2218 1588 2262 viderent,
1605 2223 1639 2254 et
1652 2218 1864 2256 Essenorum

310 2289 529 2314 communem
552 2278 648 2314 illam
669 2278 759 2313 vitae
785 2278 954 2313 rationem
985 2281 1089 2325 atque
1116 2278 1160 2312 ab
1188 2277 1284 2312 omni
1309 2277 1396 2312 luxu
1424 2280 1459 2311 et
1479 2276 1667 2312 ambitione
1693 2281 1862 2313 remotam

309 2335 576 2383 complectentes
599 2339 793 2379 cernerent,
819 2346 899 2371 cum
919 2339 954 2371 et
975 2334 1106 2382 alioqui
1128 2346 1174 2371 ex
1196 2334 1408 2370 Essenorum
1430 2333 1569 2369 Iudaica
1589 2333 1739 2371 factione
1762 2335 1862 2382 pleri-

309 2404 377 2439 que
392 2404 430 2429 se
446 2392 491 2428 ad
506 2391 720 2429 Christianos
735 2397 1005 2440 aggregassent,
1026 2392 1200 2439 quodnam
1223 2393 1266 2427 iis
1285 2391 1378 2427 aliud
1394 2402 1520 2427 nornen
1533 2402 1637 2438 quam
1653 2391 1862 2428 Essaeorum

308 2450 539 2498 effingerent?
569 2449 658 2486 Nam
679 2454 715 2486 et
736 2450 794 2485 diu
816 2454 939 2497 postea
959 2449 1146 2486 Christiani
1169 2460 1288 2485 omnes
1311 2460 1333 2484 a
1349 2448 1489 2485 Graecis
1506 2459 1546 2483 ac
1562 2449 1728 2485 Romanis
1743 2450 1862 2485 Iudaei

309 2508 478 2544 nominati
501 2511 536 2543 et
557 2518 620 2555 pro
642 2508 777 2543 Iudaeis
799 2506 907 2543 habiti
930 2512 1027 2550 sunt3
1054 2511 1094 2543 ut
1115 2518 1185 2543 non
1202 2506 1391 2543 absurdum
1406 2505 1690 2542 sitPhiIonianos
1706 2507 1784 2543 illos
1798 2506 1859 2543 Es-

308 2574 409 2602 seeos
419 2565 636 2613 διουρητικοὺς
649 2563 862 2601 Christianos
874 2564 992 2601 fuisse.
1016 2564 1112 2608 Quae
1124 2568 1241 2600 autem
1252 2564 1415 2600 adversus
1428 2574 1469 2599 ea
1480 2573 1610 2610 magno
1623 2575 1701 2600 cum
1713 2565 1860 2612 strepitu

309 2633 351 2658 ae
363 2621 542 2659 mmaeho
557 2622 794 2670 disputantur,
810 2633 890 2658 cum
906 2629 967 2659 aut
982 2622 1072 2658 levia
1087 2622 1156 2659 sint
1170 2626 1232 2658 aut
1246 2621 1347 2658 facile
1364 2621 1505 2657 dissolvi
1522 2622 1673 2668 possint,
1696 2621 1781 2658 nibil
1796 2623 1861 2658 erit

309 2678 399 2725 qued
415 2690 480 2715 nos
497 2680 752 2716 vetustissimae
767 2680 859 2716 illius
884 2680 1057 2727 opinionis
1079 2691 1119 2716 ac
1141 2683 1316 2715 tantorum
1339 2678 1478 2714 Petrum
1505 2679 1698 2715 autoritatis
1719 2682 1754 2714 et
1776 2690 1859 2715 con-

308 2736 478 2772 sensionis
501 2738 684 2784 poeniteat.
732 2737 818 2774 Vide
839 2748 928 2784 quae
950 2736 992 2773 de
1015 2736 1068 2773 his
1090 2737 1322 2773 eruditissime
1343 2736 1517 2772 Serrariue
1539 2740 1656 2772 noster
1674 2737 1695 2774 i.
1713 2749 1764 2774 ιιι.
1782 2736 1858 2773 Tri-

308 2791 455 2829 haereeii
469 2794 634 2830 adversus
649 2794 866 2841 Scaligerum
883 2805 924 2831 ac
939 2794 1075 2830 lunium
1092 2794 1238 2830 disserit.

399 2850 507 2886 Τοῦτο
518 2849 581 2898 γὰρ
595 2854 662 2892 τοῖς
674 2851 712 2887 τ“ο
726 2850 893 2897 παλαιόν.]
915 2851 954 2888 Si
966 2851 1009 2887 de
1020 2852 1260 2900 primogenitis
1274 2851 1434 2887 omnibus
1446 2850 1628 2898 intelligat,
1641 2852 1769 2888 falsum
1781 2851 1856 2888 erit.

308 2906 428 2954 Neque
443 2908 535 2944 enlm
551 2909 775 2955 primogeniti
791 2920 912 2945 omnes
924 2909 1091 2946 Nazaraei
1106 2910 1261 2951 suerunt,
1279 2908 1339 2944 sed
1351 2905 1525 2955 ἀορίστως,
1542 2912 1575 2943 et
1592 2909 1632 2944 de
1649 2909 1854 2956 quibusdam

307 2964 443 3012 accipe,
460 2970 500 3001 nt
514 2965 556 3000 de
567 2965 777 3013 sampsone,
793 2970 829 3003 et
843 2967 934 3014 siqui
951 2966 1010 3003 alii
1025 2965 1274 3003 eiusdemmodi
1288 2965 1425 3002 tuerint.

397 3020 440 3060 N.
455 3032 501 3059 vr.
519 3019 638 3058 ’Ἄλλοι
655 3022 689 3058 ὀὶ
707 3023 938 3070 Νασαρα(ους.]
961 3024 1011 3060 De
1027 3023 1082 3061 his
1097 3024 1234 3071 egimus
1250 3024 1293 3059 ad
1310 3022 1467 3060 haeresin
1481 3022 1750 3068 Nessi-aeorum,
1766 3035 1855 3072 quae

307 3083 362 3116 eet
375 3079 411 3116 In
427 3079 485 3116 lib.
503 3091 517 3117 ι
532 3078 651 3117 ordine
667 3092 737 3117 xxx.
