2008 3294
211 982 239 1007 p.
252 973 311 1001 215.

349 184 440 221 CXC

348 291 489 323 centum
504 287 605 322 annis
622 286 846 332 Olympiadas
861 287 1089 323 antecessisse
1099 313 1108 331 ,
1124 297 1272 333 quarum
1286 285 1427 322 initium
1441 297 1554 322 annus
1571 290 1624 322 est
1637 286 1675 322 111
1689 297 1761 333 per.
1773 285 1896 323 Iulian.

347 344 448 380 3938.
472 344 667 379 Constituto
682 343 865 379 Medorum
880 343 1026 390 imperio
1041 345 1109 380 duo
1126 343 1297 390 quaedam
1313 344 1383 378 alia
1396 344 1565 390 paulatim
1581 343 1820 387 effloruerunt,
1835 344 1899 378 As-

347 402 521 447 syriorum
532 411 574 436 ac
584 400 873 446 Babyloniorum,
890 412 980 447 quae
986 402 1120 448 Assyrii
1131 401 1223 435 illius
1236 401 1384 435 maximi
1395 410 1436 435 ac
1447 401 1600 436 diuturni
1610 401 1705 436 velut
1715 400 1898 447 naufragio

348 458 509 492 disiectas
525 458 656 504 ubique
670 457 808 492 tabulas
823 458 1051 505 arripuerunt.
1094 458 1248 500 Quorum
1264 458 1356 504 apud
1372 461 1512 493 exteros
1526 458 1710 504 scriptores
1724 457 1899 504 pertenuis

348 519 403 550 est
418 519 453 549 et
467 516 617 550 obscura
630 515 816 558 memoria,
831 515 870 551 in
882 516 991 551 sacris
1006 527 1088 551 vero
1104 515 1212 550 literis
1227 526 1307 550 cum
1323 515 1522 558 amborum,
1537 519 1613 550 tum
1627 514 1899 560 Babyloniorum

347 572 551 618 praesertim
567 572 743 607 luculenta
763 575 816 607 est
830 583 871 607 ac
885 572 1050 619 frequens
1073 573 1213 607 mentio.
1261 571 1330 607 Sed
1351 572 1482 619 priores
1503 575 1741 607 memorantur
1755 571 1900 617 Assyrii,

348 641 495 675 quorum
511 629 644 676 primus
658 642 706 666 1v.
722 629 880 675 Regrxv,
899 629 952 667 19.
978 630 1124 665 occurrit
1141 628 1248 672 Phul,
1273 629 1333 675 qui
1349 632 1384 664 et
1398 628 1569 665 Belochus
1585 629 1719 664 dicitur.
1763 629 1863 663 Hunc
1878 637 1900 662 a

346 686 460 721 Medis
475 686 641 722 defecisse
656 686 835 733 probabile
850 691 915 724 est.
962 687 1139 722 Successit
1154 685 1303 732 Teglath
1317 685 1502 721 Phalassar
1515 686 1599 723 ibid.
1617 697 1704 722 com.
1718 686 1771 722 29.
1815 684 1900 721 Inde

347 743 592 779 Salmanassar
614 756 661 780 1v.
681 743 770 790 Reg.
791 755 884 788 xvn,
905 743 937 780 3.
985 745 1076 779 Tum
1100 743 1334 778 Sennacherib
1357 743 1432 778 eius
1453 743 1547 778 filius
1562 756 1609 779 ιν.
1624 743 1828 790 Reg.xv111,
1846 741 1900 777 13.

346 800 548 836 Postremus
563 801 632 836 fuit
642 800 863 836 Assaraddon
877 811 953 848 cap.
966 813 1047 844 xxx,
1063 801 1118 837 37.
1141 800 1216 836 Iam
1227 811 1309 836 vero
1325 801 1459 847 primus
1470 800 1692 846 Assyriorum
1706 799 1901 847 principum

346 857 434 893 Phul
449 857 515 893 sub
530 857 706 894 Manaheu
719 857 859 894 Israelis
883 862 919 894 et
933 859 1057 893 Azaria
1071 858 1177 894 Iudae
1200 868 1283 904 rege
1305 858 1502 893 collocatur.
1546 858 1687 896 Azarias
1709 857 1787 892 iniit
1806 867 1899 893 anno

346 926 418 962 per.
430 915 508 959 Iul.,
523 918 564 950 ut
578 915 796 958 arbitramur,
811 915 912 951 3905.
949 915 1062 958 Quare
1078 915 1301 961 Assyriorum
1316 925 1482 961 regnum,
1498 913 1592 961 quod
1606 915 1672 950 sub
1687 914 1808 950 Azaria
1820 914 1898 950 fun-

345 972 467 1007 datum
481 976 550 1015 est,
565 973 671 1019 longe
685 973 858 1019 posterius
875 976 928 1008 est
942 973 1125 1008 Medorum
1139 973 1239 1008 initio
1255 972 1416 1007 videlicet
1429 972 1530 1007 annis
1543 971 1616 1007 fere
1631 984 1714 1007 ux.
1746 971 1800 1006 Ad
1813 970 1898 1006 haec

344 1028 511 1065 Ezechias
533 1030 648 1076 coepit
667 1041 711 1066 ex
733 1029 980 1076 chronologiae
1001 1034 1142 1065 nostrae
1163 1029 1352 1065 ratiociniis
1373 1040 1446 1076 per.
1458 1029 1522 1064 1u1.
1534 1028 1635 1064 3987.
1679 1028 1771 1076 Ergo
1786 1038 1898 1064 annus

346 1088 421 1123 eius
437 1099 520 1130 xxv„
536 1098 606 1134 quo
623 1086 858 1123 Sennacherib
874 1087 1074 1123 interfectus
1089 1087 1234 1130 videtur,
1251 1090 1305 1122 est
1317 1097 1390 1133 per.
1402 1086 1466 1122 Iul.
1479 1085 1581 1122 4000.
1599 1086 1743 1122 circiter.

434 1145 481 1180 At
494 1144 770 1190 Babyloniorum
784 1155 950 1190 regnum,
966 1145 998 1180 si
1013 1155 1034 1179 a
1048 1144 1293 1180 Nabonassaro
1308 1147 1463 1190 repetas,
1479 1143 1613 1190 aliquot
1626 1143 1728 1178 annis
1741 1145 1822 1190 post
1834 1141 1898 1178 As-

346 1201 519 1248 syriorum
533 1202 672 1237 initium
687 1201 813 1238 extitit.
851 1201 974 1248 Coepit
987 1201 1080 1236 enim
1094 1201 1332 1237 Nabonassari
1347 1212 1429 1236 aera
1442 1200 1624 1247 Babylone
1637 1211 1710 1247 per.
1720 1200 1784 1236 Iul.
1796 1198 1897 1236 3967.

344 1259 482 1294 Primus
498 1262 615 1294 autem
631 1270 650 1294 e
665 1258 870 1304 Babyloniis
889 1258 1032 1305 regibus
1053 1258 1090 1293 in
1112 1259 1290 1306 scripturis
1311 1258 1511 1294 nominatur
1525 1256 1712 1293 Merodach
1724 1257 1817 1293 filius
1832 1255 1899 1292 Ba-

344 1315 448 1351 ladsn
462 1328 510 1352 rv.
525 1315 612 1362 Reg.
626 1328 685 1359 xx,
704 1315 756 1350 12.
772 1315 865 1350 circa
876 1325 1008 1350 annum
1019 1315 1186 1350 Ezechiae
1202 1316 1265 1359 14„
1282 1316 1374 1351 circa
1388 1326 1460 1362 per.
1473 1315 1537 1350 Iul.
1548 1314 1662 1358 4000„
1678 1314 1799 1350 eodem
1812 1317 1899 1349 tem-

347 1384 431 1420 pore
448 1384 516 1419 quo
533 1372 767 1408 Sennacherib
783 1376 819 1408 et
834 1372 1055 1408 Assaraddon
1071 1373 1108 1408 in
1120 1372 1266 1419 Assyria
1279 1372 1484 1419 regnabant.
1511 1372 1624 1414 Quare
1634 1370 1820 1408 Merodach
1833 1371 1898 1407 iste

344 1431 398 1466 vel
414 1430 507 1465 idem
523 1434 576 1465 est
591 1441 671 1465 cum
686 1429 947 1475 Nabonassaro,
969 1430 1024 1465 vel
1045 1430 1162 1476 potius
1178 1429 1335 1465 Baladan
1349 1429 1549 1465 Merodachi
1569 1433 1677 1476 pater,
1698 1440 1720 1464 a
1741 1440 1809 1476 quo
1831 1427 1898 1464 Ba-

347 1488 546 1534 bylonicum
559 1488 744 1534 imperium
763 1487 808 1522 ad
822 1486 1197 1522 Nabuchodonosorem
1218 1490 1254 1522 et
1273 1490 1430 1533 posteros
1451 1497 1564 1533 usque
1583 1490 1815 1534 propagatum
1836 1489 1897 1530 est,

344 1545 453 1580 donec
470 1555 492 1580 a
503 1544 594 1591 Cyro
611 1550 646 1580 et
656 1544 769 1580 Persis
785 1544 977 1580 extinctum
993 1547 1056 1581 est.
1080 1543 1131 1579 De
1142 1544 1392 1591 posterioribus
1403 1544 1555 1590 Assyriis
1572 1544 1729 1591 suspicor
1742 1544 1898 1579 locutum

343 1601 594 1649 Epiphaniam,
609 1602 724 1649 potius
738 1613 843 1648 quam
856 1602 898 1637 de
915 1602 1068 1648 antiquis
1082 1602 1163 1637 illis.
1187 1601 1298 1644 Quem
1312 1613 1377 1637 nos
1393 1604 1433 1637 ut
1448 1601 1492 1636 ab
1508 1612 1622 1637 errore
1637 1604 1813 1648 utcunque
1824 1601 1896 1636 vin·

343 1660 515 1704 dicemus,
531 1663 702 1706 quatenus
714 1659 836 1695 Medos
850 1659 1053 1705 Babyloniis
1064 1659 1273 1706 posteriores
1285 1659 1419 1706 posuit,
1435 1658 1480 1694 ad
1492 1658 1635 1694 Darium
1647 1659 1746 1694 illum
1756 1657 1895 1694 Medum

342 1718 539 1765 respexisse
555 1717 743 1760 credimus,
767 1717 828 1763 qui
842 1727 887 1752 ex
902 1717 1093 1752 multorum
1109 1716 1282 1752 sententia
1296 1716 1480 1752 Medorum
1493 1720 1691 1764 postremus
1706 1726 1769 1751 rex
1782 1714 1850 1751 fuit
1863 1718 1898 1752 et

343 1786 423 1810 cum
439 1774 546 1821 Cyro,
567 1773 748 1820 Babylone
764 1777 881 1820 capta,
905 1773 1051 1809 eandem
1073 1774 1170 1809 solus
1185 1774 1345 1810 obtinuit,
1391 1773 1491 1816 Quod
1506 1774 1573 1809 etsi
1585 1783 1806 1820 nequaquam
1820 1783 1896 1820 pro·

343 1833 468 1868 bamus
484 1833 613 1878 (neque
628 1831 723 1866 enim
738 1831 864 1867 Darius
888 1831 946 1866 ille
960 1831 1115 1866 Danielis
1130 1831 1313 1867 Medorum
1334 1842 1397 1866 rex
1419 1830 1518 1875 fuit),
1541 1830 1766 1867 nihilominus
1786 1841 1832 1866 ex
1853 1841 1895 1866 eo

342 1889 499 1925 manavit
511 1893 735 1935 praepostera
749 1888 810 1923 illa
824 1899 1012 1935 regnorum
1033 1889 1125 1935 apud
1146 1888 1382 1935 Epiphaniam
1405 1888 1611 1924 distributio.
1641 1887 1806 1935 Alioquin
1827 1896 1895 1924 cer·

342 1946 481 1981 tissima
509 1949 563 1981 est
591 1949 626 1981 et
654 1945 698 1980 ad
728 1945 882 1981 Danielis
903 1945 1076 1981 visionem
1102 1945 1464 1981 accommodatissima
1489 1945 1691 1991 Hieronymi
1715 1944 1895 1989 sententia,

344 2006 492 2050 quatuor
507 2002 674 2038 animalia
688 2002 832 2038 totidem
847 2003 993 2050 imperia
1007 2002 1223 2049 significare,
1245 2002 1538 2048 Babyloniorum,
1559 2002 1761 2046 Persarum,
1782 2001 1894 2039 Mace-

344 2060 472 2096 donum
481 2086 491 2104 ,
505 2059 754 2095 Romanorum.

434 2116 635 2164 Ἐπιτρέπιιν
647 2119 715 2156 τοῖς
729 2114 846 2150 ἶθνισιν
859 2114 900 2157 sl<
913 2115 1085 2163 πόλεμον]
1111 2115 1152 2151 Ὃ
1165 2118 1252 2156 νοΰςι
1270 2115 1396 2162 Angeli
1410 2116 1591 2151 nationum
1605 2115 1780 2163 praesides
1791 2116 1895 2153 vineti

344 2176 540 2211 detinentur
555 2173 848 2222 prohibenturque
864 2184 908 2209 ne
924 2173 1097 2209 subiectos
1113 2173 1180 2209 sibi
1195 2173 1342 2220 populos
1359 2172 1402 2207 ad
1418 2172 1507 2208 bella
1521 2177 1719 2220 provocent.

613 2283 674 2360 Af>
697 2322 930 2360 BAERESIM
949 2322 1033 2366 Ln..
1056 2321 1176 2365 QUAE
1199 2322 1284 2359 EST
1307 2321 1623 2359 ADAMITARUM.

434 2404 687 2453 Spureissimse
699 2402 802 2439 huius
814 2402 967 2439 haeresis
979 2405 1137 2439 autorem
1149 2402 1385 2439 'theodoretus
1400 2402 1484 2438 facit
1498 2401 1691 2446 Prodicum,
1707 2402 1805 2438 cuius
1820 2412 1891 2439 me·

345 2463 446 2498 minit
460 2461 568 2498 Clem.
579 2473 632 2498 111.
648 2460 776 2497 Strom.

434 2519 475 2555 N.
491 2531 529 2555 11.
554 2518 614 2553 Διὰ
629 2518 667 2554 τὸ
684 2514 762 2553 alvan
777 2515 905 2564 ἶθμην]
934 2516 1015 2554 Hes.
1033 2514 1144 2564 Ἔθμὴ
1160 2515 1279 2565 ἀτμὶς,
1297 2516 1418 2557 καπνὸς
1435 2515 1569 2560 λεπτὸς,
1586 2513 1682 2563 ἀτμή.

435 2577 533 2620 Δίκην
550 2575 781 2623 Καμψαρίων.]
809 2574 904 2611 Idem
919 2574 1000 2611 Hes.
1016 2572 1147 2622 κάμψαι,
1166 2574 1263 2621 θήκη,
1281 2574 1559 2621 γλωσσοκομαον.
1584 2573 1628 2609 Et
1643 2572 1784 2620 καμψία,
1797 2574 1890 2621 κανᾶ,

346 2634 502 2670 κανίσκια.
526 2632 669 2669 Suidss:
687 2631 794 2679 Κάψα,
811 2631 915 2678 κίστη,
931 2631 951 2676 ἢ
970 2630 1062 2676 θήκη,
1087 2632 1197 2678 Igitur
1212 2631 1358 2678 capsarii
1374 2634 1455 2667 sunt
1469 2628 1731 2677 ἱματιοφύλακες,
1747 2629 1812 2667 11οο
1827 2636 1891 2675 est,

347 2695 384 2726 ut
397 2691 536 2737 glossae
551 2690 714 2733 reddunt,
730 2692 896 2725 vestiarii.
940 2688 1053 2736 Supra
1067 2689 1103 2724 111
1118 2688 1264 2725 Hebion.
1279 2689 1426 2724 oleat-600
1438 2686 1596 2724 vocabat.
1643 2686 1770 2724 Paulus
1783 2688 1843 2725 lib.
1855 2687 1888 2726 3.

346 2750 377 2792 fi.
393 2748 503 2784 ultim.
521 2747 562 2783 D.
578 2747 620 2783 de
635 2746 735 2783 Offic.
753 2746 864 2783 Prset.
876 2746 956 2793 Vig.
972 2746 1093 2782 eadem
1108 2756 1192 2782 voce
1207 2745 1441 2793 capsariorum
1455 2744 1616 2792 sppeuat.

591 2895 650 2932 ΔΙ)
674 2894 904 2932 massua
925 2894 1025 2938 Lm„
1048 2893 1167 2938 QUAE
1188 2893 1274 2931 EST
1297 2891 1642 2931 SAMPSAEORUM.

437 2974 487 3011 De
502 2985 543 3010 es
559 2975 628 3011 iam
645 2976 680 3011 111
697 2976 931 3023 superioribus
948 2975 1116 3019 diximus,
1132 2977 1221 3011 utet
1236 2974 1278 3011 de
1292 2973 1440 3018 Elxssm
1456 2973 1529 3011 slve
1544 2973 1655 3010 Elxai.
