2008 3294
181 2380 185 2384 .
206 2359 246 2385 ⁴5.

285 189 349 226 XL

284 295 356 327 tur:
379 291 440 327 sed
454 288 624 326 Hebraica
640 301 661 324 a
676 302 747 325 Lxx
771 289 966 326 senioribus
984 290 1189 338 discrepant.
1242 293 1293 352 ἾΡ
1317 272 1398 351 ἾΡξ
1415 293 1465 351 'lp
1489 273 1575 339 '723
1599 294 1656 332 '12
1679 295 1765 342 ἥκῃ
1782 296 1839 335 Ἶκ

286 351 376 390 :Dffl
393 351 484 391 “ww
503 350 575 388 nit>
595 351 687 389 '5³93
709 323 803 408 ἾΡΞ,
823 350 1046 395 praeceptum
1062 348 1106 383 ad
1123 351 1361 395 praeceptum,
1378 359 1457 396 spes
1472 348 1515 384 ad
1530 359 1646 395 spem,
1662 352 1727 386 etc.
1759 350 1839 386 Vel:

284 406 421 440 Mando
436 405 623 446 remanda,
640 409 797 450 expecta,
813 411 1010 451 reexpecta5
1032 405 1124 452 quod
1140 405 1181 439 de
1197 405 1367 452 sacrilega
1381 405 1519 442 mimesi
1534 416 1574 440 ac
1590 405 1769 441 dicacitate
1784 407 1839 443 Iu-

285 464 452 498 daeorum
466 462 713 507 interpretatur
727 459 971 508 Hieronymus,
995 463 1041 498 At
1056 474 1136 498 Lxx.
1155 461 1259 508 θλίψις
1276 460 1327 496 ἐπὶ
1351 461 1467 510 θλίψιν,
1483 461 1573 503 ἐλπὶς
1589 461 1639 496 ἐπ’
1655 461 1778 509 ἐλπίδι,
1795 461 1840 498 ἔτι

286 519 412 566 μικρὸν,
431 517 476 552 ἔτι
490 518 617 564 μικρόν.
637 517 808 553 Videntur
821 521 889 560 *m
902 530 966 566 pro
983 522 1040 560 ἢκ
1054 519 1192 566 legisse.
1218 517 1290 554 Nec
1303 518 1381 554 ideo
1397 519 1611 555 accusandus
1627 523 1680 555 est
1693 519 1840 567 Epipha-

286 577 380 619 nius,
395 579 436 611 ut
452 586 474 610 a
489 575 607 610 nescio
625 586 698 621 quo
709 574 840 610 sactum
855 578 924 619 est,
941 577 1042 623 quasi
1055 575 1222 611 Hebraico
1237 576 1408 612 nescierit.
1430 575 1600 612 Hebraica
1614 580 1654 611 ut
1669 579 1767 612 erant
1780 588 1841 612 ex-

285 633 423 679 scripsit
436 633 495 667 ille
504 659 513 675 ,
529 635 605 667 tum
620 631 665 666 ad
681 631 823 678 singula
835 633 1006 668 vocabula
1020 633 1188 669 Graecam
1202 633 1521 679 interpretationem
1537 634 1707 680 adiunxit,
1726 635 1839 670 cuius-

286 690 434 724 modiin
450 689 597 724 ecclesia
611 689 743 736 passim
758 690 914 725 exaudiri
930 691 1079 734 solebat;
1097 694 1130 725 et
1146 689 1366 737 ἑρμηνεύεται,
1389 690 1494 734 dixit,
1509 690 1575 726 hoc
1591 694 1644 725 est
1657 691 1708 726 ita
1722 701 1745 726 a
1756 703 1838 729 Lxx.

284 747 448 783 redditur.
497 746 596 789 Quod
618 750 736 782 autem
755 745 848 782 idem
869 748 928 782 ille
955 751 1087 791 censet,
1114 747 1304 783 Nicolaitas
1323 747 1551 795 impmissimi
1573 747 1628 782 dei
1643 748 1699 783 sui
1713 759 1840 785 nomen

283 803 507 850 Καυλαυκαὺχ
519 815 538 839 e
548 804 673 839 Psalm.
683 816 780 839 mx.
789 805 990 851 sumpsisse,
1002 805 1064 839 ubi
1075 805 1125 839 ita
1137 805 1304 851 scriptum
1315 808 1369 840 est
1381 807 1485 846 ΗΞΗ
1501 784 1674 863 ξ’·ιΡΝοΧ
1687 806 1839 849 robusta,

283 871 323 895 ac
339 871 519 907 perperam
533 860 765 908 Epiphaniam
781 871 827 897 ex
840 861 933 896 Isaia
947 862 1189 904 transtulisse,
1211 860 1299 897 mihi
1313 873 1383 897 non
1398 863 1532 909 probat.
1566 861 1656 897 Nam
1671 862 1740 898 illis
1754 863 1839 909 ipsis

285 918 398 953 Isaiae
414 918 528 953 verbis
545 918 673 954 abusos
688 918 880 954 haereticos
897 919 996 954 testis
1013 922 1066 954 est
1080 919 1236 962 Hieron.,
1253 918 1352 954 cuius
1367 918 1454 954 haec
1467 919 1575 954 verba
1589 923 1687 955 sunt:
1710 920 1840 967 Hisque

284 975 397 1010 verbis
420 976 520 1010 abuti
537 976 622 1010 solet
638 976 906 1011 immundissima
928 976 1082 1011 haeresis
1105 977 1200 1022 apud
1219 977 1390 1022 simplices
1405 988 1547 1022 quosque
1560 982 1661 1023 atque
1677 978 1840 1023 deceptos,

283 1040 322 1067 ut
336 1038 497 1067 terrorem
505 1035 628 1079 saciat
641 1036 788 1068 novitate
803 1045 1008 1075 sermonum5
1030 1035 1118 1080 quod
1137 1033 1271 1068 scilicet
1284 1035 1342 1079 qui
1356 1033 1442 1068 haec
1457 1034 1563 1068 verba
1579 1036 1788 1079 coqnoverit,
1809 1041 1842 1069 et

283 1092 321 1124 in
337 1092 426 1124 coitu
451 1101 565 1125 eorum
586 1093 789 1132 meminerit,
813 1091 936 1136 absque
957 1091 1030 1125 ulla
1052 1091 1260 1125 dubitatione
1284 1096 1439 1126 transeat
1461 1092 1511 1126 ad
1531 1103 1641 1136 reqna
1665 1092 1839 1126 coelorum.

248 1168 254 1173 -
284 1147 422 1182 Nicetas
445 1147 506 1183 lib.
524 1159 548 1183 1.
566 1146 735 1183 Thesauri
749 1146 937 1183 Nicolaitas
959 1147 1079 1183 scribit
1093 1147 1279 1183 Prunicum
1300 1147 1482 1183 mulierem
1503 1150 1539 1183 et
1557 1147 1768 1185 Gaulaucam'
1781 1159 1839 1184 ve-

285 1207 424 1240 neratos
440 1215 528 1240 csse.

500 1295 562 1332 AD
589 1295 821 1332 HAERESIM
842 1296 993 1340 XXVI„
1022 1296 1140 1339 QUAE
1167 1296 1251 1333 EST
1281 1295 1616 1333 GNOSTIGORUM.

376 1375 623 1412 Gnosticorum
646 1377 849 1423 appellatio,
872 1387 977 1423 quam
998 1377 1227 1424 impurissimi
1246 1377 1498 1414 haereticorum
1517 1381 1743 1425 usurparunt,
1766 1378 1838 1414 exi—

284 1434 395 1469 mium
412 1432 585 1479 quendam
608 1437 712 1480 atque
736 1434 951 1480 exquisitum
971 1434 1079 1469 animi
1094 1438 1224 1470 statum
1239 1445 1279 1470 ac
1296 1435 1488 1471 sanctitatis
1512 1434 1702 1481 significat,
1728 1439 1768 1471 ut
1794 1447 1839 1471 ex

286 1490 520 1527 Alexandrino
535 1489 711 1526 Clemente
728 1491 875 1538 aliisque
892 1492 1055 1538 colligere
1066 1492 1157 1528 licet.
1179 1491 1269 1527 Nam
1285 1493 1378 1540 apud
1392 1493 1492 1528 illum
1505 1504 1528 1529 ι.
1544 1492 1694 1539 Paedag.
1708 1503 1783 1540 cap.
1793 1505 1839 1528 vr.

284 1551 508 1594 opponuntur
524 1546 555 1581 οἱ
579 1547 758 1582 Γνωστικοὶ
780 1550 849 1588 τοῖς
875 1548 1056 1596 Ψυχικοῖς,
1073 1553 1108 1584 et
1122 1548 1337 1596 Πνευματικοὶ
1351 1553 1529 1586 vocantur.
1565 1548 1636 1583 Οὔκ
1659 1547 1721 1597 ἄρα
1737 1549 1767 1584 οἱ
1782 1549 1839 1596 μὲν

283 1604 478 1650 Γνωστικοῖ,
502 1603 532 1638 οἱ
555 1603 590 1639 δὲ
608 1604 753 1652 Ψυχικοὶ
769 1603 802 1639 ἐν
820 1604 912 1652 αὐτῷ
927 1607 977 1652 τῷ
994 1604 1108 1652 λόγῳ,
1132 1604 1208 1640 ἀλλ’
1225 1605 1255 1640 οἱ
1277 1604 1393 1647 πάντες
1409 1605 1601 1653 ἀποθέμενοι
1615 1605 1671 1647 τὰς
1686 1606 1840 1654 capanna<

283 1661 451 1709 ἐπιθυμίας
472 1661 539 1696 ἶσοι
560 1661 614 1696 καὶ
631 1661 846 1708 Πνευματικοὶ
858 1661 958 1710 νπαρόι
973 1665 1023 1710 τῷ
1039 1662 1152 1710 κυρίῳ.
1189 1663 1258 1699 Sed
1272 1663 1310 1698 in
1329 1663 1405 1699 aliis
1421 1663 1648 1711 Στρωματέων
1667 1664 1782 1707 libris,
1805 1668 1841 1700 et

283 1720 457 1766 imprimis
474 1731 535 1754 vn.
553 1719 595 1754 de
613 1718 788 1755 Gnosticis
805 1723 841 1755 et
855 1722 1018 1767 γνωστικῇ
1035 1719 1167 1768 δυνάμει
1181 1721 1337 1768 pluribus
1356 1721 1527 1768 disputat3
1549 1721 1647 1756 cuius
1670 1720 1743 1768 τρία
1764 1732 1840 1757 esse

284 1777 366 1811 dicit
381 1774 646 1824 ἄποτελέσματαε
670 1777 833 1812 nimirum
855 1776 892 1811 τὸ
916 1777 1083 1824 γινώσκειν
1106 1776 1148 1812 τὰ
1167 1777 1363 1825 πράγματα,
1387 1778 1534 1825 δεύτερον
1556 1776 1594 1812 τὸ
1615 1776 1768 1813 ἐπιτελεῖν
1792 1777 1842 1814 ὅτι

284 1833 321 1867 ἂν
339 1831 356 1867 6
374 1832 474 1880 λόγος
492 1833 694 1881 ὓπαγορεῦῃ,
712 1833 765 1868 καὶ
782 1833 888 1881 τρίτον
903 1834 941 1869 τ“ο
958 1835 1173 1881 παραδιδόναι
1189 1834 1344 1870 δύνασθαι
1360 1834 1544 1882 θεοπρεπῶς
1557 1834 1597 1870 τὰ
1609 1835 1697 1882 παρὰ
1708 1837 1747 1881 τῆ
1760 1834 1841 1880 ἀλη-

285 1890 352 1937 θείᾳ
369 1889 637 1938 ἐπικεκρυμμένα.
673 1890 785 1934 Quare
805 1890 963 1927 Gnostici
986 1896 1069 1928 sunt
1088 1891 1247 1928 homines
1269 1892 1422 1939 perfecta
1444 1903 1485 1928 ac
1506 1893 1676 1940 singulari
1691 1893 1841 1940 quadam

283 1948 409 1983 virtute
426 1958 467 1983 ac
490 1948 685 1984 divinarum
706 1959 821 1984 rerum
844 1949 990 1984 scientia
1010 1949 1173 1996 praediti,
1201 1960 1266 1984 nec
1288 1959 1328 1985 ea
1351 1949 1491 1996 quidem
1513 1950 1664 1997 vulgari,
1692 1950 1753 1986 sed
1780 1951 1840 1987 ab·

285 2009 399 2040 strusa
415 2016 455 2040 ac
473 2005 659 2042 recondita.
694 2004 792 2041 Unde
808 2006 869 2052 qui
884 2016 906 2041 a
920 2005 1081 2050 Nicolao,
1104 2005 1254 2042 Basilide
1271 2007 1482 2054 caeterisque
1496 2007 1680 2054 propagati
1695 2018 1839 2044 arcanas

285 2062 453 2108 quasdam
470 2073 584 2109 nugas
601 2067 636 2098 et
658 2062 852 2098 execranda
873 2064 990 2099 nescio
1015 2074 1102 2110 quae
1123 2063 1309 2110 figmenta,
1333 2064 1429 2099 velut
1449 2065 1631 2111 mysteria,
1654 2065 1838 2109 traderent,

285 2119 490 2159 Γνωστικοὺς
507 2131 545 2155 se
562 2120 606 2155 ab
624 2120 799 2167 exquisita
813 2120 874 2156 illa
888 2130 1003 2156 rerum
1019 2120 1267 2156 altissimarum
1282 2121 1408 2157 notitia
1424 2121 1490 2157 dici
1504 2122 1696 2158 voluerunt.
1719 2122 1840 2170 Augu·

284 2177 412 2212 stiuus:
441 2178 597 2212 Gnostici
605 2183 750 2224 propter
767 2178 998 2213 excellentiam
1019 2180 1182 2213 scientiae
1197 2181 1247 2213 εἰσ
1263 2190 1299 2227 ερ
1315 2179 1506 2225 appellatos
1521 2191 1591 2215 esec
1602 2181 1657 2215 vel
1667 2181 1842 2227 appellari

284 2234 437 2269 debuisse
453 2235 657 2280 qlon'antar.
691 2233 792 2281 Apud
808 2234 987 2271 Socratem
1002 2235 1062 2270 lib.
1080 2245 1124 2271 n·-
1142 2246 1216 2283 cap.
1233 2246 1348 2279 xvim,
1365 2235 1451 2271 alias
1468 2233 1532 2282 κβ’,
1549 2237 1771 2284 corrigendus
1787 2237 1839 2273 in·

285 2296 434 2339 terpres,
458 2292 517 2339 qui
541 2291 632 2339 quod
649 2291 819 2339 Evagrius
843 2291 884 2328 de
908 2292 1038 2339 insigni
1061 2291 1211 2339 quodam
1233 2292 1403 2329 monacho
1428 2293 1614 2340 scripserat
1632 2293 1676 2329 ad
1690 2294 1838 2331 Mariam

283 2350 398 2384 lacum
414 2347 610 2385 habitante:
635 2351 798 2396 προςοικιϊ
814 2348 849 2384 δὲ
865 2348 947 2397 αὐτῇ
964 2349 1110 2397 μοναχὶις
1127 2351 1182 2394 τῆς
1199 2349 1407 2397 παρεμβολῆς
1423 2352 1488 2385 τῶν
1504 2351 1696 2386 Γνωστικῶν
1714 2350 1731 2386 6
1749 2352 1838 2387 δοκι-

286 2406 456 2453 μώτατος,
479 2407 530 2442 ita
544 2406 662 2442 vertit:
688 2406 732 2441 In
756 2419 798 2442 ea
816 2406 999 2442 „nonachus
1015 2419 1055 2442 esc
1069 2412 1162 2442 secta
1182 2408 1413 2443 Gnosticorum
1428 2410 1483 2442 vir
1497 2411 1760 2454 spectatissimus
1775 2409 1837 2445 Ιια·

286 2465 419 2498 bitae-ie.
443 2463 597 2500 Fallitur.
634 2462 753 2511 Neque
770 2463 863 2499 euim
879 2475 924 2500 ex
940 2467 1013 2500 tam
1028 2465 1165 2512 impure
1180 2468 1275 2500 secta
1289 2464 1471 2501 laudabilis
1488 2475 1528 2500 ac
1544 2466 1672 2512 probus
1689 2466 1837 2502 existere

284 2520 474 2557 monachus
490 2521 620 2568 potuit,
643 2531 756 2568 neque
773 2520 815 2557 de
831 2521 1016 2557 virtutibus
1031 2525 1103 2557 tam
1120 2522 1292 2569 exquisite
1308 2521 1492 2569 disputare.
1528 2522 1639 2565 Quare
1654 2523 1836 2564 Γνωστικδς

284 2579 403 2614 eodem
420 2589 542 2622 sensu,
560 2589 628 2626 quo
646 2578 804 2614 Clemens
822 2589 907 2615 usus
924 2582 994 2622 est,
1011 2583 1046 2615 et
1061 2578 1230 2627 Evagrius
1246 2579 1339 2627 ipse,
1355 2579 1415 2627 qui
1430 2579 1556 2615 librum
1573 2590 1613 2615 eo
1628 2581 1769 2617 nomine
1783 2581 1836 2616 in-

284 2636 482 2682 scripserat,
506 2635 727 2683 accipiendus
744 2638 812 2680 est,
835 2647 959 2684 nempe
977 2634 995 2671 6
1012 2636 1218 2678 καταξιωθιὶς
1234 2638 1289 2682 τῆς
1305 2635 1473 2683 γνώσεως,
1498 2637 1627 2672 eximia
1642 2638 1835 2674 divinarum

285 2703 396 2727 rerum
414 2693 559 2728 scientia
574 2692 760 2740 praeditus.
795 2693 910 2730 Redeo
934 2693 977 2729 ad
997 2692 1156 2730 haeresin
1174 2693 1431 2737 Gnosticorum,
1455 2704 1543 2740 quae
1566 2705 1637 2730 non
1660 2705 1731 2731 una
1753 2696 1834 2731 sim·-

284 2750 433 2796 plexque
446 2749 526 2793 suit,
543 2749 603 2786 sed
616 2750 868 2795 universitate,
885 2761 974 2798 quos
987 2750 1170 2787 fabulones
1182 2750 1398 2798 Augustinus
1410 2754 1527 2794 vocat,
1544 2754 1677 2799 quique,
1693 2755 1733 2788 ut
1743 2752 1834 2789 idem

284 2807 350 2849 ait,
358 2808 503 2853 salmias
519 2819 646 2851 eattae,
669 2819 790 2854 easque
806 2809 926 2855 Ionyas
942 2815 974 2844 ce
985 2809 1169 2856 perplexas
1186 2813 1436 2851 contexuerunt,
1458 2806 1701 2845 Gnosticorum
1717 2810 1833 2858 appel-

285 2864 412 2899 latione
428 2868 621 2901 censentur.
648 2856 861 2912 Epiphanius
877 2866 968 2902 infra
982 2864 1076 2901 haer.
1090 2877 1198 2909 xxxi„
1214 2865 1279 2902 sub
1294 2865 1442 2908 initium,
1459 2865 1576 2901 decem
1591 2866 1833 2903 Gnosticorum

286 2931 413 2966 genera
428 2921 526 2964 facit,
549 2932 569 2956 a
584 2921 726 2957 totidem
742 2922 878 2958 illorum
893 2926 1087 2971 propagata
1102 2922 1265 2967 ducibus,
1289 2932 1375 2970 quos
1391 2922 1516 2970 partim
1533 2922 1654 2959 eodem
1669 2924 1728 2960 illo
1744 2924 1831 2969 loco,

288 2979 410 3025 partim
428 2977 559 3014 haeresi
577 2990 683 3014 xxvn.
700 2990 734 3014 n.
750 2990 760 3014 ι
777 2984 964 3027 percenset.
1004 2980 1094 3016 Sunt
1109 2983 1223 3016 autem
1239 2978 1290 3015 hi:
1314 2979 1435 3016 Simon
1450 2980 1650 3024 Menander,
1675 2980 1830 3018 Saturni·

285 3036 356 3079 las,
381 3035 564 3080 Basilides,
589 3034 766 3082 Nicolaus,
789 3036 1030 3087 Carpocrates,
1047 3037 1265 3083 Valentinus,
1286 3035 1511 3082 Golorbasus,
1532 3037 1769 3083 Ptolomaeus,
1796 3042 1830 3077 ot
