<?xml version="1.0" encoding="UTF-8"?>
<!DOCTYPE html PUBLIC "-//W3C//DTD XHTML 1.0 Transitional//EN"
    "http://www.w3.org/TR/xhtml1/DTD/xhtml1-transitional.dtd">
<html xmlns="http://www.w3.org/1999/xhtml" xml:lang="en" lang="en">
 <head>
  <title>
</title>
<meta http-equiv="Content-Type" content="text/html;charset=utf-8" />
  <meta name='ocr-system' content='tesseract 3.04.00' />
  <meta name='ocr-capabilities' content='ocr_page ocr_carea ocr_par ocr_line ocrx_word'/>
</head>
<body>
  <div class='ocr_page' id='page_1' title='image "./corporishaereseo03epip_0438.png"; bbox 0 0 2008 3294; ppageno 0'>
   <div class='ocr_carea' id='block_1_1' title="bbox 175 500 277 533">
    <p class='ocr_par' dir='ltr' id='par_1_1' title="bbox 175 500 277 533">
     <span class='ocr_line' id='line_1_1' title="bbox 175 500 277 533; baseline 0.011 -7"><span class='ocrx_word' id='word_1_1' title='bbox 175 508 205 533; x_wconf 88' lang='lat' dir='ltr'><strong>p.</strong></span> <span class='ocrx_word' id='word_1_2' title='bbox 217 500 277 527; x_wconf 77' lang='lat'><strong>351.</strong></span> 
     </span>
    </p>
   </div>
   <div class='ocr_carea' id='block_1_2' title="bbox 182 2724 280 2759">
    <p class='ocr_par' dir='ltr' id='par_1_2' title="bbox 182 2724 280 2759">
     <span class='ocr_line' id='line_1_2' title="bbox 182 2724 280 2759; baseline 0.01 -6"><span class='ocrx_word' id='word_1_3' title='bbox 182 2733 210 2759; x_wconf 70' lang='lat' dir='ltr'><strong>p.</strong></span> <span class='ocrx_word' id='word_1_4' title='bbox 223 2724 280 2754; x_wconf 76' lang='lat' dir='ltr'><strong>m.</strong></span> 
     </span>
    </p>
   </div>
   <div class='ocr_carea' id='block_1_3' title="bbox 311 222 432 260">
    <p class='ocr_par' dir='ltr' id='par_1_3' title="bbox 311 222 432 260">
     <span class='ocr_line' id='line_1_3' title="bbox 311 222 432 260; baseline 0 0"><span class='ocrx_word' id='word_1_5' title='bbox 311 222 432 260; x_wconf 82' lang='lat' dir='ltr'>CGGX</span> 
     </span>
    </p>
   </div>
   <div class='ocr_carea' id='block_1_4' title="bbox 308 325 1856 3111">
    <p class='ocr_par' dir='ltr' id='par_1_4' title="bbox 308 325 1845 487">
     <span class='ocr_line' id='line_1_4' title="bbox 309 325 1845 374; baseline 0.001 -13"><span class='ocrx_word' id='word_1_6' title='bbox 309 327 422 368; x_wconf 86' lang='lat' dir='ltr'><strong>batur,</strong></span> <span class='ocrx_word' id='word_1_7' title='bbox 442 328 504 360; x_wconf 85' lang='lat' dir='ltr'><strong>aut</strong></span> <span class='ocrx_word' id='word_1_8' title='bbox 519 335 541 360; x_wconf 86' lang='lat' dir='ltr'><strong>a</strong></span> <span class='ocrx_word' id='word_1_9' title='bbox 554 325 713 360; x_wconf 86' lang='lat' dir='ltr'><strong>fidelibus</strong></span> <span class='ocrx_word' id='word_1_10' title='bbox 734 325 974 372; x_wconf 76' lang='lat' dir='ltr'><strong>usurpabatur.</strong></span> <span class='ocrx_word' id='word_1_11' title='bbox 1018 326 1118 369; x_wconf 85' lang='lat' dir='ltr'><strong>Quod</strong></span> <span class='ocrx_word' id='word_1_12' title='bbox 1140 337 1186 361; x_wconf 83' lang='lat' dir='ltr'><strong>ex</strong></span> <span class='ocrx_word' id='word_1_13' title='bbox 1209 325 1349 361; x_wconf 84' lang='lat' dir='ltr'><strong>Socrate</strong></span> <span class='ocrx_word' id='word_1_14' title='bbox 1371 327 1538 373; x_wconf 84' lang='lat' dir='ltr'><strong>primum,</strong></span> <span class='ocrx_word' id='word_1_15' title='bbox 1559 328 1636 363; x_wconf 83' lang='lat' dir='ltr'><strong>loco</strong></span> <span class='ocrx_word' id='word_1_16' title='bbox 1658 327 1719 363; x_wconf 92' lang='lat' dir='ltr'><strong>illo</strong></span> <span class='ocrx_word' id='word_1_17' title='bbox 1743 338 1845 374; x_wconf 84' lang='lat' dir='ltr'><strong>quem</strong></span> 
     </span>
     <span class='ocr_line' id='line_1_5' title="bbox 308 382 1845 432; baseline 0.001 -14"><span class='ocrx_word' id='word_1_18' title='bbox 308 383 412 430; x_wconf 85' lang='lat' dir='ltr'><strong>paulo</strong></span> <span class='ocrx_word' id='word_1_19' title='bbox 435 386 515 417; x_wconf 89' lang='lat' dir='ltr'><strong>ante</strong></span> <span class='ocrx_word' id='word_1_20' title='bbox 533 382 729 425; x_wconf 75' lang='lat' dir='ltr'>citavimus,</span> <span class='ocrx_word' id='word_1_21' title='bbox 751 382 965 429; x_wconf 80' lang='lat' dir='ltr'><strong>intelligitur,</strong></span> <span class='ocrx_word' id='word_1_22' title='bbox 989 384 1050 419; x_wconf 92' lang='lat' dir='ltr'><strong>ubi</strong></span> <span class='ocrx_word' id='word_1_23' title='bbox 1064 385 1102 427; x_wconf 82' lang='grc' dir='ltr'>τῆ·</span> <span class='ocrx_word' id='word_1_24' title='bbox 1118 383 1245 429; x_wconf 85' lang='grc' dir='ltr'>τετράδι</span> <span class='ocrx_word' id='word_1_25' title='bbox 1261 382 1315 417; x_wconf 67' lang='grc' dir='ltr'><strong>καὶ</strong></span> <span class='ocrx_word' id='word_1_26' title='bbox 1329 387 1514 432; x_wconf 81' lang='grc' dir='ltr'>παρασκευῇ</span> <span class='ocrx_word' id='word_1_27' title='bbox 1530 395 1681 431; x_wconf 77' lang='lat' dir='ltr'><strong>synaxes</strong></span> <span class='ocrx_word' id='word_1_28' title='bbox 1696 384 1845 420; x_wconf 80' lang='lat' dir='ltr'><strong>Alexan-</strong></span> 
     </span>
     <span class='ocr_line' id='line_1_6' title="bbox 310 438 1239 487; baseline 0 -12"><span class='ocrx_word' id='word_1_29' title='bbox 310 440 403 475; x_wconf 80' lang='lat' dir='ltr'><strong>driae</strong></span> <span class='ocrx_word' id='word_1_30' title='bbox 417 439 493 474; x_wconf 86' lang='lat' dir='ltr'><strong>fieri</strong></span> <span class='ocrx_word' id='word_1_31' title='bbox 507 439 636 481; x_wconf 81' lang='lat' dir='ltr'>scribit,</span> <span class='ocrx_word' id='word_1_32' title='bbox 653 438 730 485; x_wconf 81' lang='grc' dir='ltr'>δίχα</span> <span class='ocrx_word' id='word_1_33' title='bbox 749 441 804 483; x_wconf 78' lang='grc' dir='ltr'>τῆς</span> <span class='ocrx_word' id='word_1_34' title='bbox 820 441 886 474; x_wconf 85' lang='grc' dir='ltr'>τῶν</span> <span class='ocrx_word' id='word_1_35' title='bbox 902 439 1084 487; x_wconf 79' lang='grc' dir='ltr'>μυστηρίων</span> <span class='ocrx_word' id='word_1_36' title='bbox 1101 439 1239 484; x_wconf 80' lang='grc' dir='ltr'>τελετῆς.</span> 
     </span>
    </p>

    <p class='ocr_par' dir='ltr' id='par_1_5' title="bbox 308 495 1856 3111">
     <span class='ocr_line' id='line_1_7' title="bbox 397 495 1846 545; baseline 0.003 -15"><span class='ocrx_word' id='word_1_37' title='bbox 397 496 488 531; x_wconf 86' lang='lat' dir='ltr'><strong>Tum</strong></span> <span class='ocrx_word' id='word_1_38' title='bbox 501 496 660 531; x_wconf 80' lang='lat' dir='ltr'><strong>universe</strong></span> <span class='ocrx_word' id='word_1_39' title='bbox 676 496 718 531; x_wconf 90' lang='lat' dir='ltr'><strong>de</strong></span> <span class='ocrx_word' id='word_1_40' title='bbox 734 495 966 532; x_wconf 75' lang='lat' dir='ltr'><strong>Orientalibus</strong></span> <span class='ocrx_word' id='word_1_41' title='bbox 982 507 1022 532; x_wconf 87' lang='lat' dir='ltr'><strong>ac</strong></span> <span class='ocrx_word' id='word_1_42' title='bbox 1039 497 1179 532; x_wconf 86' lang='lat' dir='ltr'><strong>Graecis</strong></span> <span class='ocrx_word' id='word_1_43' title='bbox 1194 497 1242 532; x_wconf 87' lang='lat' dir='ltr'><strong>ita</strong></span> <span class='ocrx_word' id='word_1_44' title='bbox 1255 500 1371 544; x_wconf 85' lang='lat' dir='ltr'><strong>potest</strong></span> <span class='ocrx_word' id='word_1_45' title='bbox 1386 497 1519 533; x_wconf 90' lang='lat' dir='ltr'><strong>confici.</strong></span> <span class='ocrx_word' id='word_1_46' title='bbox 1553 498 1688 534; x_wconf 83' lang='lat' dir='ltr'><strong>Etenim</strong></span> <span class='ocrx_word' id='word_1_47' title='bbox 1711 509 1772 545; x_wconf 89' lang='lat' dir='ltr'><strong>per</strong></span> <span class='ocrx_word' id='word_1_48' title='bbox 1792 510 1846 534; x_wconf 88' lang='lat' dir='ltr'><strong>so-</strong></span> 
     </span>
     <span class='ocr_line' id='line_1_8' title="bbox 308 553 1847 601; baseline 0.001 -12"><span class='ocrx_word' id='word_1_49' title='bbox 308 554 453 589; x_wconf 88' lang='lat' dir='ltr'><strong>lennes</strong></span> <span class='ocrx_word' id='word_1_50' title='bbox 443 553 650 588; x_wconf 79' lang='lat' dir='ltr'><strong>ieiuniorum</strong></span> <span class='ocrx_word' id='word_1_51' title='bbox 665 553 737 588; x_wconf 90' lang='lat' dir='ltr'><strong>dies</strong></span> <span class='ocrx_word' id='word_1_52' title='bbox 753 554 919 599; x_wconf 78' lang='lat' dir='ltr'><strong>mysteria</strong></span> <span class='ocrx_word' id='word_1_53' title='bbox 932 555 1029 589; x_wconf 83' lang='lat' dir='ltr'><strong>nulla</strong></span> <span class='ocrx_word' id='word_1_54' title='bbox 1043 558 1078 589; x_wconf 91' lang='lat' dir='ltr'><strong>et</strong></span> <span class='ocrx_word' id='word_1_55' title='bbox 1100 554 1267 589; x_wconf 86' lang='lat' dir='ltr'><strong>sacrificia</strong></span> <span class='ocrx_word' id='word_1_56' title='bbox 1289 555 1552 601; x_wconf 77' lang='lat' dir='ltr'><strong>peragebantur,</strong></span> <span class='ocrx_word' id='word_1_57' title='bbox 1575 566 1687 601; x_wconf 86' lang='lat' dir='ltr'><strong>neque</strong></span> <span class='ocrx_word' id='word_1_58' title='bbox 1709 555 1847 601; x_wconf 84' lang='lat' dir='ltr'><strong>publice</strong></span> 
     </span>
     <span class='ocr_line' id='line_1_9' title="bbox 308 610 1847 656; baseline 0.002 -11"><span class='ocrx_word' id='word_1_59' title='bbox 308 621 348 645; x_wconf 91' lang='lat' dir='ltr'><strong>ac</strong></span> <span class='ocrx_word' id='word_1_60' title='bbox 369 610 523 656; x_wconf 80' lang='lat' dir='ltr'><strong>legitime</strong></span> <span class='ocrx_word' id='word_1_61' title='bbox 546 611 846 646; x_wconf 76' lang='lat' dir='ltr'><strong>communicabant</strong></span> <span class='ocrx_word' id='word_1_62' title='bbox 866 610 997 647; x_wconf 87' lang='lat' dir='ltr'><strong>fideles.</strong></span> <span class='ocrx_word' id='word_1_63' title='bbox 1036 611 1126 646; x_wconf 89' lang='lat' dir='ltr'><strong>Nam</strong></span> <span class='ocrx_word' id='word_1_64' title='bbox 1147 611 1382 646; x_wconf 89' lang='lat' dir='ltr'><strong>Laodicenum</strong></span> <span class='ocrx_word' id='word_1_65' title='bbox 1403 612 1590 647; x_wconf 79' lang='lat' dir='ltr'><strong>concilim</strong></span> <span class='ocrx_word' id='word_1_66' title='bbox 1604 623 1736 647; x_wconf 89' lang='lat' dir='ltr'><strong>canone</strong></span> <span class='ocrx_word' id='word_1_67' title='bbox 1752 623 1847 648; x_wconf 80' lang='lat' dir='ltr'><strong>xux.</strong></span> 
     </span>
     <span class='ocr_line' id='line_1_10' title="bbox 308 667 1848 715; baseline 0.001 -13"><span class='ocrx_word' id='word_1_68' title='bbox 308 670 403 702; x_wconf 79' lang='lat' dir='ltr'><strong>vetat</strong></span> <span class='ocrx_word' id='word_1_69' title='bbox 426 667 716 714; x_wconf 86' lang='lat' dir='ltr'><strong>quadragesimali</strong></span> <span class='ocrx_word' id='word_1_70' title='bbox 737 670 890 714; x_wconf 87' lang='lat' dir='ltr'><strong>tempore</strong></span> <span class='ocrx_word' id='word_1_71' title='bbox 912 679 1040 715; x_wconf 89' lang='lat' dir='ltr'><strong>panem</strong></span> <span class='ocrx_word' id='word_1_72' title='bbox 1062 668 1183 703; x_wconf 86' lang='lat' dir='ltr'><strong>offerre</strong></span> <span class='ocrx_word' id='word_1_73' title='bbox 1205 669 1470 715; x_wconf 86' lang='lat' dir='ltr'><strong>praeterquam&#39;</strong></span> <span class='ocrx_word' id='word_1_74' title='bbox 1460 680 1497 704; x_wconf 91' lang='grc' dir='ltr'><strong>ιιι</strong></span> <span class='ocrx_word' id='word_1_75' title='bbox 1512 669 1654 704; x_wconf 84' lang='lat' dir='ltr'><strong>sabbato</strong></span> <span class='ocrx_word' id='word_1_76' title='bbox 1671 671 1774 715; x_wconf 87' lang='lat' dir='ltr'><strong>atque</strong></span> <span class='ocrx_word' id='word_1_77' title='bbox 1789 669 1848 705; x_wconf 91' lang='lat' dir='ltr'><strong>do-</strong></span> 
     </span>
     <span class='ocr_line' id='line_1_11' title="bbox 309 721 1848 773; baseline 0.001 -15"><span class='ocrx_word' id='word_1_78' title='bbox 309 724 448 759; x_wconf 76' lang='lat' dir='ltr'><strong>minica.</strong></span> <span class='ocrx_word' id='word_1_79' title='bbox 470 721 550 759; x_wconf 69' lang='grc' dir='ltr'>’Ὅτι</span> <span class='ocrx_word' id='word_1_80' title='bbox 565 723 602 758; x_wconf 86' lang='grc' dir='ltr'><strong>οὖ</strong></span> <span class='ocrx_word' id='word_1_81' title='bbox 620 724 669 758; x_wconf 80' lang='grc' dir='ltr'><strong>δεῖ</strong></span> <span class='ocrx_word' id='word_1_82' title='bbox 683 727 722 772; x_wconf 77' lang='grc' dir='ltr'>τῇ</span> <span class='ocrx_word' id='word_1_83' title='bbox 741 727 983 772; x_wconf 74' lang='grc' dir='ltr'>τεσσαρακοστῇ</span> <span class='ocrx_word' id='word_1_84' title='bbox 1001 722 1096 772; x_wconf 81' lang='grc' dir='ltr'>ἄρτον</span> <span class='ocrx_word' id='word_1_85' title='bbox 1110 724 1306 773; x_wconf 80' lang='grc' dir='ltr'>προςφέρειν,</span> <span class='ocrx_word' id='word_1_86' title='bbox 1323 723 1349 759; x_wconf 86' lang='grc' dir='ltr'><strong>εἰ</strong></span> <span class='ocrx_word' id='word_1_87' title='bbox 1365 724 1408 772; x_wconf 87' lang='grc' dir='ltr'><strong>μὴ</strong></span> <span class='ocrx_word' id='word_1_88' title='bbox 1425 724 1456 759; x_wconf 78' lang='grc' dir='ltr'><strong>ἐν</strong></span> <span class='ocrx_word' id='word_1_89' title='bbox 1473 723 1629 772; x_wconf 83' lang='grc' dir='ltr'>σαββάτῳ</span> <span class='ocrx_word' id='word_1_90' title='bbox 1645 725 1699 762; x_wconf 66' lang='grc' dir='ltr'><strong>καὶ</strong></span> <span class='ocrx_word' id='word_1_91' title='bbox 1714 727 1848 773; x_wconf 82' lang='grc' dir='ltr'><strong>κυριακῇ</strong></span> 
     </span>
     <span class='ocr_line' id='line_1_12' title="bbox 311 781 1849 829; baseline 0.002 -14"><span class='ocrx_word' id='word_1_92' title='bbox 311 781 421 828; x_wconf 86' lang='grc' dir='ltr'>μόνον.</span> <span class='ocrx_word' id='word_1_93' title='bbox 447 781 557 823; x_wconf 88' lang='lat' dir='ltr'><strong>Quem</strong></span> <span class='ocrx_word' id='word_1_94' title='bbox 569 792 736 817; x_wconf 88' lang='lat' dir='ltr'><strong>canonem</strong></span> <span class='ocrx_word' id='word_1_95' title='bbox 746 782 899 828; x_wconf 86' lang='lat' dir='ltr'><strong>plerique</strong></span> <span class='ocrx_word' id='word_1_96' title='bbox 910 794 982 818; x_wconf 92' lang='lat' dir='ltr'><strong>non</strong></span> <span class='ocrx_word' id='word_1_97' title='bbox 992 786 1084 818; x_wconf 89' lang='lat' dir='ltr'><strong>recte</strong></span> <span class='ocrx_word' id='word_1_98' title='bbox 1097 782 1138 817; x_wconf 91' lang='lat' dir='ltr'><strong>de</strong></span> <span class='ocrx_word' id='word_1_99' title='bbox 1151 783 1297 829; x_wconf 83' lang='lat' dir='ltr'><strong>eulogiis</strong></span> <span class='ocrx_word' id='word_1_100' title='bbox 1306 809 1315 826; x_wconf 93' lang='lat'><strong>,</strong></span> <span class='ocrx_word' id='word_1_101' title='bbox 1331 782 1403 818; x_wconf 89' lang='lat' dir='ltr'><strong>sive</strong></span> <span class='ocrx_word' id='word_1_102' title='bbox 1415 781 1618 818; x_wconf 80' lang='lat' dir='ltr'><strong>fermentato</strong></span> <span class='ocrx_word' id='word_1_103' title='bbox 1630 793 1731 829; x_wconf 85' lang='lat' dir='ltr'><strong>pane,</strong></span> <span class='ocrx_word' id='word_1_104' title='bbox 1745 783 1849 818; x_wconf 80' lang='lat' dir='ltr'><strong>iuter-</strong></span> 
     </span>
     <span class='ocr_line' id='line_1_13' title="bbox 309 837 1849 886; baseline 0.002 -14"><span class='ocrx_word' id='word_1_105' title='bbox 309 838 435 885; x_wconf 88' lang='lat' dir='ltr'><strong>pretati</strong></span> <span class='ocrx_word' id='word_1_106' title='bbox 449 841 545 884; x_wconf 89' lang='lat' dir='ltr'><strong>sunt;</strong></span> <span class='ocrx_word' id='word_1_107' title='bbox 562 837 604 873; x_wconf 89' lang='lat' dir='ltr'><strong>de</strong></span> <span class='ocrx_word' id='word_1_108' title='bbox 619 850 687 885; x_wconf 88' lang='lat' dir='ltr'><strong>quo</strong></span> <span class='ocrx_word' id='word_1_109' title='bbox 703 839 777 885; x_wconf 87' lang='lat' dir='ltr'><strong>agit</strong></span> <span class='ocrx_word' id='word_1_110' title='bbox 791 838 883 874; x_wconf 87' lang='lat' dir='ltr'><strong>idem</strong></span> <span class='ocrx_word' id='word_1_111' title='bbox 897 839 1035 874; x_wconf 87' lang='lat' dir='ltr'><strong>Laodic.</strong></span> <span class='ocrx_word' id='word_1_112' title='bbox 1052 839 1135 874; x_wconf 87' lang='lat' dir='ltr'><strong>Can.</strong></span> <span class='ocrx_word' id='word_1_113' title='bbox 1148 852 1230 882; x_wconf 85' lang='lat' dir='ltr'><strong>xrv.,</strong></span> <span class='ocrx_word' id='word_1_114' title='bbox 1246 843 1281 874; x_wconf 89' lang='lat' dir='ltr'><strong>et</strong></span> <span class='ocrx_word' id='word_1_115' title='bbox 1294 839 1512 885; x_wconf 71' lang='lat' dir='ltr'><strong>Innocentius</strong></span> <span class='ocrx_word' id='word_1_116' title='bbox 1530 851 1552 875; x_wconf 88' lang='lat'><strong>1.</strong></span> <span class='ocrx_word' id='word_1_117' title='bbox 1561 839 1677 886; x_wconf 79' lang='lat' dir='ltr'><strong>Epist.</strong></span> <span class='ocrx_word' id='word_1_118' title='bbox 1689 851 1713 875; x_wconf 84' lang='lat'><strong>1.</strong></span> <span class='ocrx_word' id='word_1_119' title='bbox 1729 850 1804 886; x_wconf 90' lang='lat' dir='ltr'><strong>cap.</strong></span> <span class='ocrx_word' id='word_1_120' title='bbox 1816 839 1849 875; x_wconf 87' lang='lat'><strong>5.</strong></span> 
     </span>
     <span class='ocr_line' id='line_1_14' title="bbox 309 894 1851 943; baseline 0.002 -14"><span class='ocrx_word' id='word_1_121' title='bbox 309 895 422 942; x_wconf 84' lang='lat' dir='ltr'><strong>Atque</strong></span> <span class='ocrx_word' id='word_1_122' title='bbox 437 894 529 930; x_wconf 88' lang='lat' dir='ltr'><strong>hunc</strong></span> <span class='ocrx_word' id='word_1_123' title='bbox 543 895 666 930; x_wconf 89' lang='lat' dir='ltr'><strong>iccirco</strong></span> <span class='ocrx_word' id='word_1_124' title='bbox 681 899 806 942; x_wconf 85' lang='lat' dir='ltr'><strong>putant</strong></span> <span class='ocrx_word' id='word_1_125' title='bbox 821 895 936 932; x_wconf 83' lang='lat' dir='ltr'><strong>offerri</strong></span> <span class='ocrx_word' id='word_1_126' title='bbox 949 908 1010 943; x_wconf 90' lang='lat' dir='ltr'><strong>per</strong></span> <span class='ocrx_word' id='word_1_127' title='bbox 1031 897 1111 932; x_wconf 83' lang='lat' dir='ltr'><strong>iilos</strong></span> <span class='ocrx_word' id='word_1_128' title='bbox 1127 897 1199 932; x_wconf 87' lang='lat' dir='ltr'><strong>dies</strong></span> <span class='ocrx_word' id='word_1_129' title='bbox 1222 897 1363 931; x_wconf 88' lang='lat' dir='ltr'><strong>minime</strong></span> <span class='ocrx_word' id='word_1_130' title='bbox 1386 896 1543 939; x_wconf 84' lang='lat' dir='ltr'><strong>licuisse,</strong></span> <span class='ocrx_word' id='word_1_131' title='bbox 1566 907 1610 932; x_wconf 89' lang='lat' dir='ltr'><strong>ne</strong></span> <span class='ocrx_word' id='word_1_132' title='bbox 1633 907 1674 932; x_wconf 86' lang='lat' dir='ltr'><strong>ea</strong></span> <span class='ocrx_word' id='word_1_133' title='bbox 1696 896 1851 932; x_wconf 83' lang='lat' dir='ltr'><strong>solvendi</strong></span> 
     </span>
     <span class='ocr_line' id='line_1_15' title="bbox 309 952 1852 1000; baseline 0.001 -13"><span class='ocrx_word' id='word_1_134' title='bbox 309 952 429 987; x_wconf 89' lang='lat' dir='ltr'><strong>ieiunii</strong></span> <span class='ocrx_word' id='word_1_135' title='bbox 451 955 545 988; x_wconf 88' lang='lat' dir='ltr'><strong>esset</strong></span> <span class='ocrx_word' id='word_1_136' title='bbox 567 953 714 990; x_wconf 77' lang='lat' dir='ltr'><strong>occasio.</strong></span> <span class='ocrx_word' id='word_1_137' title='bbox 754 952 859 989; x_wconf 84' lang='lat' dir='ltr'><strong>Cuius</strong></span> <span class='ocrx_word' id='word_1_138' title='bbox 882 953 1087 989; x_wconf 81' lang='lat' dir='ltr'><strong>falsissimae</strong></span> <span class='ocrx_word' id='word_1_139' title='bbox 1110 953 1401 1000; x_wconf 78' lang='lat' dir='ltr'><strong>interpretationis</strong></span> <span class='ocrx_word' id='word_1_140' title='bbox 1425 956 1561 989; x_wconf 83' lang='lat' dir='ltr'><strong>autores</strong></span> <span class='ocrx_word' id='word_1_141' title='bbox 1583 954 1636 989; x_wconf 80' lang='lat' dir='ltr'><strong>vis</strong></span> <span class='ocrx_word' id='word_1_142' title='bbox 1658 953 1736 1000; x_wconf 89' lang='lat' dir='ltr'><strong>ipsa</strong></span> <span class='ocrx_word' id='word_1_143' title='bbox 1755 954 1852 989; x_wconf 81' lang='lat' dir='ltr'><strong>verbi</strong></span> 
     </span>
     <span class='ocr_line' id='line_1_16' title="bbox 311 1008 1852 1057; baseline 0.003 -15"><span class='ocrx_word' id='word_1_144' title='bbox 311 1008 496 1056; x_wconf 80' lang='grc' dir='ltr'>προςφέρειν</span> <span class='ocrx_word' id='word_1_145' title='bbox 518 1020 560 1044; x_wconf 90' lang='lat' dir='ltr'><strong>ac</strong></span> <span class='ocrx_word' id='word_1_146' title='bbox 580 1013 734 1056; x_wconf 85' lang='lat' dir='ltr'><strong>potestas</strong></span> <span class='ocrx_word' id='word_1_147' title='bbox 756 1010 897 1054; x_wconf 80' lang='lat' dir='ltr'><strong>refellit,</strong></span> <span class='ocrx_word' id='word_1_148' title='bbox 921 1021 1008 1057; x_wconf 84' lang='lat' dir='ltr'><strong>quae</strong></span> <span class='ocrx_word' id='word_1_149' title='bbox 1025 1011 1066 1046; x_wconf 90' lang='lat' dir='ltr'><strong>de</strong></span> <span class='ocrx_word' id='word_1_150' title='bbox 1081 1010 1249 1045; x_wconf 89' lang='lat' dir='ltr'><strong>sacrificio</strong></span> <span class='ocrx_word' id='word_1_151' title='bbox 1265 1013 1300 1045; x_wconf 92' lang='lat' dir='ltr'><strong>et</strong></span> <span class='ocrx_word' id='word_1_152' title='bbox 1315 1010 1489 1045; x_wconf 86' lang='lat' dir='ltr'><strong>oblatione</strong></span> <span class='ocrx_word' id='word_1_153' title='bbox 1504 1011 1592 1046; x_wconf 88' lang='lat' dir='ltr'><strong>solet</strong></span> <span class='ocrx_word' id='word_1_154' title='bbox 1606 1011 1731 1057; x_wconf 84' lang='lat' dir='ltr'><strong>accipi,</strong></span> <span class='ocrx_word' id='word_1_155' title='bbox 1755 1014 1794 1046; x_wconf 94' lang='lat' dir='ltr'><strong>ut</strong></span> <span class='ocrx_word' id='word_1_156' title='bbox 1814 1011 1852 1046; x_wconf 88' lang='lat' dir='ltr'><strong>in</strong></span> 
     </span>
     <span class='ocr_line' id='line_1_17' title="bbox 309 1065 1852 1115; baseline 0.001 -14"><span class='ocrx_word' id='word_1_157' title='bbox 309 1065 462 1101; x_wconf 83' lang='lat' dir='ltr'><strong>Nicaeno</strong></span> <span class='ocrx_word' id='word_1_158' title='bbox 478 1065 563 1102; x_wconf 86' lang='lat' dir='ltr'><strong>Gan.</strong></span> <span class='ocrx_word' id='word_1_159' title='bbox 579 1078 678 1102; x_wconf 84' lang='lat' dir='ltr'><strong>xvm.</strong></span> <span class='ocrx_word' id='word_1_160' title='bbox 711 1067 774 1102; x_wconf 82' lang='lat' dir='ltr'><strong>Est</strong></span> <span class='ocrx_word' id='word_1_161' title='bbox 787 1067 892 1114; x_wconf 86' lang='lat' dir='ltr'><strong>igitur</strong></span> <span class='ocrx_word' id='word_1_162' title='bbox 907 1067 1091 1115; x_wconf 78' lang='grc' dir='ltr'>προςφέρειν</span> <span class='ocrx_word' id='word_1_163' title='bbox 1109 1065 1204 1113; x_wconf 84' lang='grc' dir='ltr'>ἄρτον</span> <span class='ocrx_word' id='word_1_164' title='bbox 1226 1078 1352 1114; x_wconf 88' lang='lat' dir='ltr'><strong>panem</strong></span> <span class='ocrx_word' id='word_1_165' title='bbox 1374 1068 1490 1114; x_wconf 90' lang='lat' dir='ltr'><strong>ipsum</strong></span> <span class='ocrx_word' id='word_1_166' title='bbox 1512 1071 1783 1114; x_wconf 77' lang='lat' dir='ltr'><strong>repraesentare,</strong></span> <span class='ocrx_word' id='word_1_167' title='bbox 1807 1079 1852 1103; x_wconf 82' lang='lat' dir='ltr'><strong>ex</strong></span> 
     </span>
     <span class='ocr_line' id='line_1_18' title="bbox 311 1121 1852 1171; baseline 0.001 -13"><span class='ocrx_word' id='word_1_168' title='bbox 311 1135 380 1170; x_wconf 87' lang='lat' dir='ltr'><strong>quo</strong></span> <span class='ocrx_word' id='word_1_169' title='bbox 397 1121 523 1158; x_wconf 85' lang='lat' dir='ltr'><strong>Christi</strong></span> <span class='ocrx_word' id='word_1_170' title='bbox 536 1134 660 1170; x_wconf 86' lang='lat' dir='ltr'><strong>corpus</strong></span> <span class='ocrx_word' id='word_1_171' title='bbox 675 1125 931 1160; x_wconf 88' lang='lat' dir='ltr'><strong>consecratione</strong></span> <span class='ocrx_word' id='word_1_172' title='bbox 946 1124 1054 1160; x_wconf 90' lang='lat' dir='ltr'><strong>fieret.</strong></span> <span class='ocrx_word' id='word_1_173' title='bbox 1088 1123 1186 1167; x_wconf 86' lang='lat' dir='ltr'><strong>Quod</strong></span> <span class='ocrx_word' id='word_1_174' title='bbox 1209 1125 1333 1171; x_wconf 88' lang='lat' dir='ltr'><strong>partim</strong></span> <span class='ocrx_word' id='word_1_175' title='bbox 1356 1135 1378 1159; x_wconf 85' lang='lat' dir='ltr'><strong>a</strong></span> <span class='ocrx_word' id='word_1_176' title='bbox 1396 1124 1630 1160; x_wconf 87' lang='lat' dir='ltr'><strong>sacerdotibus</strong></span> <span class='ocrx_word' id='word_1_177' title='bbox 1645 1125 1730 1171; x_wconf 88' lang='lat' dir='ltr'><strong>ipsis</strong></span> <span class='ocrx_word' id='word_1_178' title='bbox 1745 1125 1783 1160; x_wconf 93' lang='lat' dir='ltr'><strong>in</strong></span> <span class='ocrx_word' id='word_1_179' title='bbox 1797 1137 1852 1160; x_wconf 87' lang='lat' dir='ltr'><strong>sa-</strong></span> 
     </span>
     <span class='ocr_line' id='line_1_19' title="bbox 310 1179 1854 1231; baseline 0.001 -16"><span class='ocrx_word' id='word_1_180' title='bbox 310 1191 448 1215; x_wconf 87' lang='lat' dir='ltr'><strong>crorum</strong></span> <span class='ocrx_word' id='word_1_181' title='bbox 469 1179 645 1216; x_wconf 80' lang='lat' dir='ltr'><strong>functione</strong></span> <span class='ocrx_word' id='word_1_182' title='bbox 668 1192 707 1216; x_wconf 88' lang='lat' dir='ltr'><strong>ac</strong></span> <span class='ocrx_word' id='word_1_183' title='bbox 731 1180 841 1231; x_wconf 53' lang='grc' dir='ltr'>τελρτῇ·</span> <span class='ocrx_word' id='word_1_184' title='bbox 865 1181 1005 1228; x_wconf 85' lang='lat' dir='ltr'><strong>geritur,</strong></span> <span class='ocrx_word' id='word_1_185' title='bbox 1028 1181 1153 1228; x_wconf 83' lang='lat' dir='ltr'><strong>partim</strong></span> <span class='ocrx_word' id='word_1_186' title='bbox 1177 1185 1256 1216; x_wconf 87' lang='lat' dir='ltr'><strong>ante</strong></span> <span class='ocrx_word' id='word_1_187' title='bbox 1279 1182 1524 1227; x_wconf 77' lang='lat' dir='ltr'><strong>mysteriorum</strong></span> <span class='ocrx_word' id='word_1_188' title='bbox 1546 1182 1809 1218; x_wconf 81' lang='lat' dir='ltr'><strong>celebrationem</strong></span> <span class='ocrx_word' id='word_1_189' title='bbox 1832 1193 1854 1217; x_wconf 86' lang='lat' dir='ltr'><strong>a</strong></span> 
     </span>
     <span class='ocr_line' id='line_1_20' title="bbox 310 1237 1853 1286; baseline 0.001 -13"><span class='ocrx_word' id='word_1_190' title='bbox 310 1238 481 1274; x_wconf 88' lang='lat' dir='ltr'><strong>fidelibus.</strong></span> <span class='ocrx_word' id='word_1_191' title='bbox 517 1237 627 1273; x_wconf 88' lang='lat' dir='ltr'><strong>Nemo</strong></span> <span class='ocrx_word' id='word_1_192' title='bbox 644 1238 736 1273; x_wconf 84' lang='lat' dir='ltr'><strong>enim</strong></span> <span class='ocrx_word' id='word_1_193' title='bbox 752 1239 838 1274; x_wconf 89' lang='lat' dir='ltr'><strong>citra</strong></span> <span class='ocrx_word' id='word_1_194' title='bbox 853 1242 971 1274; x_wconf 87' lang='lat' dir='ltr'><strong>notam</strong></span> <span class='ocrx_word' id='word_1_195' title='bbox 987 1238 1137 1285; x_wconf 86' lang='lat' dir='ltr'><strong>aliquam</strong></span> <span class='ocrx_word' id='word_1_196' title='bbox 1154 1237 1357 1285; x_wconf 78' lang='grc' dir='ltr'>ἀσύμβολος,</span> <span class='ocrx_word' id='word_1_197' title='bbox 1381 1242 1415 1274; x_wconf 92' lang='lat' dir='ltr'><strong>et</strong></span> <span class='ocrx_word' id='word_1_198' title='bbox 1437 1239 1512 1274; x_wconf 87' lang='lat' dir='ltr'><strong>sine</strong></span> <span class='ocrx_word' id='word_1_199' title='bbox 1529 1239 1701 1274; x_wconf 89' lang='lat' dir='ltr'><strong>oblatione</strong></span> <span class='ocrx_word' id='word_1_200' title='bbox 1716 1239 1853 1286; x_wconf 87' lang='lat' dir='ltr'><strong>propria</strong></span> 
     </span>
     <span class='ocr_line' id='line_1_21' title="bbox 311 1295 1852 1343; baseline 0.001 -13"><span class='ocrx_word' id='word_1_201' title='bbox 311 1295 599 1338; x_wconf 85' lang='lat' dir='ltr'><strong>communicabat,</strong></span> <span class='ocrx_word' id='word_1_202' title='bbox 622 1295 684 1330; x_wconf 85' lang='lat' dir='ltr'><strong>sed</strong></span> <span class='ocrx_word' id='word_1_203' title='bbox 705 1306 832 1341; x_wconf 85' lang='lat' dir='ltr'><strong>panem</strong></span> <span class='ocrx_word' id='word_1_204' title='bbox 854 1307 956 1330; x_wconf 87' lang='lat' dir='ltr'><strong>suum</strong></span> <span class='ocrx_word' id='word_1_205' title='bbox 979 1306 1020 1331; x_wconf 88' lang='lat' dir='ltr'><strong>ac</strong></span> <span class='ocrx_word' id='word_1_206' title='bbox 1042 1296 1162 1331; x_wconf 83' lang='lat' dir='ltr'><strong>vinum</strong></span> <span class='ocrx_word' id='word_1_207' title='bbox 1186 1295 1360 1331; x_wconf 83' lang='lat' dir='ltr'><strong>offerebat.</strong></span> <span class='ocrx_word' id='word_1_208' title='bbox 1397 1296 1486 1331; x_wconf 87' lang='lat' dir='ltr'><strong>Hinc</strong></span> <span class='ocrx_word' id='word_1_209' title='bbox 1505 1295 1689 1332; x_wconf 76' lang='lat' dir='ltr'><strong>vehemens</strong></span> <span class='ocrx_word' id='word_1_210' title='bbox 1710 1296 1772 1332; x_wconf 82' lang='lat' dir='ltr'><strong>illa</strong></span> <span class='ocrx_word' id='word_1_211' title='bbox 1787 1295 1852 1343; x_wconf 78' lang='lat' dir='ltr'><strong>Gy-</strong></span> 
     </span>
     <span class='ocr_line' id='line_1_22' title="bbox 311 1351 1856 1400; baseline 0.001 -13"><span class='ocrx_word' id='word_1_212' title='bbox 311 1353 423 1399; x_wconf 86' lang='lat' dir='ltr'><strong>priani</strong></span> <span class='ocrx_word' id='word_1_213' title='bbox 446 1352 586 1399; x_wconf 84' lang='lat' dir='ltr'><strong>querela</strong></span> <span class='ocrx_word' id='word_1_214' title='bbox 609 1351 650 1386; x_wconf 90' lang='lat' dir='ltr'><strong>de</strong></span> <span class='ocrx_word' id='word_1_215' title='bbox 672 1353 839 1388; x_wconf 85' lang='lat' dir='ltr'><strong>matronis</strong></span> <span class='ocrx_word' id='word_1_216' title='bbox 862 1353 1091 1400; x_wconf 87' lang='lat' dir='ltr'><strong>locupletibus</strong></span> <span class='ocrx_word' id='word_1_217' title='bbox 1113 1353 1172 1388; x_wconf 92' lang='lat' dir='ltr'><strong>lib.</strong></span> <span class='ocrx_word' id='word_1_218' title='bbox 1190 1352 1232 1387; x_wconf 91' lang='lat' dir='ltr'><strong>de</strong></span> <span class='ocrx_word' id='word_1_219' title='bbox 1248 1352 1358 1400; x_wconf 89' lang='lat' dir='ltr'><strong>Opere</strong></span> <span class='ocrx_word' id='word_1_220' title='bbox 1381 1356 1416 1388; x_wconf 90' lang='lat' dir='ltr'><strong>et</strong></span> <span class='ocrx_word' id='word_1_221' title='bbox 1433 1353 1602 1389; x_wconf 82' lang='lat' dir='ltr'><strong>Eleemos.</strong></span> <span class='ocrx_word' id='word_1_222' title='bbox 1641 1353 1808 1400; x_wconf 75' lang='lat' dir='ltr'><strong>Locuples</strong></span> <span class='ocrx_word' id='word_1_223' title='bbox 1822 1359 1856 1388; x_wconf 78' lang='lat' dir='ltr'><strong>et</strong></span> 
     </span>
     <span class='ocr_line' id='line_1_23' title="bbox 313 1410 1853 1457; baseline 0.001 -12"><span class='ocrx_word' id='word_1_224' title='bbox 313 1411 406 1445; x_wconf 67' lang='lat' dir='ltr'><strong>dives</strong></span> <span class='ocrx_word' id='word_1_225' title='bbox 421 1421 470 1451; x_wconf 74' lang='lat' dir='ltr'><strong>es,</strong></span> <span class='ocrx_word' id='word_1_226' title='bbox 494 1415 528 1443; x_wconf 80' lang='lat' dir='ltr'><strong>et</strong></span> <span class='ocrx_word' id='word_1_227' title='bbox 541 1410 741 1444; x_wconf 81' lang='lat' dir='ltr'><strong>dominicum</strong></span> <span class='ocrx_word' id='word_1_228' title='bbox 757 1410 929 1444; x_wconf 76' lang='lat' dir='ltr'><strong>celebrare</strong></span> <span class='ocrx_word' id='word_1_229' title='bbox 945 1416 975 1444; x_wconf 77' lang='lat' dir='ltr'><strong>te</strong></span> <span class='ocrx_word' id='word_1_230' title='bbox 997 1411 1124 1452; x_wconf 81' lang='lat' dir='ltr'><strong>credis,</strong></span> <span class='ocrx_word' id='word_1_231' title='bbox 1148 1422 1233 1456; x_wconf 77' lang='lat' dir='ltr'><strong>quae</strong></span> <span class='ocrx_word' id='word_1_232' title='bbox 1257 1411 1434 1445; x_wconf 82' lang='lat' dir='ltr'><strong>corbonam</strong></span> <span class='ocrx_word' id='word_1_233' title='bbox 1458 1414 1586 1446; x_wconf 74' lang='lat' dir='ltr'><strong>omnino</strong></span> <span class='ocrx_word' id='word_1_234' title='bbox 1610 1423 1676 1445; x_wconf 83' lang='lat' dir='ltr'><strong>non</strong></span> <span class='ocrx_word' id='word_1_235' title='bbox 1697 1413 1853 1457; x_wconf 69' lang='lat' dir='ltr'><strong>respicis,</strong></span> 
     </span>
     <span class='ocr_line' id='line_1_24' title="bbox 311 1467 1854 1514; baseline 0 -12"><span class='ocrx_word' id='word_1_236' title='bbox 311 1479 396 1512; x_wconf 79' lang='lat' dir='ltr'><strong>quae</strong></span> <span class='ocrx_word' id='word_1_237' title='bbox 411 1469 447 1501; x_wconf 77' lang='lat' dir='ltr'><strong>in</strong></span> <span class='ocrx_word' id='word_1_238' title='bbox 463 1468 664 1501; x_wconf 69' lang='lat' dir='ltr'><strong>donninicum</strong></span> <span class='ocrx_word' id='word_1_239' title='bbox 678 1469 749 1501; x_wconf 75' lang='lat' dir='ltr'><strong>eine</strong></span> <span class='ocrx_word' id='word_1_240' title='bbox 764 1467 935 1512; x_wconf 56' lang='lat' dir='ltr'><strong>sacrificio</strong></span> <span class='ocrx_word' id='word_1_241' title='bbox 950 1469 1052 1509; x_wconf 80' lang='lat' dir='ltr'><strong>venis,</strong></span> <span class='ocrx_word' id='word_1_242' title='bbox 1068 1479 1153 1512; x_wconf 78' lang='lat' dir='ltr'><strong>quae</strong></span> <span class='ocrx_word' id='word_1_243' title='bbox 1167 1469 1204 1501; x_wconf 77' lang='lat' dir='ltr'><strong>in</strong></span> <span class='ocrx_word' id='word_1_244' title='bbox 1213 1473 1350 1513; x_wconf 79' lang='lat' dir='ltr'><strong>partem</strong></span> <span class='ocrx_word' id='word_1_245' title='bbox 1366 1468 1407 1502; x_wconf 83' lang='lat' dir='ltr'><strong>de</strong></span> <span class='ocrx_word' id='word_1_246' title='bbox 1422 1469 1604 1514; x_wconf 67' lang='lat' dir='ltr'><strong>sacr-fficio,</strong></span> <span class='ocrx_word' id='word_1_247' title='bbox 1621 1469 1708 1513; x_wconf 76' lang='lat' dir='ltr'><strong>quod</strong></span> <span class='ocrx_word' id='word_1_248' title='bbox 1717 1479 1854 1514; x_wconf 81' lang='lat' dir='ltr'><strong>pauper</strong></span> 
     </span>
     <span class='ocr_line' id='line_1_25' title="bbox 313 1523 1853 1571; baseline 0.001 -12"><span class='ocrx_word' id='word_1_249' title='bbox 313 1525 438 1565; x_wconf 75' lang='lat' dir='ltr'><strong>obtulit,</strong></span> <span class='ocrx_word' id='word_1_250' title='bbox 453 1525 576 1558; x_wconf 68' lang='lat' dir='ltr'><strong>sumis!</strong></span> <span class='ocrx_word' id='word_1_251' title='bbox 604 1523 820 1570; x_wconf 88' lang='lat' dir='ltr'><strong>Augustinus</strong></span> <span class='ocrx_word' id='word_1_252' title='bbox 837 1523 947 1560; x_wconf 87' lang='lat' dir='ltr'><strong>Serm.</strong></span> <span class='ocrx_word' id='word_1_253' title='bbox 962 1534 1064 1560; x_wconf 85' lang='lat' dir='ltr'><strong>ccxv.</strong></span> <span class='ocrx_word' id='word_1_254' title='bbox 1081 1523 1122 1559; x_wconf 86' lang='lat' dir='ltr'><strong>de</strong></span> <span class='ocrx_word' id='word_1_255' title='bbox 1138 1524 1322 1571; x_wconf 82' lang='lat' dir='ltr'><strong>Tempore:</strong></span> <span class='ocrx_word' id='word_1_256' title='bbox 1350 1523 1557 1567; x_wconf 71' lang='lat' dir='ltr'><strong>Oblationes,</strong></span> <span class='ocrx_word' id='word_1_257' title='bbox 1573 1537 1659 1570; x_wconf 78' lang='lat' dir='ltr'><strong>quae</strong></span> <span class='ocrx_word' id='word_1_258' title='bbox 1673 1527 1710 1559; x_wconf 76' lang='lat' dir='ltr'><strong>in</strong></span> <span class='ocrx_word' id='word_1_259' title='bbox 1727 1526 1853 1560; x_wconf 73' lang='lat' dir='ltr'><strong>altario</strong></span> 
     </span>
     <span class='ocr_line' id='line_1_26' title="bbox 313 1580 1853 1627; baseline 0 -11"><span class='ocrx_word' id='word_1_260' title='bbox 313 1586 556 1622; x_wconf 73' lang='lat' dir='ltr'><strong>consecrentur,</strong></span> <span class='ocrx_word' id='word_1_261' title='bbox 572 1583 698 1627; x_wconf 81' lang='lat' dir='ltr'><strong>offerte.</strong></span> <span class='ocrx_word' id='word_1_262' title='bbox 733 1580 942 1615; x_wconf 70' lang='lat' dir='ltr'><strong>Erubescere</strong></span> <span class='ocrx_word' id='word_1_263' title='bbox 958 1581 1053 1617; x_wconf 79' lang='lat' dir='ltr'><strong>debet</strong></span> <span class='ocrx_word' id='word_1_264' title='bbox 1065 1580 1159 1616; x_wconf 76' lang='lat' dir='ltr'><strong>homo</strong></span> <span class='ocrx_word' id='word_1_265' title='bbox 1174 1582 1329 1623; x_wconf 70' lang='lat' dir='ltr'><strong>idoneus,</strong></span> <span class='ocrx_word' id='word_1_266' title='bbox 1352 1585 1384 1616; x_wconf 81' lang='lat' dir='ltr'><strong>si</strong></span> <span class='ocrx_word' id='word_1_267' title='bbox 1399 1583 1440 1616; x_wconf 82' lang='lat' dir='ltr'><strong>de</strong></span> <span class='ocrx_word' id='word_1_268' title='bbox 1455 1583 1571 1617; x_wconf 80' lang='lat' dir='ltr'><strong>aliena</strong></span> <span class='ocrx_word' id='word_1_269' title='bbox 1587 1582 1752 1617; x_wconf 76' lang='lat' dir='ltr'><strong>oblatione</strong></span> <span class='ocrx_word' id='word_1_270' title='bbox 1767 1594 1853 1617; x_wconf 77' lang='lat' dir='ltr'><strong>com-</strong></span> 
     </span>
     <span class='ocr_line' id='line_1_27' title="bbox 312 1627 1854 1699; baseline 0.001 -27"><span class='ocrx_word' id='word_1_271' title='bbox 312 1642 472 1674; x_wconf 78' lang='lat' dir='ltr'><strong>municat.</strong></span> <span class='ocrx_word' id='word_1_272' title='bbox 495 1637 595 1680; x_wconf 87' lang='lat' dir='ltr'><strong>Quod</strong></span> <span class='ocrx_word' id='word_1_273' title='bbox 610 1637 701 1672; x_wconf 87' lang='lat' dir='ltr'><strong>idem</strong></span> <span class='ocrx_word' id='word_1_274' title='bbox 717 1641 751 1673; x_wconf 89' lang='lat' dir='ltr'><strong>et</strong></span> <span class='ocrx_word' id='word_1_275' title='bbox 765 1638 923 1684; x_wconf 83' lang='lat' dir='ltr'><strong>sequenti</strong></span> <span class='ocrx_word' id='word_1_276' title='bbox 937 1646 1097 1699; x_wconf 77' lang='lat' dir='ltr'><strong>sermone</strong></span> <span class='ocrx_word' id='word_1_277' title='bbox 1103 1627 1245 1687; x_wconf 78' lang='lat' dir='ltr'><strong>repetit.</strong></span> <span class='ocrx_word' id='word_1_278' title='bbox 1269 1637 1439 1681; x_wconf 86' lang='lat' dir='ltr'><strong>Quoniam</strong></span> <span class='ocrx_word' id='word_1_279' title='bbox 1450 1639 1556 1685; x_wconf 85' lang='lat' dir='ltr'><strong>igitur</strong></span> <span class='ocrx_word' id='word_1_280' title='bbox 1569 1639 1628 1685; x_wconf 89' lang='lat' dir='ltr'><strong>qui</strong></span> <span class='ocrx_word' id='word_1_281' title='bbox 1639 1639 1854 1674; x_wconf 86' lang='lat' dir='ltr'><strong>communio-</strong></span> 
     </span>
     <span class='ocr_line' id='line_1_28' title="bbox 313 1692 1854 1742; baseline 0 -11"><span class='ocrx_word' id='word_1_282' title='bbox 313 1696 367 1731; x_wconf 86' lang='lat' dir='ltr'><strong>nis</strong></span> <span class='ocrx_word' id='word_1_283' title='bbox 382 1695 456 1730; x_wconf 87' lang='lat' dir='ltr'><strong>iure</strong></span> <span class='ocrx_word' id='word_1_284' title='bbox 470 1694 645 1742; x_wconf 86' lang='lat' dir='ltr'><strong>praeditus</strong></span> <span class='ocrx_word' id='word_1_285' title='bbox 662 1698 745 1738; x_wconf 88' lang='lat' dir='ltr'><strong>erat,</strong></span> <span class='ocrx_word' id='word_1_286' title='bbox 760 1695 852 1730; x_wconf 88' lang='lat' dir='ltr'><strong>idem</strong></span> <span class='ocrx_word' id='word_1_287' title='bbox 867 1697 928 1731; x_wconf 85' lang='lat' dir='ltr'><strong>aut</strong></span> <span class='ocrx_word' id='word_1_288' title='bbox 1186 1697 1202 1731; x_wconf 90' lang='lat' dir='ltr'><strong>t</strong></span> <span class='ocrx_word' id='word_1_289' title='bbox 1211 1692 1338 1733; x_wconf 79' lang='lat' dir='ltr'><strong>offerre</strong></span> <span class='ocrx_word' id='word_1_290' title='bbox 1354 1698 1458 1739; x_wconf 88' lang='lat' dir='ltr'><strong>certe,</strong></span> <span class='ocrx_word' id='word_1_291' title='bbox 1478 1695 1569 1731; x_wconf 90' lang='lat' dir='ltr'><strong>unde</strong></span> <span class='ocrx_word' id='word_1_292' title='bbox 1585 1696 1854 1732; x_wconf 85' lang='lat' dir='ltr'><strong>communicatu-</strong></span> 
     </span>
     <span class='ocr_line' id='line_1_29' title="bbox 313 1751 1855 1800; baseline 0.001 -13"><span class='ocrx_word' id='word_1_293' title='bbox 313 1764 372 1787; x_wconf 83' lang='lat' dir='ltr'><strong>rus</strong></span> <span class='ocrx_word' id='word_1_294' title='bbox 395 1755 503 1796; x_wconf 84' lang='lat' dir='ltr'><strong>esset,</strong></span> <span class='ocrx_word' id='word_1_295' title='bbox 526 1755 678 1799; x_wconf 87' lang='lat' dir='ltr'><strong>poterat,</strong></span> <span class='ocrx_word' id='word_1_296' title='bbox 701 1751 780 1787; x_wconf 90' lang='lat' dir='ltr'><strong>hinc</strong></span> <span class='ocrx_word' id='word_1_297' title='bbox 795 1752 922 1788; x_wconf 80' lang='lat' dir='ltr'><strong>vetusti</strong></span> <span class='ocrx_word' id='word_1_298' title='bbox 940 1763 970 1788; x_wconf 89' lang='lat' dir='ltr'><strong>c</strong></span> <span class='ocrx_word' id='word_1_299' title='bbox 991 1768 995 1781; x_wconf 87' lang='lat'>·</span> <span class='ocrx_word' id='word_1_300' title='bbox 1103 1751 1117 1780; x_wconf 67' lang='lat' dir='ltr'>L</span> <span class='ocrx_word' id='word_1_301' title='bbox 1132 1755 1177 1786; x_wconf 62' lang='lat'><strong>12&#39;*</strong></span> <span class='ocrx_word' id='word_1_302' title='bbox 1188 1752 1240 1789; x_wconf 84' lang='lat' dir='ltr'><strong>ui</strong></span> <span class='ocrx_word' id='word_1_303' title='bbox 1254 1753 1291 1788; x_wconf 91' lang='lat' dir='ltr'><strong>in</strong></span> <span class='ocrx_word' id='word_1_304' title='bbox 1307 1757 1462 1788; x_wconf 87' lang='lat' dir='ltr'><strong>extremo</strong></span> <span class='ocrx_word' id='word_1_305' title='bbox 1478 1753 1589 1799; x_wconf 83' lang='lat' dir='ltr'><strong>gradu</strong></span> <span class='ocrx_word' id='word_1_306' title='bbox 1602 1753 1855 1800; x_wconf 86' lang='lat' dir='ltr'><strong>poenitentium</strong></span> 
     </span>
     <span class='ocr_line' id='line_1_30' title="bbox 313 1806 1856 1860; baseline 0.001 -16"><span class='ocrx_word' id='word_1_307' title='bbox 313 1809 507 1853; x_wconf 85' lang='lat' dir='ltr'><strong>haererent,</strong></span> <span class='ocrx_word' id='word_1_308' title='bbox 531 1820 636 1856; x_wconf 86' lang='lat' dir='ltr'><strong>quam</strong></span> <span class='ocrx_word' id='word_1_309' title='bbox 658 1809 809 1844; x_wconf 79' lang='grc' dir='ltr'>σύστασιν</span> <span class='ocrx_word' id='word_1_310' title='bbox 833 1809 990 1845; x_wconf 81' lang='lat' dir='ltr'><strong>nomina·</strong></span> <span class='ocrx_word' id='word_1_311' title='bbox 1004 1806 1006 1810; x_wconf 66' lang='grc'><em>’</em></span> <span class='ocrx_word' id='word_1_312' title='bbox 1030 1807 1065 1839; x_wconf 51' lang='grc' dir='ltr'><strong>ι’</strong></span> <span class='ocrx_word' id='word_1_313' title='bbox 1084 1807 1263 1860; x_wconf 48' lang='grc' dir='ltr'>ζ.ξ;χ;”·οιιιιι</span> <span class='ocrx_word' id='word_1_314' title='bbox 1285 1809 1443 1845; x_wconf 84' lang='lat' dir='ltr'><strong>fidelibus</strong></span> <span class='ocrx_word' id='word_1_315' title='bbox 1468 1810 1664 1846; x_wconf 84' lang='lat' dir='ltr'><strong>orationum</strong></span> <span class='ocrx_word' id='word_1_316' title='bbox 1686 1809 1856 1845; x_wconf 79' lang='lat' dir='ltr'><strong>duntaxat</strong></span> 
     </span>
     <span class='ocr_line' id='line_1_31' title="bbox 314 1864 1852 1914; baseline -0.001 -12"><span class='ocrx_word' id='word_1_317' title='bbox 314 1870 411 1902; x_wconf 88' lang='lat' dir='ltr'><strong>erant</strong></span> <span class='ocrx_word' id='word_1_318' title='bbox 423 1866 623 1913; x_wconf 87' lang='lat' dir='ltr'><strong>participes,</strong></span> <span class='ocrx_word' id='word_1_319' title='bbox 638 1877 703 1902; x_wconf 89' lang='lat' dir='ltr'><strong>nec</strong></span> <span class='ocrx_word' id='word_1_320' title='bbox 719 1866 801 1902; x_wconf 86' lang='lat' dir='ltr'><strong>dum</strong></span> <span class='ocrx_word' id='word_1_321' title='bbox 817 1865 1027 1903; x_wconf 88' lang='lat' dir='ltr'><strong>dominicum</strong></span> <span class='ocrx_word' id='word_1_322' title='bbox 1048 1883 1056 1895; x_wconf 57' lang='grc' dir='ltr'><strong>ι</strong></span> <span class='ocrx_word' id='word_1_323' title='bbox 1112 1869 1137 1894; x_wconf 75' lang='grc'><strong>’···</strong></span> <span class='ocrx_word' id='word_1_324' title='bbox 1154 1883 1159 1896; x_wconf 72' lang='lat'><em>2</em></span> <span class='ocrx_word' id='word_1_325' title='bbox 1181 1867 1406 1914; x_wconf 71' lang='lat' dir='ltr'><strong>usurpabant,</strong></span> <span class='ocrx_word' id='word_1_326' title='bbox 1430 1868 1591 1901; x_wconf 78' lang='grc' dir='ltr'>κοινωνέϊν</span> <span class='ocrx_word' id='word_1_327' title='bbox 1609 1866 1766 1902; x_wconf 77' lang='lat' dir='ltr'><strong>dicebant</strong></span> <span class='ocrx_word' id='word_1_328' title='bbox 1781 1864 1852 1901; x_wconf 84' lang='grc' dir='ltr'>ἄνευ</span> 
     </span>
     <span class='ocr_line' id='line_1_32' title="bbox 314 1923 1853 1971; baseline 0.002 -14"><span class='ocrx_word' id='word_1_329' title='bbox 314 1924 514 1970; x_wconf 71' lang='grc' dir='ltr'>προςφορᾶςς</span> <span class='ocrx_word' id='word_1_330' title='bbox 535 1927 575 1958; x_wconf 88' lang='grc' dir='ltr'><strong>ιιι</strong></span> <span class='ocrx_word' id='word_1_331' title='bbox 594 1927 647 1958; x_wconf 85' lang='lat' dir='ltr'><strong>est</strong></span> <span class='ocrx_word' id='word_1_332' title='bbox 660 1924 696 1958; x_wconf 90' lang='lat' dir='ltr'><strong>in</strong></span> <span class='ocrx_word' id='word_1_333' title='bbox 713 1923 894 1970; x_wconf 77' lang='lat' dir='ltr'><strong>Ancyrano</strong></span> <span class='ocrx_word' id='word_1_334' title='bbox 912 1923 995 1959; x_wconf 84' lang='lat' dir='ltr'><strong>Can.</strong></span> <span class='ocrx_word' id='word_1_335' title='bbox 1008 1935 1040 1959; x_wconf 86' lang='lat' dir='ltr'><strong>v.</strong></span> <span class='ocrx_word' id='word_1_336' title='bbox 1056 1925 1090 1960; x_wconf 86' lang='lat' dir='ltr'><strong>et</strong></span> <span class='ocrx_word' id='word_1_337' title='bbox 1103 1934 1202 1962; x_wconf 77' lang='lat' dir='ltr'><strong>xxxv.</strong></span> <span class='ocrx_word' id='word_1_338' title='bbox 1237 1924 1268 1959; x_wconf 83' lang='lat' dir='ltr'>A</span> <span class='ocrx_word' id='word_1_339' title='bbox 1283 1935 1350 1971; x_wconf 86' lang='lat' dir='ltr'><strong>quo</strong></span> <span class='ocrx_word' id='word_1_340' title='bbox 1368 1924 1506 1960; x_wconf 87' lang='lat' dir='ltr'><strong>demum</strong></span> <span class='ocrx_word' id='word_1_341' title='bbox 1522 1924 1640 1960; x_wconf 88' lang='lat' dir='ltr'><strong>ordine</strong></span> <span class='ocrx_word' id='word_1_342' title='bbox 1655 1924 1700 1960; x_wconf 87' lang='lat' dir='ltr'><strong>ad</strong></span> <span class='ocrx_word' id='word_1_343' title='bbox 1715 1924 1853 1960; x_wconf 69' lang='lat' dir='ltr'><strong>absolu⁴</strong></span> 
     </span>
     <span class='ocr_line' id='line_1_33' title="bbox 313 1980 1853 2028; baseline 0.001 -13"><span class='ocrx_word' id='word_1_344' title='bbox 313 1984 388 2016; x_wconf 89' lang='lat' dir='ltr'><strong>tum</strong></span> <span class='ocrx_word' id='word_1_345' title='bbox 410 1982 652 2027; x_wconf 81' lang='lat' dir='ltr'><strong>integrumque</strong></span> <span class='ocrx_word' id='word_1_346' title='bbox 675 1984 802 2016; x_wconf 84' lang='lat' dir='ltr'><strong>statum</strong></span> <span class='ocrx_word' id='word_1_347' title='bbox 824 1980 1127 2024; x_wconf 83' lang='lat' dir='ltr'><strong>transferebantur,</strong></span> <span class='ocrx_word' id='word_1_348' title='bbox 1151 1991 1255 2027; x_wconf 85' lang='lat' dir='ltr'><strong>quam</strong></span> <span class='ocrx_word' id='word_1_349' title='bbox 1279 1980 1399 2028; x_wconf 79' lang='grc' dir='ltr'>μέθεξιν</span> <span class='ocrx_word' id='word_1_350' title='bbox 1415 1982 1480 2016; x_wconf 86' lang='grc' dir='ltr'>τῶν</span> <span class='ocrx_word' id='word_1_351' title='bbox 1504 1980 1605 2028; x_wconf 77' lang='grc' dir='ltr'>ἁγίων</span> <span class='ocrx_word' id='word_1_352' title='bbox 1629 1985 1663 2017; x_wconf 89' lang='lat' dir='ltr'><strong>et</strong></span> <span class='ocrx_word' id='word_1_353' title='bbox 1677 1980 1716 2016; x_wconf 77' lang='lat' dir='ltr'><strong>rb</strong></span> <span class='ocrx_word' id='word_1_354' title='bbox 1732 1980 1853 2017; x_wconf 76' lang='grc' dir='ltr'>τέλειον</span> 
     </span>
     <span class='ocr_line' id='line_1_34' title="bbox 314 2037 1854 2088; baseline 0.001 -16"><span class='ocrx_word' id='word_1_355' title='bbox 314 2037 505 2085; x_wconf 83' lang='lat' dir='ltr'><strong>appellant3</strong></span> <span class='ocrx_word' id='word_1_356' title='bbox 527 2048 606 2072; x_wconf 88' lang='lat' dir='ltr'><strong>cum</strong></span> <span class='ocrx_word' id='word_1_357' title='bbox 627 2037 756 2072; x_wconf 86' lang='lat' dir='ltr'><strong>scilicet</strong></span> <span class='ocrx_word' id='word_1_358' title='bbox 776 2037 915 2084; x_wconf 88' lang='lat' dir='ltr'><strong>perinde</strong></span> <span class='ocrx_word' id='word_1_359' title='bbox 938 2037 983 2073; x_wconf 86' lang='lat' dir='ltr'><strong>ad</strong></span> <span class='ocrx_word' id='word_1_360' title='bbox 1005 2037 1196 2073; x_wconf 88' lang='lat' dir='ltr'><strong>oblationes</strong></span> <span class='ocrx_word' id='word_1_361' title='bbox 1212 2038 1386 2074; x_wconf 81' lang='lat' dir='ltr'><strong>faciendas</strong></span> <span class='ocrx_word' id='word_1_362' title='bbox 1403 2042 1506 2085; x_wconf 84' lang='lat' dir='ltr'><strong>atque</strong></span> <span class='ocrx_word' id='word_1_363' title='bbox 1522 2038 1565 2074; x_wconf 89' lang='lat' dir='ltr'><strong>ad</strong></span> <span class='ocrx_word' id='word_1_364' title='bbox 1580 2037 1854 2088; x_wconf 79' lang='lat' dir='ltr'><strong>participandam</strong></span> 
     </span>
     <span class='ocr_line' id='line_1_35' title="bbox 314 2094 1853 2142; baseline 0.001 -13"><span class='ocrx_word' id='word_1_365' title='bbox 314 2094 555 2130; x_wconf 80' lang='lat' dir='ltr'><strong>eucharistiam</strong></span> <span class='ocrx_word' id='word_1_366' title='bbox 578 2094 848 2129; x_wconf 81' lang='lat' dir='ltr'><strong>admitterentur.</strong></span> <span class='ocrx_word' id='word_1_367' title='bbox 898 2094 1016 2141; x_wconf 88' lang='lat' dir='ltr'><strong>Neque</strong></span> <span class='ocrx_word' id='word_1_368' title='bbox 1043 2095 1136 2130; x_wconf 90' lang='lat' dir='ltr'><strong>enim</strong></span> <span class='ocrx_word' id='word_1_369' title='bbox 1163 2105 1447 2142; x_wconf 87' lang='lat' dir='ltr'><strong>quorumcunque</strong></span> <span class='ocrx_word' id='word_1_370' title='bbox 1477 2095 1669 2131; x_wconf 87' lang='lat' dir='ltr'><strong>oblationes</strong></span> <span class='ocrx_word' id='word_1_371' title='bbox 1696 2099 1853 2142; x_wconf 86' lang='lat' dir='ltr'><strong>receptae</strong></span> 
     </span>
     <span class='ocr_line' id='line_1_36' title="bbox 315 2149 1853 2198; baseline 0 -11"><span class='ocrx_word' id='word_1_372' title='bbox 315 2154 412 2194; x_wconf 84' lang='lat' dir='ltr'><strong>sunt,</strong></span> <span class='ocrx_word' id='word_1_373' title='bbox 435 2150 496 2186; x_wconf 79' lang='lat' dir='ltr'><strong>sed</strong></span> <span class='ocrx_word' id='word_1_374' title='bbox 518 2151 763 2186; x_wconf 79' lang='lat' dir='ltr'><strong>sceleratorum</strong></span> <span class='ocrx_word' id='word_1_375' title='bbox 780 2150 959 2186; x_wconf 86' lang='lat' dir='ltr'><strong>hominum</strong></span> <span class='ocrx_word' id='word_1_376' title='bbox 981 2162 1022 2186; x_wconf 89' lang='lat' dir='ltr'><strong>ac</strong></span> <span class='ocrx_word' id='word_1_377' title='bbox 1043 2152 1310 2198; x_wconf 87' lang='lat' dir='ltr'><strong>poenitentium,</strong></span> <span class='ocrx_word' id='word_1_378' title='bbox 1335 2155 1369 2187; x_wconf 91' lang='lat' dir='ltr'><strong>et</strong></span> <span class='ocrx_word' id='word_1_379' title='bbox 1384 2152 1543 2187; x_wconf 87' lang='lat' dir='ltr'><strong>universe</strong></span> <span class='ocrx_word' id='word_1_380' title='bbox 1558 2153 1624 2186; x_wconf 86' lang='grc' dir='ltr'>τῶν</span> <span class='ocrx_word' id='word_1_381' title='bbox 1640 2149 1783 2188; x_wconf 77' lang='grc' dir='ltr'>ἀδέκτων</span> <span class='ocrx_word' id='word_1_382' title='bbox 1800 2151 1853 2187; x_wconf 67' lang='grc' dir='ltr'><strong>καὶ</strong></span> 
     </span>
     <span class='ocr_line' id='line_1_37' title="bbox 315 2207 1853 2256; baseline 0.001 -14"><span class='ocrx_word' id='word_1_383' title='bbox 315 2208 539 2251; x_wconf 76' lang='grc' dir='ltr'>ἁκοινωνήτων</span> <span class='ocrx_word' id='word_1_384' title='bbox 553 2208 710 2243; x_wconf 85' lang='lat' dir='ltr'><strong>reiectae.</strong></span> <span class='ocrx_word' id='word_1_385' title='bbox 734 2208 784 2243; x_wconf 89' lang='lat' dir='ltr'><strong>De</strong></span> <span class='ocrx_word' id='word_1_386' title='bbox 801 2219 868 2255; x_wconf 89' lang='lat' dir='ltr'><strong>quo</strong></span> <span class='ocrx_word' id='word_1_387' title='bbox 884 2207 961 2243; x_wconf 84' lang='lat' dir='ltr'><strong>vide</strong></span> <span class='ocrx_word' id='word_1_388' title='bbox 974 2207 1118 2244; x_wconf 84' lang='lat' dir='ltr'><strong>Constit.</strong></span> <span class='ocrx_word' id='word_1_389' title='bbox 1133 2208 1252 2255; x_wconf 80' lang='lat' dir='ltr'><strong>Apost.</strong></span> <span class='ocrx_word' id='word_1_390' title='bbox 1267 2208 1325 2244; x_wconf 88' lang='lat' dir='ltr'><strong>lib.</strong></span> <span class='ocrx_word' id='word_1_391' title='bbox 1338 2221 1390 2245; x_wconf 89' lang='grc' dir='ltr'>ιιι.</span> <span class='ocrx_word' id='word_1_392' title='bbox 1407 2220 1481 2256; x_wconf 85' lang='lat' dir='ltr'><strong>cap.</strong></span> <span class='ocrx_word' id='word_1_393' title='bbox 1489 2221 1520 2245; x_wconf 90' lang='lat' dir='ltr'><strong>v.</strong></span> <span class='ocrx_word' id='word_1_394' title='bbox 1544 2208 1588 2245; x_wconf 88' lang='lat' dir='ltr'><strong>Et</strong></span> <span class='ocrx_word' id='word_1_395' title='bbox 1603 2208 1756 2244; x_wconf 83' lang='lat' dir='ltr'><strong>Vasense</strong></span> <span class='ocrx_word' id='word_1_396' title='bbox 1772 2219 1853 2245; x_wconf 86' lang='lat' dir='ltr'><strong>con·</strong></span> 
     </span>
     <span class='ocr_line' id='line_1_38' title="bbox 315 2264 1854 2313; baseline 0 -12"><span class='ocrx_word' id='word_1_397' title='bbox 315 2265 432 2301; x_wconf 84' lang='lat' dir='ltr'><strong>cilium</strong></span> <span class='ocrx_word' id='word_1_398' title='bbox 447 2264 582 2302; x_wconf 74' lang='lat' dir='ltr'><strong>Can-11.</strong></span> <span class='ocrx_word' id='word_1_399' title='bbox 598 2265 704 2309; x_wconf 78' lang='lat' dir='ltr'><strong>iubet,</strong></span> <span class='ocrx_word' id='word_1_400' title='bbox 719 2267 1016 2311; x_wconf 55' lang='lat' dir='ltr'><strong>apostatantium,</strong></span> <span class='ocrx_word' id='word_1_401' title='bbox 1039 2268 1096 2312; x_wconf 77' lang='lat' dir='ltr'><strong>qui</strong></span> <span class='ocrx_word' id='word_1_402' title='bbox 1117 2268 1189 2300; x_wconf 73' lang='lat' dir='ltr'><strong>eine</strong></span> <span class='ocrx_word' id='word_1_403' title='bbox 1212 2268 1433 2301; x_wconf 74' lang='lat' dir='ltr'><strong>communione</strong></span> <span class='ocrx_word' id='word_1_404' title='bbox 1458 2268 1630 2313; x_wconf 74' lang='lat' dir='ltr'><strong>inopinato</strong></span> <span class='ocrx_word' id='word_1_405' title='bbox 1654 2269 1798 2302; x_wconf 70' lang='lat' dir='ltr'><strong>transitu</strong></span> <span class='ocrx_word' id='word_1_406' title='bbox 1817 2268 1854 2301; x_wconf 63' lang='grc' dir='ltr'><strong>δη</strong></span> 
     </span>
     <span class='ocr_line' id='line_1_39' title="bbox 317 2322 1852 2370; baseline 0.001 -12"><span class='ocrx_word' id='word_1_407' title='bbox 317 2324 413 2368; x_wconf 77' lang='lat' dir='ltr'><strong>aqrie</strong></span> <span class='ocrx_word' id='word_1_408' title='bbox 436 2328 495 2357; x_wconf 82' lang='lat' dir='ltr'><strong>aut</strong></span> <span class='ocrx_word' id='word_1_409' title='bbox 515 2322 690 2357; x_wconf 56' lang='lat' dir='ltr'><strong>itineribus:</strong></span> <span class='ocrx_word' id='word_1_410' title='bbox 707 2324 980 2368; x_wconf 77' lang='lat' dir='ltr'><strong>praeveniuntur,</strong></span> <span class='ocrx_word' id='word_1_411' title='bbox 997 2322 1179 2358; x_wconf 71' lang='lat' dir='ltr'><strong>oblationes</strong></span> <span class='ocrx_word' id='word_1_412' title='bbox 1194 2325 1416 2369; x_wconf 74' lang='lat' dir='ltr'><strong>recipiantur.</strong></span> <span class='ocrx_word' id='word_1_413' title='bbox 1452 2322 1722 2359; x_wconf 84' lang='lat' dir='ltr'><strong>Excutiebantur</strong></span> <span class='ocrx_word' id='word_1_414' title='bbox 1737 2323 1852 2370; x_wconf 82' lang='lat' dir='ltr'><strong>itaque</strong></span> 
     </span>
     <span class='ocr_line' id='line_1_40' title="bbox 315 2378 1854 2427; baseline 0.001 -13"><span class='ocrx_word' id='word_1_415' title='bbox 315 2379 465 2427; x_wconf 81' lang='lat' dir='ltr'><strong>primm</strong></span> <span class='ocrx_word' id='word_1_416' title='bbox 481 2379 672 2415; x_wconf 80' lang='lat' dir='ltr'><strong>oblationes</strong></span> <span class='ocrx_word' id='word_1_417' title='bbox 689 2390 710 2414; x_wconf 91' lang='lat' dir='ltr'><strong>a</strong></span> <span class='ocrx_word' id='word_1_418' title='bbox 725 2378 894 2423; x_wconf 77' lang='lat' dir='ltr'><strong>diaconis,</strong></span> <span class='ocrx_word' id='word_1_419' title='bbox 916 2384 1018 2426; x_wconf 84' lang='lat' dir='ltr'><strong>atque</strong></span> <span class='ocrx_word' id='word_1_420' title='bbox 1042 2382 1156 2415; x_wconf 83' lang='lat' dir='ltr'><strong>utrum</strong></span> <span class='ocrx_word' id='word_1_421' title='bbox 1178 2379 1344 2415; x_wconf 81' lang='lat' dir='ltr'><strong>eiusmodi</strong></span> <span class='ocrx_word' id='word_1_422' title='bbox 1366 2385 1482 2415; x_wconf 81' lang='lat' dir='ltr'><strong>essent</strong></span> <span class='ocrx_word' id='word_1_423' title='bbox 1499 2380 1744 2427; x_wconf 83' lang='lat' dir='ltr'><strong>inquirebatur,</strong></span> <span class='ocrx_word' id='word_1_424' title='bbox 1765 2391 1854 2427; x_wconf 82' lang='lat' dir='ltr'><strong>quae</strong></span> 
     </span>
     <span class='ocr_line' id='line_1_41' title="bbox 315 2436 1853 2485; baseline 0.001 -13"><span class='ocrx_word' id='word_1_425' title='bbox 315 2437 563 2484; x_wconf 79' lang='lat' dir='ltr'><strong>repraesentari</strong></span> <span class='ocrx_word' id='word_1_426' title='bbox 579 2436 622 2471; x_wconf 86' lang='lat' dir='ltr'><strong>ad</strong></span> <span class='ocrx_word' id='word_1_427' title='bbox 638 2436 744 2472; x_wconf 77' lang='lat' dir='ltr'><strong>altare</strong></span> <span class='ocrx_word' id='word_1_428' title='bbox 759 2440 910 2483; x_wconf 77' lang='lat' dir='ltr'><strong>possent.</strong></span> <span class='ocrx_word' id='word_1_429' title='bbox 941 2436 1050 2483; x_wconf 81' lang='lat' dir='ltr'><strong>Igitur</strong></span> <span class='ocrx_word' id='word_1_430' title='bbox 1065 2437 1101 2472; x_wconf 90' lang='lat' dir='ltr'><strong>in</strong></span> <span class='ocrx_word' id='word_1_431' title='bbox 1115 2436 1308 2472; x_wconf 83' lang='lat' dir='ltr'><strong>Laodiceno</strong></span> <span class='ocrx_word' id='word_1_432' title='bbox 1325 2437 1470 2472; x_wconf 88' lang='lat' dir='ltr'><strong>concilio</strong></span> <span class='ocrx_word' id='word_1_433' title='bbox 1486 2436 1506 2481; x_wconf 81' lang='grc' dir='ltr'>ἠ</span> <span class='ocrx_word' id='word_1_434' title='bbox 1523 2436 1689 2485; x_wconf 78' lang='grc' dir='ltr'>προςφορὰ</span> <span class='ocrx_word' id='word_1_435' title='bbox 1705 2437 1746 2472; x_wconf 90' lang='lat' dir='ltr'><strong>de</strong></span> <span class='ocrx_word' id='word_1_436' title='bbox 1761 2441 1853 2474; x_wconf 86' lang='lat' dir='ltr'><strong>utro·</strong></span> 
     </span>
     <span class='ocr_line' id='line_1_42' title="bbox 316 2493 1852 2541; baseline 0.001 -12"><span class='ocrx_word' id='word_1_437' title='bbox 316 2505 382 2540; x_wconf 90' lang='lat' dir='ltr'><strong>que</strong></span> <span class='ocrx_word' id='word_1_438' title='bbox 397 2504 523 2540; x_wconf 80' lang='lat' dir='ltr'><strong>genere</strong></span> <span class='ocrx_word' id='word_1_439' title='bbox 539 2493 721 2529; x_wconf 75' lang='lat' dir='ltr'><strong>oblationis</strong></span> <span class='ocrx_word' id='word_1_440' title='bbox 737 2497 851 2540; x_wconf 73' lang='lat' dir='ltr'><strong>potent</strong></span> <span class='ocrx_word' id='word_1_441' title='bbox 864 2493 1028 2541; x_wconf 80' lang='lat' dir='ltr'><strong>intelligi,</strong></span> <span class='ocrx_word' id='word_1_442' title='bbox 1052 2498 1122 2529; x_wconf 79' lang='lat' dir='ltr'><strong>tam</strong></span> <span class='ocrx_word' id='word_1_443' title='bbox 1146 2503 1187 2529; x_wconf 85' lang='lat' dir='ltr'><strong>ea</strong></span> <span class='ocrx_word' id='word_1_444' title='bbox 1210 2504 1297 2540; x_wconf 82' lang='lat' dir='ltr'><strong>quae</strong></span> <span class='ocrx_word' id='word_1_445' title='bbox 1320 2504 1341 2528; x_wconf 88' lang='lat' dir='ltr'><strong>a</strong></span> <span class='ocrx_word' id='word_1_446' title='bbox 1356 2493 1513 2530; x_wconf 81' lang='lat' dir='ltr'><strong>fidelibus</strong></span> <span class='ocrx_word' id='word_1_447' title='bbox 1537 2504 1640 2541; x_wconf 86' lang='lat' dir='ltr'><strong>quam</strong></span> <span class='ocrx_word' id='word_1_448' title='bbox 1656 2505 1745 2541; x_wconf 84' lang='lat' dir='ltr'><strong>quae</strong></span> <span class='ocrx_word' id='word_1_449' title='bbox 1761 2505 1782 2529; x_wconf 88' lang='lat' dir='ltr'><strong>a</strong></span> <span class='ocrx_word' id='word_1_450' title='bbox 1797 2505 1852 2530; x_wconf 81' lang='lat' dir='ltr'><strong>sa-</strong></span> 
     </span>
     <span class='ocr_line' id='line_1_43' title="bbox 316 2547 1852 2599; baseline 0.001 -13"><span class='ocrx_word' id='word_1_451' title='bbox 316 2550 508 2586; x_wconf 79' lang='lat' dir='ltr'><strong>cerdotibus</strong></span> <span class='ocrx_word' id='word_1_452' title='bbox 523 2550 639 2592; x_wconf 78' lang='lat' dir='ltr'><strong>fiebat,</strong></span> <span class='ocrx_word' id='word_1_453' title='bbox 662 2549 731 2586; x_wconf 86' lang='lat' dir='ltr'><strong>Nec</strong></span> <span class='ocrx_word' id='word_1_454' title='bbox 749 2550 861 2587; x_wconf 74' lang='lat' dir='ltr'><strong>obstat</strong></span> <span class='ocrx_word' id='word_1_455' title='bbox 876 2550 967 2598; x_wconf 91' lang='lat' dir='ltr'><strong>quod</strong></span> <span class='ocrx_word' id='word_1_456' title='bbox 980 2550 1163 2599; x_wconf 67' lang='grc' dir='ltr'>προςφίριιν</span> <span class='ocrx_word' id='word_1_457' title='bbox 1177 2547 1273 2597; x_wconf 80' lang='grc' dir='ltr'>ἄρτον</span> <span class='ocrx_word' id='word_1_458' title='bbox 1293 2550 1458 2598; x_wconf 83' lang='lat' dir='ltr'><strong>scriptum</strong></span> <span class='ocrx_word' id='word_1_459' title='bbox 1475 2554 1527 2587; x_wconf 78' lang='lat' dir='ltr'><strong>eet</strong></span> <span class='ocrx_word' id='word_1_460' title='bbox 1541 2551 1578 2587; x_wconf 90' lang='lat' dir='ltr'><strong>in</strong></span> <span class='ocrx_word' id='word_1_461' title='bbox 1591 2550 1748 2594; x_wconf 77' lang='lat' dir='ltr'><strong>Canon03</strong></span> <span class='ocrx_word' id='word_1_462' title='bbox 1764 2562 1852 2598; x_wconf 85' lang='lat' dir='ltr'><strong>quae</strong></span> 
     </span>
     <span class='ocr_line' id='line_1_44' title="bbox 315 2606 1851 2655; baseline 0.001 -13"><span class='ocrx_word' id='word_1_463' title='bbox 315 2607 422 2643; x_wconf 73' lang='lat' dir='ltr'><strong>suine</strong></span> <span class='ocrx_word' id='word_1_464' title='bbox 445 2618 569 2643; x_wconf 73' lang='lat' dir='ltr'><strong>caussa</strong></span> <span class='ocrx_word' id='word_1_465' title='bbox 591 2606 724 2643; x_wconf 81' lang='lat' dir='ltr'><strong>videtur</strong></span> <span class='ocrx_word' id='word_1_466' title='bbox 747 2607 791 2643; x_wconf 92' lang='lat' dir='ltr'><strong>ob</strong></span> <span class='ocrx_word' id='word_1_467' title='bbox 815 2618 919 2654; x_wconf 86' lang='lat' dir='ltr'><strong>quam</strong></span> <span class='ocrx_word' id='word_1_468' title='bbox 941 2606 1098 2644; x_wconf 84' lang='lat' dir='ltr'><strong>catholici</strong></span> <span class='ocrx_word' id='word_1_469' title='bbox 1113 2607 1177 2643; x_wconf 84' lang='lat' dir='ltr'><strong>viri</strong></span> <span class='ocrx_word' id='word_1_470' title='bbox 1199 2607 1241 2643; x_wconf 89' lang='lat' dir='ltr'><strong>de</strong></span> <span class='ocrx_word' id='word_1_471' title='bbox 1261 2607 1405 2654; x_wconf 78' lang='lat' dir='ltr'><strong>eulogiis</strong></span> <span class='ocrx_word' id='word_1_472' title='bbox 1421 2609 1535 2655; x_wconf 79' lang='lat' dir='ltr'><strong>potius</strong></span> <span class='ocrx_word' id='word_1_473' title='bbox 1552 2618 1656 2655; x_wconf 88' lang='lat' dir='ltr'><strong>quam</strong></span> <span class='ocrx_word' id='word_1_474' title='bbox 1672 2607 1713 2643; x_wconf 89' lang='lat' dir='ltr'><strong>de</strong></span> <span class='ocrx_word' id='word_1_475' title='bbox 1729 2607 1851 2644; x_wconf 82' lang='lat' dir='ltr'><strong>eucha-</strong></span> 
     </span>
     <span class='ocr_line' id='line_1_45' title="bbox 316 2662 1851 2712; baseline 0.001 -13"><span class='ocrx_word' id='word_1_476' title='bbox 316 2664 412 2699; x_wconf 72' lang='lat' dir='ltr'><strong>ristia</strong></span> <span class='ocrx_word' id='word_1_477' title='bbox 427 2664 556 2700; x_wconf 84' lang='lat' dir='ltr'><strong>dietum</strong></span> <span class='ocrx_word' id='word_1_478' title='bbox 572 2664 655 2700; x_wconf 80' lang='lat' dir='ltr'><strong>illud</strong></span> <span class='ocrx_word' id='word_1_479' title='bbox 670 2665 980 2712; x_wconf 74' lang='lat' dir='ltr'><strong>interpretarentur.</strong></span> <span class='ocrx_word' id='word_1_480' title='bbox 1016 2664 1103 2701; x_wconf 78' lang='lat' dir='ltr'><strong>Nam</strong></span> <span class='ocrx_word' id='word_1_481' title='bbox 1118 2665 1173 2701; x_wconf 81' lang='lat' dir='ltr'><strong>vel</strong></span> <span class='ocrx_word' id='word_1_482' title='bbox 1188 2662 1284 2711; x_wconf 83' lang='grc' dir='ltr'>ἄρτος</span> <span class='ocrx_word' id='word_1_483' title='bbox 1300 2663 1343 2700; x_wconf 81' lang='lat' dir='ltr'><strong>ad</strong></span> <span class='ocrx_word' id='word_1_484' title='bbox 1358 2664 1394 2700; x_wconf 87' lang='lat' dir='ltr'><strong>id</strong></span> <span class='ocrx_word' id='word_1_485' title='bbox 1409 2664 1552 2701; x_wconf 79' lang='lat' dir='ltr'><strong>refertur</strong></span> <span class='ocrx_word' id='word_1_486' title='bbox 1567 2664 1658 2711; x_wconf 83' lang='lat' dir='ltr'><strong>quod</strong></span> <span class='ocrx_word' id='word_1_487' title='bbox 1674 2667 1754 2702; x_wconf 82' lang='lat' dir='ltr'><strong>ante</strong></span> <span class='ocrx_word' id='word_1_488' title='bbox 1769 2675 1851 2701; x_wconf 89' lang='lat' dir='ltr'><strong>con·</strong></span> 
     </span>
     <span class='ocr_line' id='line_1_46' title="bbox 314 2721 1852 2769; baseline 0.001 -13"><span class='ocrx_word' id='word_1_489' title='bbox 314 2721 541 2757; x_wconf 66' lang='lat' dir='ltr'><strong>secretionem</strong></span> <span class='ocrx_word' id='word_1_490' title='bbox 556 2721 636 2765; x_wconf 74' lang='lat' dir='ltr'><strong>tuit,</strong></span> <span class='ocrx_word' id='word_1_491' title='bbox 660 2726 719 2758; x_wconf 87' lang='lat' dir='ltr'><strong>aut</strong></span> <span class='ocrx_word' id='word_1_492' title='bbox 741 2733 864 2769; x_wconf 77' lang='lat' dir='ltr'><strong>corpus</strong></span> <span class='ocrx_word' id='word_1_493' title='bbox 879 2722 994 2769; x_wconf 80' lang='lat' dir='ltr'><strong>ipsum</strong></span> <span class='ocrx_word' id='word_1_494' title='bbox 1009 2721 1138 2758; x_wconf 84' lang='lat' dir='ltr'><strong>domini</strong></span> <span class='ocrx_word' id='word_1_495' title='bbox 1147 2724 1253 2768; x_wconf 76' lang='lat' dir='ltr'><strong>panio</strong></span> <span class='ocrx_word' id='word_1_496' title='bbox 1269 2722 1395 2757; x_wconf 82' lang='lat' dir='ltr'><strong>usitata</strong></span> <span class='ocrx_word' id='word_1_497' title='bbox 1411 2732 1491 2757; x_wconf 84' lang='lat' dir='ltr'><strong>cum</strong></span> <span class='ocrx_word' id='word_1_498' title='bbox 1505 2721 1540 2758; x_wconf 85' lang='lat' dir='ltr'><strong>in</strong></span> <span class='ocrx_word' id='word_1_499' title='bbox 1563 2721 1756 2768; x_wconf 76' lang='lat' dir='ltr'><strong>scripturis,</strong></span> <span class='ocrx_word' id='word_1_500' title='bbox 1778 2726 1852 2758; x_wconf 86' lang='lat' dir='ltr'><strong>tum</strong></span> 
     </span>
     <span class='ocr_line' id='line_1_47' title="bbox 316 2776 1850 2826; baseline 0.002 -14"><span class='ocrx_word' id='word_1_501' title='bbox 316 2777 407 2824; x_wconf 81' lang='lat' dir='ltr'><strong>apud</strong></span> <span class='ocrx_word' id='word_1_502' title='bbox 422 2781 536 2824; x_wconf 74' lang='lat' dir='ltr'><strong>patre·</strong></span> <span class='ocrx_word' id='word_1_503' title='bbox 552 2778 780 2826; x_wconf 74' lang='lat' dir='ltr'><strong>appellatione</strong></span> <span class='ocrx_word' id='word_1_504' title='bbox 796 2778 928 2816; x_wconf 87' lang='lat' dir='ltr'><strong>dicitur.</strong></span> <span class='ocrx_word' id='word_1_505' title='bbox 957 2778 1014 2815; x_wconf 85' lang='lat' dir='ltr'><strong>Sic</strong></span> <span class='ocrx_word' id='word_1_506' title='bbox 1030 2779 1066 2815; x_wconf 85' lang='lat' dir='ltr'><strong>in</strong></span> <span class='ocrx_word' id='word_1_507' title='bbox 1082 2776 1243 2826; x_wconf 73' lang='lat' dir='ltr'><strong>Carthag.</strong></span> <span class='ocrx_word' id='word_1_508' title='bbox 1259 2778 1403 2814; x_wconf 88' lang='lat' dir='ltr'><strong>concilio</strong></span> <span class='ocrx_word' id='word_1_509' title='bbox 1419 2777 1510 2826; x_wconf 73' lang='lat' dir='ltr'><strong>apud</strong></span> <span class='ocrx_word' id='word_1_510' title='bbox 1524 2777 1697 2814; x_wconf 83' lang='lat' dir='ltr'><strong>Zonaram</strong></span> <span class='ocrx_word' id='word_1_511' title='bbox 1713 2778 1755 2814; x_wconf 86' lang='lat' dir='ltr'><strong>ad</strong></span> <span class='ocrx_word' id='word_1_512' title='bbox 1771 2778 1850 2815; x_wconf 85' lang='lat' dir='ltr'><strong>Bal-</strong></span> 
     </span>
     <span class='ocr_line' id='line_1_48' title="bbox 316 2832 1850 2883; baseline 0.001 -14"><span class='ocrx_word' id='word_1_513' title='bbox 316 2845 402 2870; x_wconf 69' lang='lat' dir='ltr'><strong>aam.</strong></span> <span class='ocrx_word' id='word_1_514' title='bbox 415 2835 564 2871; x_wconf 59' lang='lat' dir='ltr'><strong>cmxi.</strong></span> <span class='ocrx_word' id='word_1_515' title='bbox 582 2834 651 2882; x_wconf 64' lang='grc' dir='ltr'>πιρι</span> <span class='ocrx_word' id='word_1_516' title='bbox 667 2838 724 2871; x_wconf 83' lang='grc' dir='ltr'><strong>τοῦ</strong></span> <span class='ocrx_word' id='word_1_517' title='bbox 741 2834 785 2883; x_wconf 80' lang='grc' dir='ltr'><strong>μὴ</strong></span> <span class='ocrx_word' id='word_1_518' title='bbox 802 2834 912 2877; x_wconf 58' lang='lat' dir='ltr'><strong>derivat</strong></span> <span class='ocrx_word' id='word_1_519' title='bbox 928 2835 1102 2883; x_wconf 67' lang='grc' dir='ltr'>περαιτέρω</span> <span class='ocrx_word' id='word_1_520' title='bbox 1120 2832 1218 2883; x_wconf 81' lang='grc' dir='ltr'>ἄρτου</span> <span class='ocrx_word' id='word_1_521' title='bbox 1235 2834 1287 2871; x_wconf 69' lang='grc' dir='ltr'><strong>καὶ</strong></span> <span class='ocrx_word' id='word_1_522' title='bbox 1303 2834 1389 2870; x_wconf 74' lang='grc' dir='ltr'>οἴνου</span> <span class='ocrx_word' id='word_1_523' title='bbox 1405 2834 1497 2869; x_wconf 74' lang='grc' dir='ltr'>ὕδατι</span> <span class='ocrx_word' id='word_1_524' title='bbox 1514 2834 1709 2882; x_wconf 67' lang='grc' dir='ltr'>μεμιγμένου</span> <span class='ocrx_word' id='word_1_525' title='bbox 1726 2835 1756 2870; x_wconf 81' lang='grc' dir='ltr'>τί</span> <span class='ocrx_word' id='word_1_526' title='bbox 1771 2847 1850 2870; x_wconf 73' lang='grc' dir='ltr'>ποτε</span> 
     </span>
     <span class='ocr_line' id='line_1_49' title="bbox 317 2889 1849 2940; baseline 0.001 -15"><span class='ocrx_word' id='word_1_527' title='bbox 317 2890 349 2926; x_wconf 72' lang='grc' dir='ltr'><strong>ἰν</strong></span> <span class='ocrx_word' id='word_1_528' title='bbox 365 2893 432 2931; x_wconf 74' lang='grc' dir='ltr'>τοῖς</span> <span class='ocrx_word' id='word_1_529' title='bbox 448 2889 548 2937; x_wconf 80' lang='grc' dir='ltr'>ἁγίοις</span> <span class='ocrx_word' id='word_1_530' title='bbox 564 2891 757 2940; x_wconf 71' lang='grc' dir='ltr'>προςφίριιν,</span> <span class='ocrx_word' id='word_1_531' title='bbox 776 2892 831 2927; x_wconf 74' lang='grc' dir='ltr'><strong>ἵνα</strong></span> <span class='ocrx_word' id='word_1_532' title='bbox 852 2890 884 2927; x_wconf 65' lang='grc' dir='ltr'><strong>δν</strong></span> <span class='ocrx_word' id='word_1_533' title='bbox 900 2894 967 2934; x_wconf 74' lang='grc' dir='ltr'>τοῖς</span> <span class='ocrx_word' id='word_1_534' title='bbox 985 2891 1085 2940; x_wconf 77' lang='grc' dir='ltr'>ἁγίοις</span> <span class='ocrx_word' id='word_1_535' title='bbox 1102 2891 1200 2940; x_wconf 74' lang='grc' dir='ltr'>μηδὶν</span> <span class='ocrx_word' id='word_1_536' title='bbox 1217 2891 1315 2927; x_wconf 64' lang='grc' dir='ltr'>πλέον</span> <span class='ocrx_word' id='word_1_537' title='bbox 1331 2894 1389 2927; x_wconf 80' lang='grc' dir='ltr'><strong>τοῦ</strong></span> <span class='ocrx_word' id='word_1_538' title='bbox 1405 2890 1556 2938; x_wconf 84' lang='grc' dir='ltr'>σώματος</span> <span class='ocrx_word' id='word_1_539' title='bbox 1573 2890 1624 2926; x_wconf 70' lang='grc' dir='ltr'><strong>καὶ</strong></span> <span class='ocrx_word' id='word_1_540' title='bbox 1640 2894 1698 2927; x_wconf 81' lang='grc' dir='ltr'><strong>τοῦ</strong></span> <span class='ocrx_word' id='word_1_541' title='bbox 1715 2892 1849 2939; x_wconf 76' lang='grc' dir='ltr'>αἵματος</span> 
     </span>
     <span class='ocr_line' id='line_1_50' title="bbox 318 2946 1849 2997; baseline 0.001 -14"><span class='ocrx_word' id='word_1_542' title='bbox 318 2950 376 2983; x_wconf 80' lang='grc' dir='ltr'><strong>τοῦ</strong></span> <span class='ocrx_word' id='word_1_543' title='bbox 392 2946 500 2994; x_wconf 76' lang='grc' dir='ltr'>κυρίου</span> <span class='ocrx_word' id='word_1_544' title='bbox 517 2949 746 2996; x_wconf 72' lang='grc' dir='ltr'>προςινιχθιίη·</span> <span class='ocrx_word' id='word_1_545' title='bbox 764 2947 808 2990; x_wconf 79' lang='grc' dir='ltr'><strong>ὡς</strong></span> <span class='ocrx_word' id='word_1_546' title='bbox 825 2949 877 2985; x_wconf 71' lang='grc' dir='ltr'><strong>καὶ</strong></span> <span class='ocrx_word' id='word_1_547' title='bbox 894 2948 990 2991; x_wconf 71' lang='grc' dir='ltr'>αὐτὸς</span> <span class='ocrx_word' id='word_1_548' title='bbox 1007 2948 1024 2985; x_wconf 83' lang='grc' dir='ltr'><strong>ὁ</strong></span> <span class='ocrx_word' id='word_1_549' title='bbox 1047 2949 1154 2996; x_wconf 76' lang='grc' dir='ltr'>κύριος</span> <span class='ocrx_word' id='word_1_550' title='bbox 1177 2948 1373 2997; x_wconf 64' lang='grc' dir='ltr'>παρέδωκαν,</span> <span class='ocrx_word' id='word_1_551' title='bbox 1397 2947 1541 2983; x_wconf 63' lang='grc' dir='ltr'>τουτέστι</span> <span class='ocrx_word' id='word_1_552' title='bbox 1565 2946 1662 2995; x_wconf 81' lang='grc' dir='ltr'>ἄρτου</span> <span class='ocrx_word' id='word_1_553' title='bbox 1687 2948 1741 2984; x_wconf 69' lang='grc' dir='ltr'><strong>καὶ</strong></span> <span class='ocrx_word' id='word_1_554' title='bbox 1763 2948 1849 2984; x_wconf 72' lang='grc' dir='ltr'>οἴνου</span> 
     </span>
     <span class='ocr_line' id='line_1_51' title="bbox 318 3003 1847 3053; baseline 0.001 -14"><span class='ocrx_word' id='word_1_555' title='bbox 318 3004 410 3040; x_wconf 70' lang='grc' dir='ltr'>ὕδατι</span> <span class='ocrx_word' id='word_1_556' title='bbox 426 3003 631 3052; x_wconf 68' lang='grc' dir='ltr'>μιμιγμίνου.</span> <span class='ocrx_word' id='word_1_557' title='bbox 662 3005 759 3048; x_wconf 82' lang='lat' dir='ltr'><strong>Quod</strong></span> <span class='ocrx_word' id='word_1_558' title='bbox 774 3006 865 3053; x_wconf 79' lang='lat' dir='ltr'><strong>apud</strong></span> <span class='ocrx_word' id='word_1_559' title='bbox 880 3006 1020 3043; x_wconf 75' lang='lat' dir='ltr'><strong>Latino·</strong></span> <span class='ocrx_word' id='word_1_560' title='bbox 1036 3005 1120 3043; x_wconf 79' lang='lat' dir='ltr'><strong>Gan.</strong></span> <span class='ocrx_word' id='word_1_561' title='bbox 1132 3018 1226 3043; x_wconf 75' lang='lat' dir='ltr'><strong>xxiv.</strong></span> <span class='ocrx_word' id='word_1_562' title='bbox 1243 3004 1384 3042; x_wconf 81' lang='lat' dir='ltr'><strong>Concilii</strong></span> <span class='ocrx_word' id='word_1_563' title='bbox 1399 3016 1450 3041; x_wconf 90' lang='grc' dir='ltr'>ιιι.</span> <span class='ocrx_word' id='word_1_564' title='bbox 1467 3003 1628 3053; x_wconf 78' lang='lat' dir='ltr'><strong>Oarthag.</strong></span> <span class='ocrx_word' id='word_1_565' title='bbox 1644 3006 1692 3042; x_wconf 85' lang='lat' dir='ltr'><strong>ita</strong></span> <span class='ocrx_word' id='word_1_566' title='bbox 1707 3006 1847 3053; x_wconf 81' lang='lat' dir='ltr'><strong>legitur:</strong></span> 
     </span>
     <span class='ocr_line' id='line_1_52' title="bbox 325 3061 1848 3111; baseline 0 -13"><span class='ocrx_word' id='word_1_567' title='bbox 325 3061 368 3099; x_wconf 79' lang='lat' dir='ltr'><strong>Ue</strong></span> <span class='ocrx_word' id='word_1_568' title='bbox 380 3064 415 3098; x_wconf 73' lang='lat' dir='ltr'><strong>t&#39;n</strong></span> <span class='ocrx_word' id='word_1_569' title='bbox 429 3064 652 3098; x_wconf 70' lang='lat' dir='ltr'><strong>moramentis</strong></span> <span class='ocrx_word' id='word_1_570' title='bbox 675 3065 826 3109; x_wconf 68' lang='lat' dir='ltr'><strong>corpori·</strong></span> <span class='ocrx_word' id='word_1_571' title='bbox 846 3070 877 3100; x_wconf 77' lang='lat' dir='ltr'><strong>ee</strong></span> <span class='ocrx_word' id='word_1_572' title='bbox 897 3065 1072 3110; x_wconf 49' lang='lat' dir='ltr'><strong>conquinae</strong></span> <span class='ocrx_word' id='word_1_573' title='bbox 1087 3064 1213 3101; x_wconf 68' lang='lat' dir='ltr'><strong>domim·</strong></span> <span class='ocrx_word' id='word_1_574' title='bbox 1227 3062 1314 3100; x_wconf 67' lang='lat' dir='ltr'><strong>nilo-&#39;1</strong></span> <span class='ocrx_word' id='word_1_575' title='bbox 1327 3062 1471 3109; x_wconf 67' lang='lat' dir='ltr'><strong>amptius</strong></span> <span class='ocrx_word' id='word_1_576' title='bbox 1485 3064 1649 3109; x_wconf 76' lang='lat' dir='ltr'><strong>offeratur</strong></span> <span class='ocrx_word' id='word_1_577' title='bbox 1664 3075 1762 3110; x_wconf 71' lang='lat' dir='ltr'><strong>quam</strong></span> <span class='ocrx_word' id='word_1_578' title='bbox 1775 3065 1848 3111; x_wconf 66' lang='lat' dir='ltr'><strong>ipse</strong></span> 
     </span>
    </p>
   </div>
   <div class='ocr_carea' id='block_1_5' title="bbox 960 1694 1201 1920">
    <p class='ocr_par' dir='ltr' id='par_1_6' title="bbox 960 1694 1201 1920">
     <span class='ocr_line' id='line_1_53' title="bbox 960 1694 1200 1786; baseline 0 0"><span class='ocrx_word' id='word_1_579' title='bbox 960 1694 1200 1786; x_wconf 95' lang='lat' dir='ltr'><strong>   </strong></span> 
     </span>
     <span class='ocr_line' id='line_1_54' title="bbox 976 1786 1201 1879; baseline 0 0"><span class='ocrx_word' id='word_1_580' title='bbox 976 1786 1201 1879; x_wconf 95' lang='lat' dir='ltr'><strong>    </strong></span> 
     </span>
     <span class='ocr_line' id='line_1_55' title="bbox 1037 1879 1171 1920; baseline 0 1374"><span class='ocrx_word' id='word_1_581' title='bbox 1037 1879 1171 1920; x_wconf 95' lang='lat' dir='ltr'><strong> </strong></span> 
     </span>
    </p>
   </div>
  </div>
 </body>
</html>
