2008 3294
306 230 445 269 LXXX

307 336 344 371 in
358 335 474 372 Martii
492 335 543 370 12.
558 333 738 376 incideret,
760 332 853 379 quod
873 333 911 368 in
927 332 1102 380 Galippica
1117 331 1325 378 Iudaioaque
1338 331 1479 378 periodo
1495 331 1533 367 in
1550 330 1602 367 13.
1619 330 1855 367 conveniebat.

307 392 384 435 Qua
398 392 533 427 ratione
548 391 645 437 cyclo
661 390 714 426 13.
728 390 846 425 Martii
857 390 914 426 25.
925 390 1011 426 luna
1024 390 1090 426 fuit
1105 389 1170 432 13.‚
1184 389 1379 436 Bagatenis
1393 399 1476 424 vero
1491 388 1543 425 14.
1567 389 1696 424 Verum
1711 388 1856 424 Iudaeos

307 449 485 496 Galippica
500 449 583 484 anni
598 447 827 494 descriptione
842 458 926 483 usos
946 458 1038 491 esse,
1062 459 1130 494 quo
1147 446 1386 493 Scaligeriana
1401 447 1512 482 omnis
1527 446 1590 481 illa
1603 445 1760 481 doctrina
1773 445 1853 481 niti·

306 511 372 549 tur,
389 507 420 542 si
435 507 513 553 quis
528 505 725 552 negaverit,
739 505 901 551 progredi
914 505 1006 543 ultra
1019 516 1090 540 non
1105 504 1241 551 poterit.
1265 503 1314 538 Ao
1329 515 1395 539 nos
1411 503 1456 539 ad
1470 506 1674 550 sequentem
1685 502 1857 538 haeresim

307 564 442 609 cyclum
458 563 567 598 alium
577 562 756 598 Iudaicum
771 561 1042 608 explicabimus,
1058 561 1095 596 in
1111 572 1180 607 quo
1196 560 1301 596 biduo
1317 571 1568 608 nonnunquam
1590 564 1625 595 et
1645 571 1685 596 eo
1707 560 1856 607 amplius

307 619 514 667 anticipatae
529 621 600 655 sint
614 619 835 663 neomeniae;
850 622 890 654 ut
903 618 989 654 nihil
1000 618 1064 654 hac
1077 618 1217 665 quidem
1230 618 1365 654 ratione
1377 618 1544 665 Scaligeri
1560 621 1766 664 argumenta
1779 628 1857 664 pro-

306 682 478 713 moveant.
510 677 579 712 Sed
595 687 638 712 ea
651 688 707 712 res
723 688 786 712 suo
802 677 878 712 loco
894 677 1108 712 tractabitur.
1141 675 1260 722 Neque
1275 686 1357 711 vero
1377 675 1491 712 minor
1507 675 1703 711 Calviniani
1717 674 1856 710 alterius

307 739 360 769 est
370 735 523 778 vanitas,
540 735 601 781 qui
611 733 733 781 Epiph.
745 733 956 769 credulitatis
971 733 1151 768 insimulat
1166 744 1210 768 ex
1227 744 1267 768 eo
1285 733 1376 779 quod
1387 733 1492 768 variis
1507 733 1545 768 in
1559 732 1646 767 locis
1657 731 1761 768 Pilati
1771 732 1858 767 Acta

305 792 440 836 laudet,
455 803 569 839 neque
583 795 702 827 tamen
716 792 754 827 in
767 791 850 826 falsi
860 791 1094 838 suspicionem
1107 790 1262 825 adducat.
1287 789 1387 832 Quod
1401 801 1445 826 ne
1459 789 1704 825 refutationem
1720 789 1858 836 quidem

305 852 466 885 meretur.

397 906 458 940 Kal
474 905 506 941 ἐν
523 905 633 947 αὐτοῖς
649 905 685 941 δὲ
700 905 837 951 στάσις.]
868 906 960 942 Haec
975 906 1081 941 verba
1095 906 1161 939 τῶν
1179 903 1235 952 μὲν
1251 904 1416 952 λεγόντων
1432 908 1495 940 etc.
1513 905 1626 940 aliena
1641 904 1685 939 ab
1699 903 1856 939 hocloco

305 963 413 999 videri
427 967 584 1010 possunt.
615 963 704 999 Nam
724 964 878 1011 priorum
898 964 1037 998 illorum
1058 963 1267 998 sententiam
1289 962 1486 1005 continent,
1511 962 1572 1008 qui
1586 973 1656 998 xrv.
1671 962 1756 996 luna
1771 961 1858 996 cele-

307 1021 477 1056 brandum
492 1020 622 1068 pascha
635 1021 818 1056 sciverant.
842 1019 1049 1067 Quanquam
1065 1031 1167 1067 saepe
1184 1020 1297 1055 otiosa
1308 1019 1478 1055 eiusmodi
1489 1019 1646 1066 repetitio
1663 1018 1755 1065 apud
1767 1017 1859 1053 hunc

276 1090 278 1092 ’
306 1079 509 1125 scriptorem
523 1078 816 1114 animadvertitur.
849 1078 919 1113 Sed
941 1078 1023 1124 quid
1045 1088 1086 1112 ea
1106 1077 1246 1112 tandem
1261 1077 1329 1112 sibi
1343 1078 1487 1113 volunt?
1519 1076 1690 1112 Statuisse
1703 1075 1784 1111 illos
1798 1086 1858 1123 pa-

306 1136 391 1171 scha
405 1148 476 1172 xrv.
491 1136 590 1179 luna,
613 1146 702 1182 quae
721 1136 759 1171 in
774 1148 849 1172 vm.
863 1135 941 1172 Kal.
957 1136 1038 1182 Apr.
1053 1135 1228 1170 incurrat?
1258 1134 1322 1169 Est
1342 1134 1427 1169 illud
1449 1133 1589 1180 quidem
1609 1133 1715 1168 nimis
1737 1133 1858 1168 absur-

306 1193 405 1237 dum,
427 1194 528 1240 quasi
548 1193 592 1228 ad
612 1204 692 1228 eum
715 1193 807 1228 diem
829 1193 932 1229 lunae
948 1204 1019 1228 x1v.
1041 1192 1113 1228 dies
1135 1192 1247 1239 possit
1267 1190 1521 1227 adhaerescere.
1560 1190 1650 1239 Quid
1665 1191 1696 1226 si
1711 1189 1775 1237 πρὸ
1791 1191 1858 1224 τῶν

307 1247 396 1285 ὀκτὼ
411 1251 487 1287 Kal.
503 1251 601 1296 legas
618 1262 689 1286 non
704 1251 768 1284 τῶν
786 1250 849 1296 πρὸ
867 1246 979 1284 ‹ix-eth?
1024 1249 1115 1285 Nam
1136 1247 1168 1283 αἱ
1189 1249 1252 1294 πρὸ
1277 1246 1366 1283 ὀκτὼ
1386 1249 1463 1286 Kal.
1484 1247 1577 1284 idem
1598 1251 1681 1283 sunt
1701 1251 1807 1294 atque
1827 1245 1859 1281 αἱ

307 1305 396 1343 ὀκτὼ
411 1308 488 1343 Kal.
520 1308 616 1350 Quae
630 1307 794 1354 loquendi
809 1307 960 1343 formula
975 1318 997 1342 a
1006 1306 1139 1342 Latinis
1153 1306 1325 1350 manavit,
1342 1306 1468 1352 quibus
1487 1309 1566 1341 ante
1586 1305 1679 1340 diem
1689 1317 1766 1342 vm.
1781 1304 1858 1342 Kal.

306 1365 399 1401 idem
414 1370 468 1401 est
483 1370 587 1412 atque
602 1377 677 1400 vm.
692 1365 769 1400 Kal.
799 1365 847 1400 At
861 1365 893 1400 si
907 1363 972 1411 πρὸ
989 1365 1054 1398 τῶν
1072 1361 1162 1398 ὀκτὼ
1176 1364 1293 1410 legas,
1316 1362 1408 1399 hunc
1430 1362 1535 1398 habet
1557 1373 1717 1407 sensum,
1737 1362 1859 1398 lunam

305 1423 384 1458 illos
403 1423 455 1459 14.
471 1423 709 1466 constituisse,
727 1432 794 1468 qua
810 1426 891 1457 ante
906 1434 982 1460 vm.
999 1421 1073 1457 Kal.
1089 1420 1266 1457 incideret.
1294 1420 1372 1456 Nisi
1382 1420 1471 1456 forte
1486 1432 1558 1456 xrv.
1574 1421 1695 1455 lunam
1709 1420 1776 1454 τῶν
1793 1418 1857 1466 πρὸ

307 1477 397 1515 ὀκτὼ
413 1479 487 1515 καλ.
504 1483 605 1516 vocet
619 1490 713 1523 eam,
736 1490 825 1526 quae
847 1478 929 1514 huic
950 1479 1098 1514 termino
1114 1478 1338 1524 propinquior
1353 1481 1421 1521 est,
1445 1477 1537 1524 quod
1550 1488 1671 1513 verum
1691 1480 1787 1525 puto.
1819 1475 1859 1512 Si

307 1538 445 1584 quidem
461 1541 496 1573 et
509 1537 596 1572 haec
610 1536 776 1584 loquendi
794 1536 961 1580 formula,
985 1547 1090 1583 quam
1110 1546 1172 1581 pro
1196 1538 1335 1582 recepta
1355 1545 1552 1581 excusaque
1573 1534 1737 1571 substitui
1754 1544 1858 1581 posse

306 1595 460 1631 diximus
485 1595 548 1642 aph
571 1595 637 1629 τῶν
661 1591 750 1628 ὀκτὼ
771 1605 834 1641 pro
858 1593 981 1630 eodem
1002 1592 1176 1629 interdum
1191 1592 1280 1628 solet
1294 1592 1455 1639 usurpari
1469 1595 1573 1639 atque
1588 1592 1696 1627 altera
1711 1592 1778 1626 τῶν
1793 1590 1857 1638 πρὶν

307 1650 406 1689 ὀκτώ.

396 1709 438 1746 N.
454 1723 495 1747 11.
525 1708 604 1744 Ἐὰν
620 1709 701 1756 πρὸς
718 1707 882 1756 {cuipam
914 1707 1000 1745 Vide
1015 1707 1173 1744 Animad.
1190 1711 1328 1743 nostras
1345 1706 1388 1742 ad
1403 1705 1498 1743 haer.
1514 1718 1595 1742 ιιι.
1612 1718 1647 1742 n.
1663 1718 1714 1742 ιι.

395 1767 438 1805 Ν.
455 1780 508 1804 111.
539 1767 750 1814 Πανταχόθεν
767 1765 802 1801 δὲ
817 1765 838 1811 ἡ
855 1765 958 1813 ἁγία]
1002 1765 1098 1808 Quae
1114 1765 1157 1800 ad
1173 1764 1265 1800 hunc
1280 1766 1396 1800 locum
1411 1764 1610 1800 adnotanda
1624 1766 1740 1807 erant,
1760 1774 1802 1800 ea
1816 1763 1860 1799 ad

306 1825 397 1861 haer.
414 1838 512 1868 ιιι..
534 1835 624 1872 quae
645 1828 698 1860 est
717 1823 865 1860 Audian.
888 1822 1103 1867 differemus,
1125 1822 1186 1858 ubi
1206 1823 1306 1869 plura
1326 1822 1370 1857 ad
1392 1821 1459 1858 hoc
1476 1822 1676 1857 institutum
1689 1820 1860 1868 Epiphan.

307 1884 470 1930 disputat.

397 1952 435 1975 το
452 1939 629 1987 ἐμφύσημα
645 1942 703 1974 τοῦ
720 1938 865 1985 βέωνος]
909 1938 987 1974 Vox
1010 1938 1079 1974 ista
1102 1937 1185 1984 βέων
1207 1948 1379 1984 nusquam
1402 1948 1423 1972 a
1437 1948 1494 1973 me
1510 1937 1609 1972 lecta.
1639 1935 1753 1983 Atque
1769 1934 1861 1971 haud

307 1998 379 2034 scio
395 2008 440 2033 an
458 1997 627 2044 βούφωνος
642 1996 765 2032 Latino
782 1996 951 2032 vocabulo
968 1995 1144 2042 scripserit
1157 1994 1280 2042 Epiph.

606 2100 667 2136 AD
689 2098 921 2136 HAERESIM
942 2098 1016 2143 L1.‚
1040 2098 1159 2141 QUAE
1181 2097 1266 2134 EST
1289 2096 1553 2134 ALOGORUM.

397 2169 437 2205 Ν.
455 2182 507 2206 ιιι.
537 2167 610 2203 Ἵνα
633 2168 718 2215 δείξῃ
737 2168 772 2202 τὸ
790 2165 874 2208 εἶδος
889 2170 945 2213 τῆς
961 2166 1081 2215 ἁγίας]
1125 2166 1278 2203 Eandem
1302 2177 1403 2202 arcae
1426 2165 1693 2211 similitudinem*
1711 2165 1861 2201 declarat

306 2228 397 2275 Aug.
414 2228 438 2264 1.
452 2239 514 2264 ιιι.
530 2237 560 2263 c.
575 2226 692 2262 Faust.
709 2237 737 2262 c.
749 2238 820 2262 ιιν.

396 2284 438 2320 N
454 2297 477 2321 1.
509 2283 549 2319 Ἠ
566 2286 624 2319 τοῦ
641 2283 734 2318 λίθοῦ
750 2281 928 2330 Γαγάτου]
973 2282 1103 2318 Eadem
1123 2282 1195 2318 fere
1218 2285 1416 2365 serpentum
1439 2279 1632 2327 ἀλεξητήρια
1653 2281 1779 2317 cecinit
1799 2280 1858 2317 Ni·

307 2342 442 2379 eander.
472 2342 524 2378 De
542 2340 676 2388 Gagate
691 2352 805 2389 porro.

577 2396 721 2434 ’Δλλοτι
738 2396 768 2432 δ’
785 2396 924 2442 ἀζαλέην
941 2396 1042 2432 καίων
1057 2395 1240 2444 ἰγγάγγιδα
1255 2397 1385 2444 πέτρην,

576 2452 643 2491 Ην
660 2453 736 2490 odoi
752 2456 922 2502 κρατεροῖο
938 2454 1039 2502 πυρὸς
1056 2454 1272 2501 περικαίνυται
1289 2451 1385 2501 ὁρμή.

309 2515 373 2551 Ubi
396 2514 511 2551 Schoi.
528 2513 584 2559 τὴν
607 2515 757 2561 γαγγϊτιν
781 2511 882 2548 λίθον·
899 2510 931 2547 ἰν
954 2510 1094 2559 Γάγγαις
1115 2510 1178 2559 γὰρ
1195 2513 1250 2556 τῆς
1266 2510 1383 2552 Λυκίας
1399 2508 1586 2557 ιῦρίσκιται.
1604 2509 1660 2551 τὰς
1677 2510 1712 2546 δὲ
1727 2509 1856 2559 Ράγγας

308 2572 402 2607 πόλιν
416 2569 515 2607 οὖσαν
531 2573 588 2616 τῆς
604 2570 721 2611 Λυκίας
738 2569 791 2605 καὶ
808 2569 955 2616 Γαγγίδα
973 2569 1079 2616 φασίν.
1110 2568 1197 2605 Plin.
1214 2569 1237 2604 1.
1253 2579 1378 2611 xxxvi,
1402 2578 1431 2604 c.
1451 2567 1501 2604 19.
1520 2567 1673 2614 Gagates
1689 2569 1778 2616 lapis
1794 2579 1856 2605 no·

308 2641 386 2665 men
403 2629 508 2665 habet
522 2629 588 2665 loci
605 2633 640 2664 et
654 2628 768 2664 amni·
785 2626 919 2674 Gangis
934 2626 1071 2673 Lyciae.
1103 2625 1218 2663 Dione.
1234 2625 1258 2663 l.
1275 2637 1308 2663 v.
1325 2635 1355 2662 c.
1371 2635 1466 2661 ιοιι.

398 2686 438 2722 Ν.
455 2699 493 2723 ιι.
523 2684 598 2721 Ἵνα
614 2684 698 2732 διίξῃ
715 2684 753 2719 τὸ
770 2681 855 2725 εἶδος
871 2685 927 2728 τῆς
944 2682 1064 2731 ἁγίας]
1094 2683 1180 2720 Vide
1194 2683 1343 2730 August.
1358 2683 1380 2719 1.
1397 2693 1459 2720 ιιι.
1476 2692 1505 2718 ο.
1522 2681 1639 2718 Fauet.
1657 2694 1686 2719 e.
1704 2695 1774 2719 ιιν.

397 2743 437 2779 N.
454 2756 506 2780 m.
531 2743 591 2777 Καὶ
607 2741 633 2777 ni
649 2741 706 2790 μὲν
722 2741 876 2789 ἰδίχοντο
892 2740 929 2775 τὸ
948 2740 1164 2788 εὐαγγέλιον]
1189 2739 1279 2776 Nam
1293 2739 1335 2775 de
1346 2739 1556 2787 Apocalypsi
1571 2739 1729 2776 nonnihil
1744 2750 1766 2776 a
1780 2740 1855 2787 qui-

309 2801 453 2836 busdam
470 2800 682 2843 dubitatum,
701 2799 743 2835 de
759 2810 827 2847 quo
842 2803 1001 2835 accurate
1017 2798 1053 2834 in
1069 2797 1158 2835 Ann.
1174 2797 1301 2834 Baton.
1317 2797 1357 2833 A.
1373 2807 1402 2832 o.
1419 2795 1473 2832 97.

398 2857 438 2895 N.
456 2869 501 2894 ιν.
535 2856 575 2893 01
592 2856 626 2892 δὴ
643 2854 739 2891 ἄλλοι
754 2855 1006 2904 ιῦαγγιλισταί]
1037 2855 1123 2893 Vide
1138 2855 1229 2903 Aug.
1245 2855 1268 2892 1.
1285 2866 1323 2892 ιι.
1340 2853 1381 2891 de
1397 2852 1500 2890 eona.
1516 2853 1647 2901 Evang.
1665 2866 1694 2890 c.
1710 2866 1781 2892 xvi.

398 2913 438 2950 N.
457 2927 487 2951 v.
520 2911 611 2949 Ἔδει
628 2913 690 2960 γὰρ
707 2913 763 2948 τὀν
779 2910 844 2949 ἀπὸ
867 2912 1029 2959 πολλῶν]
1068 2913 1191 2950 Malim
1211 2914 1261 2960 τῷ
1282 2909 1504 2958 ἱπιστρίψαντι
1528 2915 1562 2947 et
1584 2909 1765 2948 ἀναστάντι.
1795 2911 1853 2948 vi·

308 2972 424 3009 einim
437 2982 517 3007 vero
531 2970 586 3006 τὀν
599 2969 736 3005 ἐλθόντα
747 2975 812 3007 ete.
836 2970 881 3006 Ut
897 2970 1001 3007 dandi
1016 2981 1117 3008 canu·
1132 2969 1305 3019 apo-tolo.
1321 2967 1505 3005 mou-andi
1516 2966 1651 3005 Christo
1665 2969 1852 3006 tribuetur:

308 3029 399 3078 quod
416 3040 479 3066 nos
495 3028 749 3076 interpretando
766 3028 954 3076 sequimur.

398 3084 471 3121 'An'
487 3084 587 3122 αὐτοὺ
605 3088 662 3120 τοῦ
679 3082 775 3132 ἔργου
792 3085 950 3133 κηρύξαι]
983 3084 1052 3122 Aut
1067 3083 1186 3132 κηρύξῃ
1202 3083 1268 3131 leg.
1285 3086 1346 3120 aut
1361 3085 1419 3119 τοῦ
1436 3082 1577 3130 κηρύξαι.
