2008 3294
174 3044 201 3070 p.
215 3037 256 3064 97.

295 239 515 276 LXXXVIII

296 344 403 378 leium
427 341 685 384 accommodat,
709 342 768 388 qui
788 342 893 376 iidem
915 345 998 377 sunt
1018 353 1097 376 cum
1114 339 1232 375 Sextis
1249 340 1395 375 duobus.
1434 340 1486 375 Ita
1502 351 1582 374 cum
1598 338 1801 386 Capitolinis
1815 339 1853 374 in

301 399 451 446 gratiam
466 398 578 433 rediit.
610 398 655 433 At
671 398 779 433 Siculi
801 399 883 444 quia.
904 410 992 434 coss.
1009 398 1092 433 anni
1107 408 1261 432 nccnxV.
1280 407 1351 431 non
1374 397 1537 431 omittunt
1565 399 1600 431 et
1621 407 1667 430 ex
1691 406 1760 430 uno
1783 396 1852 430 col-

294 457 387 502 legio
404 457 487 490 anni
499 465 682 490 nccnxvn.
698 455 766 490 ‹luo
777 455 934 498 faciunt‚·
942 465 1200 502 supervacaneo
1216 453 1276 488 illo
1288 453 1444 500 Pompeii
1456 457 1490 488 et
1502 452 1640 500 Apuleii
1650 453 1852 499 interposito

296 514 478 548 consulatu
494 511 661 559 tardiores
678 512 846 547 exhibent
860 513 1024 559 reliquos.

385 570 425 604 In
441 581 536 604 xxxv.
554 569 646 615 apud
662 568 785 616 Epiph.
803 573 838 604 et
851 570 888 605 in
903 569 1018 604 Fastis
1034 580 1097 616 pro
1111 568 1257 603 Crassus
1271 567 1422 603 Flaccus
1436 568 1505 614 leg.
1517 575 1526 611 3
1542 567 1612 602 nisi
1626 567 1673 602 sit
1687 563 1853 604 suffectus

296 627 432 672 aliquis.

384 696 466 719 xxv.
491 682 671 718 Tiberium
687 694 757 719 cos.
774 684 964 719 secundum
981 683 1086 718 habet
1100 683 1232 729 pro'nr.

385 740 426 775 ln
442 752 536 775 xxvr.
559 751 622 786 pro
646 739 756 790 Balbo
774 740 926 776 Flaccus
947 740 1195 776 adscribendus
1220 741 1291 783 est,
1311 739 1382 775 nisi
1405 739 1570 775 suffectus
1593 738 1719 786 aliquis
1739 739 1856 775 locum

295 796 351 832 hic
373 796 548 841 habuerit,
573 797 666 844 quod
688 797 782 833 idem
805 798 847 833 de
871 811 980 835 xxvrr.
1005 809 1067 845 par
1090 800 1144 832 est
1166 797 1322 840 credere,
1345 797 1408 832 ubi
1432 796 1560 832 Gratus
1582 807 1645 844 pro
1671 795 1773 832 Cotta
1793 807 1855 832 no-

294 855 458 890 minatur.
870 853 872 855 ’
1703 890 1705 892 .

384 911 424 946 In
441 912 627 947 consulatu
642 924 778 955 xxxva,
803 913 863 959 qui
885 917 940 948 est
959 913 996 948 in
1010 911 1197 959 Epiphanii
1215 911 1368 947 indiculo
1384 903 1515 954 xxxa,
1537 911 1648 946 maior
1671 914 1725 946 est
1744 910 1854 947 labes.

294 968 383 1003 Nam
401 968 510 1004 Siculi
523 968 619 1004 Fasti
635 980 715 1004 cum
729 969 922 1016 Epiphanio
944 973 1026 1016 post
1042 968 1208 1021 Gerssnos
1229 969 1315 1004 duos
1331 968 1463 1003 Rufum
1479 971 1513 1003 et
1527 967 1771 1004 Rubellionem
1787 968 1855 1015 (Si-

296 1026 363 1060 culi
379 1026 604 1070 Rubellium)
628 1027 807 1061 collocant.
854 1027 900 1060 At
923 1018 1382 1073 Capitolini'M.Vinucium
1407 1029 1442 1060 et
1464 1019 1624 1060 Cassium
1645 1024 1855 1071 Longinum.

294 1082 426 1118 Rufum
440 1094 542 1129 porro
559 1085 594 1118 et
609 1083 833 1118 Rubellinum
849 1082 1014 1118 suffectos
1031 1086 1131 1129 putat
1147 1083 1305 1132 Scaliger
1322 1086 1356 1118 et
1370 1082 1538 1129 Keplerus
1554 1082 1590 1117 in
1605 1082 1757 1129 Eclogis.
1779 1082 1855 1128 Ego

294 1140 387 1174 idem
403 1140 456 1174 his
473 1140 509 1174 in
526 1151 616 1175 coss.
634 1140 725 1186 quod
742 1151 773 1175 a.
786 1153 856 1175 xvi.
875 1141 1101 1176 commissum
1121 1140 1231 1175 fuisse
1254 1140 1422 1187 suspicor.
1455 1139 1545 1174 Nam
1566 1142 1606 1174 ut
1625 1139 1697 1174 illic
1719 1150 1764 1174 ex
1785 1151 1856 1175 uno

294 1197 443 1242 collegio
457 1196 540 1232 Sex.
565 1197 720 1244 Pompeii
737 1197 879 1244 Nepotis
897 1202 931 1232 et
947 1197 1028 1232 Sex.
1055 1197 1191 1244 Apuleii
1202 1196 1347 1243 Nepotis
1361 1197 1428 1232 duo
1443 1208 1532 1231 coss.
1545 1196 1643 1243 paria
1653 1195 1748 1231 factu
1764 1200 1856 1238 sunt,

294 1253 482 1288 Sextorum
500 1254 660 1288 videlicet
674 1254 823 1289 duorum
845 1257 880 1289 et
894 1254 1052 1301 Pompeii
1071 1258 1176 1300 atque
1192 1254 1347 1301 Apuleii,
1367 1254 1418 1289 ita
1432 1253 1563 1288 Rufum
1584 1256 1618 1288 et
1632 1253 1858 1289 Rubellinum

294 1310 441 1346 duorum
466 1322 542 1346 esse
568 1311 795 1346 Geminorum
818 1312 962 1347 nomina
984 1311 1204 1355 crediderim3
1227 1311 1295 1346 nisi
1319 1311 1411 1358 quod
1432 1322 1494 1358 pro
1516 1311 1642 1357 Rufus,
1666 1311 1790 1348 Fusius
1808 1311 1857 1346 le-

294 1368 448 1415 gendum
465 1373 527 1403 est.
571 1368 629 1403 Sic
653 1369 747 1403 enim
769 1369 996 1414 appellantur,
1020 1367 1057 1404 C.
1072 1368 1254 1404 Rubellius
1273 1367 1459 1411 Geminus,
1483 1367 1519 1403 C.
1535 1366 1660 1405 Fusius
1679 1367 1857 1404 Geminus.

294 1424 464 1467 Quocirca
486 1426 608 1460 merito
632 1430 703 1460 tam
724 1424 789 1460 hos
814 1437 918 1472 quam
940 1426 1018 1460 illos
1040 1425 1273 1472 praetermisit
1292 1424 1475 1468 Onufrius,
1500 1435 1541 1459 ac
1563 1435 1608 1460 ne
1632 1425 1857 1463 suffectorum

294 1482 434 1529 quidem
450 1483 525 1517 loco
542 1481 678 1526 habuit;
697 1482 790 1529 quod
805 1482 935 1517 frustra
950 1483 1096 1517 miratus
1114 1486 1168 1517 est
1180 1481 1337 1530 Scaliger
1348 1482 1408 1518 lib.
1418 1494 1465 1518 vr.
1479 1477 1520 1517 de
1533 1481 1676 1519 Emend.
1688 1493 1770 1531 pag.
1777 1482 1856 1518 521.

382 1539 437 1574 Ex
453 1538 516 1574 hac
534 1539 656 1574 eadem
671 1540 811 1586 collegii
826 1539 1049 1575 distractione
1065 1539 1214 1583 factum,
1231 1543 1270 1574 ut
1282 1539 1420 1575 Vinucii
1436 1550 1477 1575 ac
1488 1539 1639 1586 Longini
1654 1540 1856 1576 consulatus

293 1595 387 1643 apud
413 1595 646 1643 Epiphaniam
677 1596 757 1632 sede
781 1607 846 1632 sua
868 1597 1010 1632 luxatas
1032 1609 1158 1633 xxxm.
1183 1597 1259 1632 loco
1284 1607 1306 1632 a
1328 1596 1530 1632 consulibus
1545 1595 1705 1643 Augusto
1722 1590 1859 1635 :auset

293 1653 434 1688 Silvano
450 1657 647 1700 poneretur,
664 1665 743 1689 cum
761 1666 872 1690 xxxn.
889 1665 966 1690 esse
983 1654 1150 1690 debuerit.
1179 1653 1319 1689 Etenim
1334 1664 1426 1689 anno
1439 1653 1480 1690 U.
1495 1652 1533 1690 C.
1551 1663 1786 1698 uccnxxxnr„
1801 1653 1856 1690 Iu-

292 1710 385 1745 liano
403 1722 525 1754 mxxv„
543 1711 706 1758 congruit
722 1711 848 1746 Vinicii
864 1711 1064 1747 consulatus
1075 1738 1084 1754 ,
1099 1711 1203 1758 idque
1220 1722 1266 1746 ex
1280 1711 1496 1747 Varroniana
1512 1709 1654 1758 epocha.
1687 1710 1776 1748 Nam
1793 1711 1856 1747 Ca.-

291 1767 428 1814 pitolini
439 1767 535 1802 Fasti
548 1779 640 1803 anno
654 1778 863 1804 nccrxxxn.
877 1769 1057 1804 collocant.
1081 1767 1121 1803 In
1135 1779 1203 1815 quo
1216 1768 1362 1804 mirifice
1375 1767 1606 1803 hallucinatus
1622 1771 1677 1803 est
1688 1767 1857 1817 Scaliger,

293 1824 375 1859 dum
389 1824 574 1860 Onui'rium
591 1826 706 1872 arguit
718 1826 811 1872 quod
827 1827 1048 1861 consulatum
1060 1826 1186 1862 Vinicii
1201 1826 1237 1861 in
1250 1836 1474 1862 nccnxxxm.
1487 1825 1669 1861 contulerit
1680 1837 1726 1861 ex
1733 1825 1857 1862 Varro-

291 1882 347 1917 nis
365 1883 553 1926 sententia,
577 1894 658 1918 cum
675 1882 905 1920 Catonianum
923 1886 957 1919 et
974 1882 1207 1930 Capitolinum
1223 1894 1396 1919 annorum
1411 1893 1595 1919 numerum
1611 1883 1710 1930 sequi
1725 1894 1764 1918 se
1779 1895 1857 1931 pro-

291 1938 441 1975 fiteatur.
475 1938 549 1981 Quo
572 1939 658 1975 nibil
682 1940 806 1975 falsius
830 1940 988 1975 excidere
1006 1940 1185 1987 Scaligero
1207 1940 1330 1988 potuit.
1364 1939 1529 1976 Onufrius
1549 1939 1642 1976 enim
1659 1938 1854 1977 Comment.

292 1995 327 2031 in
345 1996 366 2031 1.
385 2007 406 2031 1.
423 1996 515 2032 Fast.
534 1997 570 2031 in
586 1996 656 2032 fine
673 1997 849 2032 Diatribae
881 1997 922 2032 de
939 2008 1030 2032 anno
1048 1996 1150 2032 Urbis
1169 1997 1327 2033 conditae
1343 1996 1582 2032 disertissimis
1598 1997 1714 2033 verbis
1725 1997 1856 2034 ‘Varro-

292 2064 372 2088 nem
388 2058 546 2088 secutum
564 2065 601 2089 se
618 2065 694 2089 esse
711 2058 866 2090 testatur.
910 2054 1094 2096 Varronis,
1111 2054 1247 2103 inquit,
1269 2057 1470 2090 sententiam
1484 2057 1520 2089 in
1536 2053 1590 2089 his
1607 2053 1726 2091 Fas-tis
1742 2067 1791 2089 me
1806 2067 1856 2090 se-

291 2113 492 2157 quisateor5
511 2124 573 2146 non
590 2112 679 2157 quod
694 2114 725 2146 ei
741 2113 851 2156 mayis
866 2124 965 2158 quam
980 2110 1090 2146 Fabio
1104 2110 1251 2155 Pictor-i,
1268 2112 1323 2146 vel
1336 2110 1455 2147 Verrio
1470 2110 1505 2146 F
1503 2112 1601 2146 lacco
1619 2117 1680 2146 aut
1690 2110 1855 2158 Dionysio

292 2168 447 2210 credam,
472 2169 533 2202 ned
553 2169 641 2214 quod
661 2171 733 2204 eius
754 2171 948 2202 sententiam
968 2170 1103 2216 passim
1128 2168 1171 2203 ab
1194 2168 1343 2203 omnibus
1364 2174 1554 2215 susceptam
1561 2170 1674 2215 fuisse
1692 2171 1855 2210 ,animael-

291 2228 465 2267 verterim,
489 2231 587 2270 arque
609 2231 769 2271 tanquam
791 2227 934 2260 omm‘um
958 2219 1169 2261 verissimam
1192 2227 1477 2271 certissimamque
1499 2225 1722 2261 observatam.
1754 2221 1856 2269 'Quod

290 2282 335 2317 ab
352 2293 393 2317 eo
410 2286 585 2317 servatum
602 2293 695 2325 esse,
719 2282 903 2318 discrimen
920 2283 1024 2318 unius
1048 2282 1129 2318 anui
1140 2309 1149 2325 ,
1171 2293 1239 2330 quo
1261 2282 1355 2318 illius
1369 2282 1466 2318 Fasti
1487 2293 1509 2318 a
1525 2281 1729 2330 Capitolinis
1752 2287 1786 2319 et
1801 2283 1856 2320 Si-

291 2339 452 2386 gonianis
471 2338 648 2383 differunt,
666 2339 751 2375 satis
769 2340 929 2376 ostendit.
955 2339 1017 2375 Hic
1035 2340 1091 2375 ille
1108 2351 1208 2387 porro
1216 2339 1373 2375 Vinicius
1391 2342 1445 2375 est
1460 2339 1516 2375 cui
1532 2338 1735 2376 historicum
1752 2350 1855 2376 suum

291 2396 498 2432 breviarium
518 2397 667 2432 Velleius
689 2397 880 2444 inscripsit;
896 2397 1001 2433 cuius
1025 2397 1069 2433 ad
1092 2398 1313 2433 consulatum
1336 2397 1380 2433 ab
1403 2395 1505 2433 Urbis
1528 2397 1627 2433 initio
1650 2409 1721 2433 non
1743 2407 1854 2434 annos

291 2454 443 2501 praecise
466 2464 676 2491 nccnxxxiu
700 2458 876 2499 numerat,
900 2457 938 2490 ut
961 2453 1081 2490 scribit
1101 2453 1269 2502 Scaliger,
1297 2454 1357 2490 sed
1381 2464 1586 2491 nccnxxxn.
1646 2453 1855 2503 Quanquam

292 2511 457 2547 mendum
473 2511 563 2547 inest
579 2511 613 2547 iu
631 2512 801 2555 numeris,
825 2514 860 2547 et
881 2522 1077 2548 nccnxxxu
1097 2511 1358 2549 restituendum.
1397 2510 1440 2547 Et
1462 2514 1543 2547 sunt
1565 2511 1696 2560 alioqui
1719 2508 1856 2549 numeri

290 2568 382 2615 apud
397 2568 567 2605 Velleium
591 2579 712 2604 omues
735 2569 987 2620 propemodum
1012 2569 1144 2614 vitiosi,
1176 2571 1237 2605 aut
1263 2571 1355 2604 certe
1379 2578 1502 2616 parum
1525 2567 1582 2603 ille
1606 2568 1679 2604 sibi
1707 2572 1854 2615 constet,

292 2625 374 2660 dum
391 2625 477 2661 alios
495 2630 598 2673 atque
614 2626 701 2661 alios
725 2630 862 2662 autores
887 2627 1055 2673 sequitur.
1088 2625 1208 2673 ltaque
1231 2630 1347 2662 utrum
1362 2625 1628 2670 Varroniauam,
1653 2636 1697 2662 an
1715 2625 1854 2674 Capito·

292 2683 417 2725 linem,
442 2694 545 2730 quam
571 2682 799 2719 Catonianum
824 2688 926 2719 vocat
946 2684 1112 2731 Scaliger,
1135 2684 1305 2719 rationem
1327 2681 1490 2726 tenuerit,
1515 2686 1606 2718 certo
1635 2679 1854 2731 pronunciari

292 2740 421 2787 nequit.
454 2740 639 2788 Scripsisse
658 2739 795 2788 quidem
813 2740 867 2777 vel
891 2750 982 2776 auno
1006 2741 1102 2788 ipso,
1124 2751 1192 2788 quo
1209 2739 1364 2777 Vinicius
1386 2739 1506 2776 consul
1530 2739 1612 2783 fuit,
1634 2741 1690 2776 vel
1711 2741 1853 2781 ineunte

291 2796 448 2843 sequenti
465 2798 586 2833 saltem
605 2797 797 2833 absolvisse
814 2797 892 2834 inde
908 2798 1031 2846 liquet,
1057 2798 1149 2846 quod
1170 2796 1324 2835 florentis
1341 2795 1451 2834 adhuc
1467 2796 1585 2833 Seiani
1603 2797 1716 2846 operis
1732 2798 1767 2834 in
1783 2798 1854 2835 fine

291 2854 467 2897 meminit,
485 2856 542 2901 qui
558 2854 696 2891 Tiberio
715 2868 744 2891 v.
763 2866 852 2899 cos.,
868 2854 933 2891 hoc
951 2858 1005 2890 est
1020 2854 1122 2892 Urbis
1140 2865 1372 2898 neccxxxrv„
1389 2852 1592 2902 profligatus
1611 2859 1672 2891 est.
1706 2853 1805 2899 Quod
1822 2856 1853 2892 si

291 2910 338 2947 its
355 2916 416 2954 est,
435 2911 547 2947 locum
567 2907 667 2947 habet
682 2912 814 2948 nullum
829 2913 950 2948 eruditi
962 2913 1023 2948 viri
1040 2913 1249 2955 coniectura,
1267 2911 1327 2959 qui
1339 2910 1598 2947 dubitarovisus
1612 2917 1665 2948 est
1680 2923 1724 2949 an
1742 2916 1851 2949 trans-

291 2967 394 3015 positi
419 2969 618 3003 connulntus
643 2974 775 3013 essent,
807 2974 844 3005 ut
866 2969 1025 3006 Tiberius
1050 2981 1080 3006 v.
1111 2972 1145 3005 et
1168 2968 1316 3006 Seianus
1341 2979 1431 3004 anno
1451 2978 1689 3014 occnxxxur„
1716 2969 1850 3006 Iuliano

294 3037 413 3068 cxxv„
435 3026 659 3069 conveniant,
677 3026 843 3062 Vinucius
867 3029 983 3063 autem
1008 3031 1042 3062 et
1066 3025 1206 3063 Cassius
1224 3035 1457 3067 ocor.xxxrv.,
1482 3025 1615 3062 Iuliano
1633 3039 1751 3063 cxxvi.
1785 3025 1850 3063 Ge-

294 3082 465 3119 minorum
483 3087 572 3119 certe
590 3083 788 3119 consulatus
806 3084 947 3120 incurrit
964 3084 997 3120 in
1017 3093 1146 3120 annum
1159 3082 1286 3119 Tiberii
1304 3094 1358 3120 xv.
1376 3082 1547 3119 labentem
1571 3087 1606 3118 et
1627 3083 1670 3120 ab
1691 3084 1849 3132 Augusto
