2008 3294
309 163 582 202 CCCXXXVIII

352 281 499 316 sabbato
523 279 779 326 δευτεροπρώτῳ
797 281 862 324 61.,
887 279 930 316 de
947 283 1050 316 Assa-

350 338 491 373 mouaei
514 337 596 372 filiis
613 337 667 372 78.
694 337 748 372 Sl.
772 337 840 380 84„
864 339 908 372 ab
933 339 1051 384 inepta

352 395 521 440 Scaligeri
552 393 820 440 reprehensione
855 395 1050 431 vindicatur

357 452 441 494 170„
466 452 542 498 ejus
566 452 655 486 ratio
681 452 722 486 de
746 453 857 487 tribus
874 452 1048 488 Paschati-

350 510 415 544 bus
433 509 522 551 205„
539 520 624 544 usus
642 510 782 544 nomine
795 509 970 545 Valeriani
987 522 1048 556 pro

352 566 487 601 Claudii
510 566 653 601 nomine
678 566 767 609 283„
791 567 827 601 iu
847 568 916 602 Arii
941 572 1051 603 morte

350 624 483 658 fallitur
498 623 586 662 286..
606 623 641 657 iu
659 623 827 659 Paschate
844 625 1050 660 celebrando

350 681 438 723 291„
463 681 658 716 vindicatur
682 691 703 715 a
732 682 929 727 suspicione
956 683 1050 717 Aria·

349 739 455 774 uismi
973 739 1050 774 324.

303 795 485 842 Epiphanii
509 796 682 830 sententia
711 796 904 842 explicatur
929 796 970 831 de
995 796 1050 831 die

349 853 458 888 natali
481 851 609 887 Christi
972 853 1045 889 127.

302 910 415 945 nodus
457 921 501 945 ex
533 909 724 956 Epiphanio
760 910 860 945 valde
896 910 1048 946 difficilis

351 967 424 1004 180.
438 968 528 1002 mira
539 967 615 1014 ejus
634 968 806 1002 sententia
818 967 900 1003 ibid.
924 971 964 1012 et·
974 968 1049 1003 181.

302 1024 514 1071 Epiphaniae
544 1025 617 1059 dies
647 1036 716 1071 quo
747 1025 818 1060 ritu
849 1030 883 1060 et
907 1036 975 1071 quo
996 1025 1048 1070 je·

341 1082 444 1128 junio
468 1082 700 1117 celebraretur
970 1081 1047 1118 359.

301 1139 513 1186 Epiphaniae
537 1139 652 1186 plures
675 1140 781 1175 variis
799 1139 833 1174 in
852 1139 937 1174 locis
962 1140 1047 1175 sitae

348 1197 450 1232 urbes
473 1196 539 1232 hoc
555 1197 697 1232 nomine
969 1196 1046 1233 326.

301 1253 518 1300 Ἐπιφώσκειν
543 1253 626 1300 quid
649 1255 696 1288 sit
973 1254 1045 1289 187.

300 1311 488 1358 Episemou
513 1321 616 1357 quatu
640 1315 762 1346 uotam
785 1311 876 1357 apud
894 1310 1046 1346 Graecos

345 1369 521 1415 significet
991 1368 1047 1404 73.

300 1426 424 1461 Esseni
447 1426 502 1461 vel
519 1425 639 1460 Essaei
664 1425 724 1471 qui
748 1425 909 1460 dicuutur
932 1436 954 1460 a
969 1425 1046 1460 Phi-

345 1484 424 1518 lone
447 1483 581 1518 Jndaeo
991 1482 1046 1518 54.

300 1540 511 1575 Esseuorum
537 1539 629 1586 quod
652 1538 756 1575 suerit
773 1540 971 1575 institutum
995 1540 1045 1576 di-

346 1609 484 1632 versum
502 1608 522 1631 a
540 1596 727 1632 Gortheuis
745 1601 779 1631 et
797 1597 965 1632 Sebuaeis
991 1597 1044 1634 26.

300 1655 510 1690 Esseuorum
548 1654 616 1690 duo
652 1663 782 1700 genera
824 1659 860 1689 et
898 1655 1046 1701 qualiter

343 1712 505 1747 distincta
990 1712 1045 1748 53.

297 1770 426 1812 Evam,
450 1769 558 1813 Evae,
583 1769 703 1815 Euhye
721 1780 844 1805 vocum
862 1779 942 1804 vera
959 1769 1046 1804 deri-

344 1828 438 1862 vatio
989 1826 1045 1863 33.

299 1884 512 1932 Εὖχαριστεῖν
545 1895 612 1931 quo
642 1895 747 1919 seusu
786 1884 976 1930 accipiatur
1011 1889 1045 1919 et

343 1940 534 1988 εὐχαριστία
987 1940 1042 1976 71.

297 1998 439 2033 Eusebii
455 2009 551 2034 error
566 1998 601 2033 in
620 1998 763 2033 Herodis
787 1999 889 2033 anuis
914 2009 1042 2045 suppu-

341 2055 457 2092 tandin
967 2055 1041 2092 126.

298 2112 590 2160 Exhomologeeie
615 2112 696 2159 quid
721 2112 769 2147 sit
791 2116 826 2146 et
850 2112 997 2158 qualiter
1021 2123 1042 2146 a

342 2171 498 2217 partibus
515 2175 683 2216 usurpata
700 2169 791 2212 250„
815 2179 857 2203 ea
880 2169 1042 2204 convenit

342 2228 441 2263 tertio
459 2228 692 2275 poenitentiae
709 2226 833 2273 gradui
850 2227 907 2272 qui
935 2224 1041 2259 ὑπόπ-

341 2296 438 2325 τωσις
462 2284 586 2320 dicitur
958 2282 1041 2319 ibid.

296 2341 587 2388 Exbomologeeis
606 2341 688 2389 quid
704 2342 750 2377 eit
766 2344 802 2377 et
825 2351 894 2387 quo
911 2350 932 2375 a
956 2350 1038 2375 con-

340 2399 492 2436 fessione
515 2399 651 2436 differat
985 2397 1039 2432 71.

639 2493 683 2536 F.

296 2559 456 2596 Feminae
469 2561 670 2597 clericorum
686 2559 950 2597 contubernales
964 2570 1040 2607 pro-

341 2616 527 2654 hibuerunt
541 2619 631 2655 eacrl
648 2618 871 2654 conciliorum
889 2626 1041 2709 canggpe

646 2781 690 2824 G.

1124 281 1219 317 Gaza
1258 291 1327 317 vox
1357 281 1492 318 Persica
1529 282 1635 319 etiam
1672 296 1693 319 a
1729 283 1872 320 Judaeis

1166 343 1332 385 usurpata
1817 343 1871 379 56.

1119 395 1257 439 Γενητὸν
1278 401 1312 430 et
1335 396 1491 440 Γεννητὸν
1514 398 1688 443 quomodo
1712 398 1875 434 differant

1447 485 1451 488 .
1795 455 1872 491 260.

1120 509 1356 554 Genealogiae
1387 521 1407 544 a
1433 511 1609 546 Matthaeo
1633 513 1780 548 traditae
1804 524 1866 547 ex-

1166 567 1332 601 aminatio
1815 570 1871 605 20.

1122 623 1372 658 Generatioues
1399 626 1442 658 ab
1462 625 1594 660 Adamo
1619 626 1662 660 ad
1682 626 1872 666 Abraham.

1166 682 1210 714 ab
1249 681 1446 716 Abrahamo
1491 682 1533 716 ad
1571 683 1746 718 Christum
1788 688 1874 729 quot

1173 737 1303 772 fuerint
1793 741 1870 775 287.

1123 793 1268 829 Glomus
1277 805 1299 829 a
1306 794 1438 830 Latinis
1449 800 1635 842 usurpatur
1643 808 1726 831 voce
1737 797 1870 832 Graeca

1163 851 1275 898 γολμή
1815 854 1870 890 60.

1118 907 1276 944 Gnostici
1300 909 1391 943 unde
1415 909 1497 944 dicti
1515 914 1550 944 et
1575 921 1665 956 quae
1690 911 1871 946 axiomata

1162 967 1344 1011 praecipue
1361 967 1562 1002 asserebant
1577 968 1643 1010 44„
1667 979 1727 1003 eos
1750 970 1869 1014 Augu-

1163 1023 1274 1057 stiuus
1310 1027 1412 1058 vocat
1437 1024 1622 1059 fabulones
1643 1025 1718 1067 45„
1748 1037 1868 1061 eorum

1163 1079 1280 1114 decem
1322 1091 1451 1126 genera
1493 1092 1514 1115 a
1551 1082 1696 1117 totidem
1733 1083 1868 1118 duabus

1163 1142 1357 1183 propagata
1785 1140 1868 1177 ibid.

1118 1192 1391 1240 Golgozhaesius
1417 1194 1599 1230 Galvariae
1633 1196 1729 1232 locus
1754 1208 1796 1232 an
1823 1198 1867 1232 ab

1162 1251 1287 1286 Adami
1311 1251 1477 1286 cadavere
1809 1254 1865 1291 84.

1477 1359 1529 1399 H.

1115 1422 1389 1460 Hebdomaditae
1414 1423 1503 1458 unde
1528 1423 1624 1467 dicti,
1648 1428 1683 1459 et
1699 1435 1789 1470 quae
1812 1436 1865 1461 ra-

1161 1479 1209 1514 tio
1233 1479 1334 1515 istius
1359 1482 1512 1515 nominis
1808 1482 1864 1519 23.

1113 1535 1230 1572 Heber
1261 1537 1352 1572 uude
1377 1537 1508 1584 Phaleg
1539 1549 1667 1574 nomeu
1696 1539 1770 1575 filio
1800 1551 1864 1576 suo

1160 1594 1364 1640 imposuerit
1812 1597 1864 1634 13.

1114 1651 1275 1686 Eaeresis
1305 1662 1433 1686 nomeu
1465 1663 1534 1698 quo
1567 1663 1674 1689 sensu
1705 1654 1751 1689 sit
1774 1655 1863 1690 acci-

1161 1708 1325 1754 piendum
1350 1710 1386 1743 in
1410 1707 1601 1756 Epiphanio
1830 1711 1862 1747 2.

1116 1765 1287 1809 Haeresis,
1296 1764 1447 1801 schisma
1460 1771 1495 1800 et
1501 1777 1768 1815 parasyuagoge
1777 1780 1862 1816 quo-

1160 1822 1264 1858 modo
1290 1822 1450 1859 differant
1782 1825 1861 1863 340.

1115 1880 1313 1915 Haereseou
1341 1891 1381 1916 ac
1398 1880 1576 1927 religionis
1594 1883 1792 1929 progressio
1816 1885 1861 1919 ab

1158 1937 1351 1984 Epiphanio
1367 1943 1505 1973 rectene
1517 1938 1622 1974 fuerit
1633 1941 1795 1986 exposita
1810 1941 1861 1978 14.

1113 1994 1311 2030 Haereseou
1345 1996 1546 2042 catalogum
1576 1997 1635 2043 qui
1665 2008 1708 2043 ex
1740 1999 1861 2034 veteri·

1158 2052 1222 2087 bus
1262 2058 1297 2087 et
1326 2053 1576 2089 recentioribus
1619 2064 1664 2089 ex
1703 2055 1860 2101 professo

1157 2115 1405 2144 recensuerunt
1832 2114 1858 2150 l.

1111 2166 1306 2201 Haereseou
1333 2167 1514 2212 octoginta
1537 2166 1765 2204 dinumeratio
1790 2181 1859 2216 quo

1156 2227 1257 2268 pacto
1275 2223 1321 2258 sit
1335 2223 1626 2260 considerandain
1638 2224 1702 2260 hoc
1711 2237 1814 2273 opere
1827 2228 1858 2262 2.

1112 2279 1306 2315 Haereseon
1326 2280 1448 2315 vitiosa
1461 2281 1585 2317 divisio
1603 2293 1690 2328 quae
1719 2284 1764 2318 ab
1782 2284 1859 2331 Epi-

1156 2335 1282 2383 phanio
1308 2337 1453 2373 traditur
1825 2342 1856 2378 2.

1110 2393 1278 2429 Haeretici
1302 2395 1411 2430 nostri
1429 2397 1595 2443 temporis
1624 2398 1782 2445 improbe
1804 2399 1856 2435 in-

1154 2455 1331 2487 sectantur
1356 2452 1554 2490 catholicos
1587 2455 1630 2490 ob
1655 2457 1875 2503 nuptiarum‘

1154 2512 1189 2543 et
1213 2509 1369 2544 ciborum
1394 2510 1641 2548 abstinentiam
1760 2536 1763 2541 ι
1799 2513 1854 2551 85.

1111 2564 1278 2603 Haeretici
1303 2567 1514 2603 reconciliati
1538 2580 1582 2604 an
1602 2570 1726 2606 iterum
1744 2571 1853 2618 bapti—

1155 2622 1255 2658 zandi
1286 2628 1321 2659 et
1350 2624 1440 2660 iuter
1464 2626 1578 2662 varias
1603 2625 1852 2672 haereticorum

1152 2685 1266 2716 nectas
1292 2681 1351 2727 qui
1376 2693 1412 2718 re
1437 2682 1631 2729 baptisandi
1769 2685 1848 2722 340.

1106 2737 1250 2773 Herodis
1289 2743 1447 2785 parentes
1484 2740 1543 2786 qui
1575 2740 1706 2777 fuerint
1735 2743 1852 2779 variae

1150 2795 1330 2841 opiniones
1793 2799 1850 2837 39.

295 2843 496 2881 under-nu
519 2845 675 2883 thermae
705 2858 775 2895 qua
803 2859 840 2884 re
863 2853 897 2884 et
920 2859 941 2885 a
965 2859 1034 2896 qno
1104 2852 1171 2887 eub
1203 2862 1271 2899 quo
1297 2852 1430 2890 Herode
1454 2853 1610 2892 Christus
1643 2861 1696 2893 eet
1726 2869 1850 2904 passus

340 2902 603 2939 commendatae
980 2913 1036 2949 56,

296 2959 448 3005 negot·-
481 2960 566 3006 lapt-
591 2962 681 2998 unde
707 2975 832 3001 nomen
859 2966 979 3004 hebuit.
1002 2974 1035 3003 et

339 3015 414 3063 eju·
439 3017 527 3053 vite·
981 3026 1036 3061 88.

1107 2965 1250 3003 Herodis
1268 2966 1412 3005 historie
1441 2975 1600 3007 accurate
1626 2983 1669 3008 ex
1694 2915 1848 3020 30εοῖἷὲ

1153 3024 1358 3061 ‹leuci-ibitur
1679 3030 1750 3067 121.
1775 3032 1846 3068 122.
