2008 3294
1621 225 1716 265 XCV

165 331 428 374 constituerent3
453 331 495 366 de
517 342 585 377 quo
608 296 833 378 paulcep'iist<¹
846 329 988 371 Interim
1005 330 1232 376 quadrantem
1246 331 1364 373 illum,
1380 341 1484 376 quem
1500 339 1580 364 cum
1594 328 1716 425 οἳ

165 387 286 423 diebus
302 388 544 424 intercalatum
568 387 710 423 Solinus
726 386 897 435 'stodidin
918 388 1084 422 attentius
1108 388 1340 434 exploremus.
1371 387 1484 423 Solini
1497 387 1604 422 verba
1708 401 1716 420 ε

166 445 215 479 Et
234 452 271 480 ut
291 451 414 480 statim
437 452 563 480 eertum
580 447 792 491 praeteritus
811 447 992 491 comperet
1005 456 1114 487 error,
1139 447 1212 479 dies
1228 457 1301 480 xxx.
1318 451 1352 479 et
1372 445 1596 491 quadrantem
1614 445 1720 479 *simul

164 503 388 538 intercalavit
397 508 458 537 etc.
489 502 550 537 Ille
567 513 651 548 ergo
668 513 781 537 annus
797 502 892 537 solus
905 510 1069 537 cccxuv.
1083 501 1156 536 dies
1168 501 1305 545 habuit,
1321 502 1381 536 alii
1393 501 1555 548 deinceps
1567 510 1717 537 cccnxv.

165 562 201 593 et
216 559 453 605 quadrantem.
485 558 552 601 Qui
568 559 680 594 Solini
695 561 792 594 locu’s
809 562 870 595 aut
882 558 1024 594 inscitia
1038 558 1276 600 librariorum,
1299 563 1362 594 aut
1382 559 1560 605 scriptoris
1575 557 1719 593 halluci-

164 617 306 651 natione
322 616 567 652 male·habitus
583 620 647 652 est.
679 617 802 652 Annus
818 615 1041 651 Confusionis
1057 619 1193 662 praeter
1209 616 1401 650 ordinarios
1414 626 1559 658 cccxv„
1580 615 1640 661 qui
1655 614 1722 649 fuit

166 674 249 708 anni
264 673 414 709 Romani
428 673 570 716 modus,
593 674 666 708 dies
688 673 810 709 habuit
828 672 991 709 insititios
1007 683 1135 715 nvn,
1157 676 1197 707 ut
1211 673 1277 707 Dio
1293 676 1450 709 testatur.
1482 673 1544 708 His
1566 673 1597 707 si
1615 673 1719 707 inter-

167 731 334 766 calarium
356 729 620 766 Merkedonium
650 741 851 774 accensus,
878 729 938 776 qui
964 729 1186 765 commodum
1212 730 1247 764 in
1277 741 1356 765 eum
1384 741 1515 765 annum
1542 729 1720 771 inciderat,

167 798 305 823 summa
325 787 459 823 dierum
482 787 677 823 additurum
701 791 756 823 est
769 797 848 830 xc.‚
869 787 900 822 si
919 785 1165 822 Merkedonius
1188 799 1307 829 xx111.,
1331 787 1386 821 vel
1409 799 1570 831 nxxxrx„
1593 787 1623 821 si
1645 798 1721 821 xxn

166 844 341 880 duntaxat
364 845 525 881 obtinuit.
580 844 695 888 Quare
717 848 753 881 et
776 844 999 880 confusionis
1022 854 1134 879 annus
1159 844 1232 879 dies
1254 844 1410 890 postulat
1432 855 1640 885 ccccxmv„
1667 844 1722 878 vel

167 911 362 945 ccccxxx„
386 906 426 936 ut
441 901 652 938 Censorinus
677 902 796 938 scribit
816 911 898 950 pag.
914 900 969 938 46.
1010 901 1123 948 Atque
1145 901 1197 936 illi
1219 901 1360 947 quidem
1377 901 1450 936 dies
1466 902 1515 935 ita
1532 901 1722 947 dispensati

166 962 266 1002 sunt,
282 961 322 994 ut
337 969 416 994 cum
431 960 663 1003 intercalaris,
681 960 754 995 sive
767 958 1012 995 Merks‘donius
1022 985 1031 1002 ,
1052 969 1154 995 suum
1170 958 1207 993 in
1221 956 1411 993 Februario
1427 959 1542 993 locum
1565 970 1609 992 ex
1625 969 1721 992 more

167 1016 309 1051 sortitus
338 1020 447 1059 esset,
477 1017 545 1052 duo
577 1017 635 1052 alii
658 1027 795 1053 menses
817 1017 907 1052 inter
928 1015 1160 1052 novembrem
1183 1026 1223 1050 ac
1247 1015 1475 1050 Decembrem
1498 1016 1617 1050 inserti
1641 1016 1721 1057 sint,

169 1072 302 1108 dierum
317 1074 421 1109 ambo
436 1074 542 1110 simul
554 1085 662 1110 nxvn.
671 1101 680 1118 ,
695 1075 748 1110 ita
760 1077 800 1110 ut
809 1073 1035 1120 peraequatio
1046 1073 1125 1120 ipsa
1135 1073 1173 1108 in
1184 1073 1267 1108 anni
1282 1072 1390 1108 finem
1405 1073 1612 1107 incubuerit.
1635 1073 1723 1107 Hinc

167 1130 228 1176 illa
243 1131 424 1166 verissima
440 1132 610 1178 suspicio,
627 1130 788 1167 Solinum
805 1139 994 1167 occcxuv.
1007 1157 1015 1173 ,
1030 1141 1101 1165 uon
1119 1140 1285 1166 cccxmv.
1303 1130 1494 1176 scripsisse.
1526 1129 1614 1164 Nam
1631 1130 1722 1175 quod

169 1187 241 1223 dies
257 1199 366 1223 uuum
382 1191 417 1223 et
432 1189 558 1235 viginti
574 1199 653 1224 cum
670 1188 862 1235 quadrante
882 1188 1071 1224 accessisse
1092 1187 1192 1231 dicit,
1214 1187 1258 1222 ad
1274 1187 1536 1223 Merkcdonium
1552 1187 1723 1233 respicere

167 1245 296 1291 potuit,
313 1245 372 1292 qui
383 1257 470 1282 xxn.
479 1273 488 1288 ,
505 1249 566 1281 aut
576 1257 677 1282 xxm.
690 1245 812 1282 diebus
825 1245 1018 1282 constabat.
1042 1244 1250 1291 Quanquam
1263 1244 1305 1279 de
1317 1245 1519 1280 intercalato
1533 1244 1724 1290 quadrante

166 1312 292 1348 parum
307 1303 488 1338 commode
505 1303 684 1350 scripsisse
700 1302 844 1340 videtur.
881 1302 959 1338 Non
981 1302 1074 1338 enim
1096 1302 1305 1349 appendices
1327 1301 1433 1337 horae
1455 1302 1491 1336 in
1515 1302 1609 1336 civili
1631 1312 1722 1336 anno

167 1359 363 1395 intercalari
385 1359 556 1396 dicuntur.
602 1359 696 1403 Quas
718 1363 758 1396 ut
781 1371 833 1395 eo.
847 1371 954 1395 sensu
977 1359 1098 1410 demus
1121 1359 1342 1394 intercalatus
1365 1359 1493 1402 fuisse,
1517 1360 1610 1405 quod
1632 1360 1725 1393 ultra

167 1417 462 1464 mensemdiesque
478 1417 608 1462 solidos
625 1420 856 1460 excurrerent,
872 1428 952 1452 cum
963 1417 1001 1453 in
1014 1417 1096 1452 anni
1109 1416 1334 1452 confusionis
1352 1417 1487 1451 exitum
1499 1417 1723 1463 peraequatio

167 1474 237 1509 ista
259 1475 458 1518 conveniat,
479 1485 551 1510 nou
573 1475 689 1522 potuit
704 1473 832 1510 Caesar
846 1475 1047 1522 proximum
1062 1474 1240 1509 bisextum
1260 1474 1305 1508 in·
1320 1485 1373 1510 m.
1390 1474 1580 1515 Iulianum,
1603 1474 1665 1508 sed
1687 1474 1723 1508 in

170 1543 216 1566 rv.
232 1532 411 1567 ineuntem
426 1532 594 1575 indicere3
615 1536 691 1567 tum
713 1531 860 1575 scilicet,
883 1542 964 1567 cum
986 1531 1059 1567 dies
1082 1542 1127 1566 ex
1149 1530 1400 1577 quadrantibus
1423 1531 1576 1567 collectis
1593 1531 1724 1565 solidus

171 1588 350 1624 existeret:
367 1589 433 1624 etsi
445 1588 618 1636 quadrans
629 1589 687 1624 ille
698 1589 856 1624 horarius
867 1600 939 1624 uon
951 1599 1031 1624 cum
1043 1588 1181 1626 duobus
1197 1588 1339 1635 reliquis
1355 1589 1535 1623 mensibus
1545 1615 1553 1631 ,
1570 1588 1630 1623 sed
1646 1599 1724 1623 cum

169 1645 395 1682 Merkedonio
408 1645 796 1694 προληπτικῶςίιιίίεειιε
812 1646 880 1682 dici
894 1649 1026 1692 potest,
1041 1650 1081 1681 ut
1096 1646 1228 1681 iustum
1244 1645 1288 1680 ad
1303 1645 1538 1692 colligendum
1556 1646 1725 1691 quadran-

170 1707 242 1737 tem
258 1703 404 1738 alterum
420 1704 572 1751 spatium
587 1714 680 1739 auno
694 1704 807 1751 primo
823 1703 958 1739 Iuliano
980 1704 1123 1739 ineunte
1145 1713 1223 1738 esse
1242 1703 1404 1749 potuerit.
1435 1702 1668 1738 Nihilominus
1684 1704 1726 1738 de

171 1759 237 1795 hoc
252 1759 364 1795 Soliui
377 1761 454 1796 loco
470 1761 697 1808 cogitandum
712 1761 861 1808 amplius
878 1771 1013 1796 censeo.

261 1817 323 1852 His
338 1818 533 1854 necessario
548 1818 746 1854 constitutis
761 1828 932 1864 negamus
948 1829 1079 1854 annum
1094 1818 1193 1853 illum
1206 1828 1274 1864 quo
1285 1817 1454 1854 Lentulus
1469 1821 1504 1852 et
1515 1818 1725 1853 Messalinus

173 1884 261 1910 coss.
275 1873 417 1910 fuerunt
431 1875 631 1910 bisextilem
646 1875 784 1912 fuissse.
813 1875 931 1911 Fuerit
946 1875 1039 1911 enim
1055 1886 1098 1910 ex
1115 1875 1194 1910 Iulii
1209 1874 1368 1910 Caesaris
1385 1875 1618 1918 ordinatione,
1634 1875 1727 1922 quod

171 1930 272 1966 valde
293 1931 463 1969 incertum
485 1943 564 1968 esse
584 1931 752 1968 hactenus
775 1926 1064 1968 monstravimus:
1087 1935 1317 1979 posteaquam
1339 1932 1478 1979 quidem
1500 1933 1544 1967 ab
1566 1933 1726 1979 Augusto

172 1991 344 2024 correctus
361 1991 415 2024 est
429 1999 560 2032 annus,
583 1989 614 2024 si
630 1990 674 2025 ab
691 2001 812 2026 eorum
827 1990 961 2036 aliquo,
984 2001 1071 2037 quos
1088 1989 1268 2025 bisextiles
1282 1993 1355 2025 tam
1369 1990 1444 2037 ipse
1461 2001 1568 2036 quarn
1583 1991 1729 2037 posteri-

170 2049 225 2081 tas
241 2045 355 2081 ‘omnis
370 2045 507 2088 habuit,
524 2050 614 2082 retro
629 2058 810 2090 numeres,
831 2057 1003 2094 negamus
1020 2050 1231 2090 constanter,
1251 2047 1450 2083 bisextilem
1467 2058 1547 2082 eum
1562 2059 1640 2082 esse
1658 2059 1726 2094 quo

172 2102 346 2138 Christum
368 2103 405 2139 in
425 2104 540 2139 lucem
562 2104 694 2140 editum
714 2105 868 2140 Annales
890 2105 1115 2146 ecclesiastici
1136 2104 1353 2140 confirmant.
1391 2104 1472 2140 Fuit
1492 2104 1547 2139 hic
1570 2105 1726 2140 Iulianus
1782 2137 1789 2143 .
1837 2118 1860 2142 5.

172 2172 288 2204 xum„
312 2160 372 2207 qui
395 2159 611 2208 Olympiadis
627 2171 746 2199 cxcrv.
771 2173 864 2198 anno
887 2162 1000 2209 primo
1023 2162 1164 2197 labente
1187 2162 1317 2208 coepit,
1341 2162 1386 2197 ab
1403 2161 1494 2197 Urbe
1511 2161 1658 2197 Condita
1682 2174 1725 2196 ex

172 2217 388 2254 Varroniana
401 2218 580 2265 putatione
595 2208 716 2255 occur.
741 2219 781 2255 In
797 2219 932 2255 Iuliana
945 2230 1049 2266 porro
1063 2219 1224 2266 periodo,
1240 2230 1311 2266 qua
1325 2219 1412 2254 nihil
1429 2219 1471 2253 ad
1488 2220 1728 2254 extricandam

173 2273 433 2322 chronologiam
449 2275 662 2322 expeditius,
676 2287 748 2312 nou
765 2276 873 2312 alium
885 2287 1017 2312 annum
1030 2281 1176 2323 occupat
1192 2287 1296 2323 quam
1308 2276 1410 2312 4711.
1422 2303 1431 2318 ,
1446 2278 1543 2322 cyclo
1559 2278 1643 2312 solis
1655 2289 1728 2319 vn„

172 2332 277 2367 lunae
293 2344 392 2369 xvm.
402 2359 412 2376 ,
429 2332 546 2368 indict.
562 2345 587 2368 1.
603 2342 625 2367 a
639 2333 818 2377 Ianuario,
843 2344 865 2368 a
879 2333 1076 2380 Septembri
1090 2345 1173 2369 vero
1189 2346 1228 2370 ιι.
1259 2333 1357 2376 Quod
1374 2334 1512 2379 quidem
1528 2346 1598 2368 non
1614 2335 1728 2369 conie-

174 2392 281 2432 ctura,
298 2389 358 2424 sed
374 2388 668 2425 demonstratione
683 2390 814 2426 nititur.
842 2390 1002 2427 Mortuus
1022 2394 1076 2426 est
1090 2390 1271 2437 Augustus
1289 2391 1406 2426 Sextis
1422 2391 1557 2426 duobus
1573 2402 1673 2433 coss„
1690 2396 1729 2426 ut

175 2447 331 2482 omnium
347 2457 520 2483 consensu
537 2447 859 2494 exploratissimum
874 2451 942 2491 est,
960 2458 1052 2483 anno
1068 2447 1171 2483 Urbis
1188 2447 1265 2484 763.
1297 2448 1384 2482 Ante
1405 2449 1624 2483 consulatum
1640 2448 1728 2483 Sex-

173 2506 308 2547 tomm,
336 2503 371 2539 si
396 2506 489 2539 retro
518 2515 697 2547 numeres,
725 2504 825 2551 paria
845 2507 928 2540 sunt
954 2505 1096 2540 omnino
1117 2505 1299 2540 consulum
1321 2517 1398 2547 xvr,
1420 2505 1635 2551 proindeque
1657 2518 1728 2540 xvr.

174 2570 306 2596 annum
321 2561 528 2597 anteriorem
545 2564 718 2608 occupant
731 2552 900 2596 Lentulus
915 2565 952 2596 et
964 2562 1187 2597 Marcellinus
1204 2573 1292 2596 coss.
1322 2561 1475 2608 Insignis
1496 2573 1598 2608 porro
1615 2573 1727 2598 annus

174 2618 232 2653 ille
244 2618 366 2654 mortis
379 2617 530 2665 Augusti
541 2618 608 2654 fuit
619 2619 722 2653 lunae
735 2618 905 2665 deliquio,
922 2619 1014 2666 quod
1026 2631 1084 2654 xx..
1101 2619 1154 2653 die
1171 2619 1216 2654 ab
1233 2619 1308 2653 eius
1325 2619 1422 2653 obitu
1438 2620 1624 2666 contigisse
1639 2621 1729 2655 inter

175 2674 406 2722 chronologos
423 2678 570 2718 constat,
585 2675 690 2721 idque
706 2674 941 2721 Dionysianae
957 2685 1058 2711 aerae
1074 2686 1166 2711 anno
1182 2687 1266 2717 xtv„
1283 2676 1381 2721 cyclo
1397 2676 1481 2711 solis
1496 2688 1610 2720 xxm„
1625 2670 1744 2712 lunae'

174 2742 250 2775 xv„
271 2731 368 2780 Sept.
383 2736 493 2768 xxvii.
515 2733 603 2768 feria
617 2745 667 2775 v.‚
687 2733 788 2767 litera
803 2732 894 2767 dom.
913 2731 960 2775 G,
981 2731 1134 2768 Iulianae
1155 2731 1288 2778 periodi
1302 2732 1403 2767 4727.
1445 2732 1546 2775 Quod
1567 2734 1597 2769 si
1617 2745 1727 2770 annos

175 2788 256 2824 inde
272 2790 484 2825 subtraxeris
497 2802 568 2825 xvr.
577 2816 585 2832 ,
601 2789 755 2836 reliquus
768 2789 833 2824 erit
843 2788 944 2825 4711.
953 2815 961 2831 ,
979 2800 1047 2836 quo
1059 2800 1148 2824 coss.
1161 2789 1259 2824 fuere
1270 2789 1436 2824 Lentulus
1449 2794 1484 2824 et
1494 2790 1726 2828 Marcellinus.

177 2845 244 2887 Qui
260 2846 474 2882 sibisextilis
485 2846 627 2889 fuisset,
644 2857 755 2881 annus
772 2847 816 2881 ab
834 2857 874 2882 eo
886 2858 958 2881 xvr.
974 2846 1116 2892 perinde
1131 2846 1308 2881 bisextum
1323 2845 1512 2882 habuisset.
1536 2848 1598 2883 Est
1612 2856 1728 2884 autem

178 2913 279 2938 aerae
293 2900 434 2939 nostrae
448 2916 537 2947 xm,
562 2915 602 2938 ac
623 2907 703 2950 post
723 2903 921 2938 bisextilem
942 2902 1131 2945 secundm-13
1151 2903 1259 2949 igitur
1274 2907 1309 2938 et
1323 2914 1435 2939 annus
1451 2905 1527 2948 ille,
1551 2917 1620 2952 quo
1638 2908 1728 2940 Mar-

178 2959 286 2994 cellus
308 2962 344 2995 et
361 2959 530 2996 Lentulus
554 2972 642 2996 coss.
659 2964 772 3003 erant,
795 2960 969 2995 bisextilis
990 2971 1060 2994 uon
1082 2959 1160 2996 fuit.
1179 2959 1287 2995 'Idem
1303 2971 1348 2996 ex
1364 2961 1608 3008 Olympiadum
1625 2968 1659 2998 et
1674 2964 1728 2998 Iu-

177 3016 351 3051 lianorum
373 3024 543 3053 annorum
566 3018 654 3053 serie
678 3017 866 3052 deducitur.
897 3017 987 3052 Nam
1010 3027 1090 3052 cum
1111 3017 1247 3052 Lentuli
1269 3022 1304 3052 et
1318 3019 1508 3054 Marcellini
1529 3022 1727 3055 consulatus

178 3073 332 3108 Iulianus
357 3074 402 3108 sit
427 3086 544 3117 nun,
573 3074 761 3109 Sextorum
785 3085 865 3109 vero
891 3074 1036 3109 duorum
1061 3075 1104 3108 sit
1135 3075 1288 3110 Iulianus
1311 3088 1400 3117 mx„
1434 3072 1595 3123 idemque
1628 3089 1727 3112 aerae
