2008 3294
223 2631 250 2656 p.
263 2623 320 2650 221.

349 170 492 207 'CXCIV

351 273 470 320 Neque
486 274 606 308 verum
623 276 676 307 est
692 272 784 318 quod
799 272 890 306 Elias
907 269 1060 314 subiicit,
1082 281 1224 306 causam
1247 281 1268 305 a
1283 269 1415 305 Davide
1436 270 1569 307 nullam
1586 270 1700 306 afferri
1716 281 1777 306 cur
1790 268 1904 306 Eliam

353 332 523 377 scriptura
539 330 631 364 dicat
646 340 721 364 esse
741 340 785 363 ex
802 327 1054 364 habitatoribus
1073 328 1220 370 Galaad,
1243 338 1323 362 cum
1346 328 1519 375 expressis
1541 328 1656 363 verbis
1680 326 1769 362 hanc
1790 327 1904 374 ipsam

353 389 540 434 significet:
559 387 726 432 quoniam
742 385 863 420 Thisbi
877 385 1052 432 profectus
1066 387 1104 420 in
1122 384 1373 420 Galaaditidem
1387 386 1598 431 migraverit.
1636 384 1728 419 Elias
1744 395 1825 420 vero
1840 383 1903 420 Le-

353 446 424 479 vita
438 444 560 479 urbem
574 444 613 478 in
632 442 764 478 Galaad
779 441 900 478 Thisbi
913 442 1022 478 fuisse
1037 443 1154 483 docet;
1179 452 1265 488 quae
1288 443 1375 476 cum‘
1390 442 1434 477 ab
1449 442 1614 478 Israelitis
1629 442 1820 488 postillam
1836 441 1904 476 Ga-

354 502 564 536 bionitarum
588 500 737 542 cladem,
762 511 831 546 qua
854 499 1054 535 Galaaditae
1077 500 1204 546 pariter
1226 499 1373 533 involuti
1396 502 1494 543 sunt,
1517 499 1590 534 Iud.
1607 511 1692 542 xxi„
1715 499 1790 534 solo
1814 502 1906 534 esset

353 563 510 604 aequata,
526 557 692 604 plerique,
711 558 771 603 qui
787 556 926 592 caedem
941 557 1037 592 iliam
1055 555 1259 602 effugerant,
1274 555 1403 590 reversi
1418 559 1539 602 postea
1555 556 1720 602 oppidum
1734 556 1905 590 instaura-

311 641 317 647 .
352 619 448 658 runt,
465 616 508 650 ab
525 625 635 661 eoque
651 625 735 649 casu
751 595 863 662 *1373ss
879 618 1022 654 “auran
1039 613 1208 648 nominati
1223 617 1315 647 sunt.
1338 611 1492 654 Quorum
1507 624 1598 648 unus
1610 612 1704 648 Elias
1715 613 1792 648 fuit.
1815 611 1904 647 Nam

351 674 420 708 illis
436 673 567 707 vixisse
584 670 798 718 temporibus
814 675 1020 717 argumento
1037 675 1106 713 est,
1129 669 1220 716 quod
1242 675 1315 704 tum
1340 674 1513 716 superstes
1530 674 1603 704 erat
1617 669 1778 712 Phinees,
1803 680 1906 716 quem

353 729 500 764 eundem
523 740 599 764 esse
620 739 699 763 cum
721 727 798 764 Elia
819 729 993 774 magistris
1017 728 1140 774 placet.
1173 728 1264 762 Haec
1279 726 1410 762 Levita.
1444 725 1539 768 Quae
1562 731 1643 762 sunt
1661 727 1903 762 insulsissima..

351 787 543 832 Fingamus
556 786 648 820 enim
662 785 772 820 Eliam
785 796 861 820 esse
873 784 1036 827 Phinees,
1053 784 1225 830 quomodo
1242 784 1272 819 is
1289 783 1331 818 ad
1347 793 1468 818 necem
1485 784 1662 830 quaesitus
1679 784 1723 818 ab
1739 783 1904 819 Israelitis

352 855 391 878 ac
404 844 491 889 fuga
502 844 622 889 lapsus
635 842 726 878 credi
737 847 867 889 potest,
881 843 940 888 qui
951 842 995 877 ab
1007 842 1146 876 illorum
1158 841 1312 888 partibus
1325 840 1475 883 steterit,
1491 840 1682 887 iisdemque
1694 840 1904 887 praefuerit?

351 901 459 947 Atqui
473 900 562 935 hanc
579 899 700 935 eadem
715 899 757 934 de
773 899 920 934 Phinees
935 899 1107 941 fabulam,
1132 898 1224 944 quod
1246 898 1337 933 idem
1362 897 1407 932 sit
1429 908 1510 932 cum
1522 894 1624 940 -Elia,
1647 897 1752 933 habet
1765 895 1904 933 Hieron.

350 959 411 994 lib.
430 957 568 999 Quaest.
585 957 688 992 Hebr.
704 957 740 991 iu
756 956 917 1002 Paralip„
939 956 1036 991 cuius
1059 955 1244 990 autoritate
1259 954 1368 990 fretus
1383 954 1505 990 Petrus
1521 954 1718 990 Damianus'
1734 954 1843 1001 Epist.
1858 965 1904 990 iv.

352 1015 396 1050 ad
417 1015 526 1051 Nicol.
542 1013 747 1049 Pontificem
767 1013 912 1048 eandem
933 1013 1089 1060 pluribus
1111 1012 1264 1058 exponit.
1311 1011 1410 1054 Quod
1433 1023 1477 1046 ne
1499 1011 1744 1047 refutationem
1767 1011 1905 1058 quidem

351 1077 513 1108 meretur.
544 1071 728 1106 Abulensis
745 1070 958 1105 sacerdotem
981 1070 1091 1104 fuisse
1111 1073 1218 1116 negat
1238 1070 1397 1112 omniuo,
1419 1068 1480 1104 sed
1499 1068 1678 1104 levissima
1700 1068 1905 1112 coniectura,

353 1129 445 1175 quod
462 1127 689 1164 Galaaditidis
704 1128 819 1162 incola
833 1127 1039 1163 nominetur.
1063 1127 1136 1162 Imo
1153 1138 1234 1161 vero
1250 1126 1374 1161 saltem
1390 1137 1435 1160 ex
1452 1137 1492 1161 eo
1509 1126 1701 1161 contrariae
1717 1125 1907 1172 suspicioni

350 1186 466 1228 locus;
484 1185 648 1232 quoniam
665 1188 880 1225 &munzun
897 1196 937 1218 ex
948 1185 1123 1229 inquilinis
1133 1183 1216 1226 fuit,
1231 1182 1296 1219 hoc
1310 1187 1363 1218 est
1374 1194 1445 1218 non
1461 1182 1642 1229 indigena,
1657 1184 1771 1230 neque
1787 1193 1831 1218 ex
1845 1182 1907 1218 ina

352 1243 461 1285 tribu,
478 1242 539 1278 sed
554 1242 758 1288 peregrinus
775 1241 857 1275 etin
876 1241 989 1276 alieno
1005 1241 1080 1276 solo
1097 1240 1238 1287 degens.
1262 1240 1391 1275 Verum
1406 1240 1444 1275 in
1458 1251 1496 1275 re
1513 1240 1619 1275 dubia
1633 1240 1794 1287 utrinque
1808 1240 1907 1287 larga

353 1299 530 1334 divinandi
545 1309 585 1333 ac
601 1297 799 1334 somniandi
815 1298 915 1344 copia
930 1302 993 1334 est.
1018 1297 1090 1333 Nos
1107 1298 1210 1333 otiosi
1225 1308 1295 1332 non
1310 1308 1444 1332 sumus.
1469 1296 1568 1339 Quod
1583 1297 1628 1332 ad
1643 1296 1809 1344 oppidum
1823 1307 1904 1332 vero

352 1355 473 1392 Thisbi
489 1356 653 1402 pertinet,
677 1355 718 1389 de
743 1355 816 1390 eius
839 1354 909 1389 situ
929 1365 1032 1390 nemo
1049 1354 1133 1390 certi
1148 1354 1279 1400 aliquid
1292 1353 1458 1401 prodidit,
1481 1355 1550 1389 nisi
1566 1354 1659 1401 quod
1674 1354 1804 1390 Tobiae
1819 1366 1844 1391 x.
1860 1365 1905 1389 ex

352 1425 434 1448 Lxx.
450 1413 676 1448 translatione
693 1411 828 1454 Thisbi,
852 1422 871 1446 e
895 1422 963 1458 quo
980 1411 1145 1446 oriundus
1161 1411 1270 1446 fuisse
1285 1411 1413 1447 Tobias
1429 1411 1605 1455 asseritur,
1620 1411 1658 1446 in
1675 1410 1831 1447 Galilaea
1844 1421 1905 1459 po-

351 1471 455 1513 nitur,
472 1481 578 1516 snpra
593 1470 696 1511 Aser3
714 1479 801 1516 quae
817 1469 853 1503 in
869 1468 993 1503 Latina
1006 1469 1149 1503 minime
1164 1469 1391 1516 reperiuntur.
1412 1467 1483 1504 Sed
1494 1472 1530 1503 et
1540 1468 1674 1504 Mazius
1686 1468 1731 1503 ad
1742 1480 1791 1505 xr.
1804 1467 1906 1504 Iesue

352 1527 460 1572 Θηβῆς
476 1538 537 1574 pro
555 1526 675 1572 θισβῆς
691 1525 912 1561 scribendum
929 1525 1116 1560 existimat.
1161 1523 1328 1572 Iosephus
1349 1525 1408 1561 lib.
1421 1527 1497 1563 vm.
1519 1536 1596 1572 cap.
1608 1537 1669 1563 vn.
1685 1524 1905 1563 Thesbonem

354 1584 588 1620 Galaaditidos
605 1584 727 1619 urbem
742 1582 837 1618 Eliae
853 1583 1000 1630 patriam
1017 1593 1093 1618 esse
1109 1581 1200 1618 dicit.

442 1639 600 1687 Ἀδελφὸς
617 1640 748 1687 γέγονεν
765 1638 907 1685 ’1ωδαέ.]
951 1640 1015 1675 Hic
1037 1643 1091 1675 est
1111 1639 1246 1675 Ioiadas
1268 1639 1443 1686 pontifex,
1466 1640 1527 1686 qui
1544 1640 1609 1676 sub
1625 1639 1763 1676 athalia
1777 1643 1812 1676 et
1825 1640 1903 1676 Ioas
1964 1646 1966 1649 ’

352 1698 543 1734 sacerdotio
559 1697 698 1733 functus
715 1701 785 1741 est,
801 1698 867 1733 sub
883 1696 948 1732 hoc
964 1707 1046 1732 vero
1061 1700 1234 1740 mortuus,
1250 1707 1330 1732 cum
1341 1697 1490 1732 vixisset
1503 1707 1613 1733 anuos
1630 1707 1737 1733 cxxx.
1752 1697 1905 1733 Tor-niel·

351 1757 405 1792 lus
419 1767 510 1791 anuo
523 1755 644 1790 mundi
656 1754 756 1790 3191.
769 1759 916 1790 mortem
926 1754 1019 1789 illius
1029 1780 1038 1797 ,
1052 1753 1132 1789 loas
1142 1754 1316 1790 tricesimo
1329 1754 1450 1801 quinto
1463 1753 1552 1797 i'ere,
1569 1754 1762 1802 consignat.
1785 1753 1907 1802 Coepit

353 1817 469 1848 autem
484 1813 580 1855 Ioas,
597 1823 641 1847 ex
658 1810 882 1858 chronologia
896 1814 1031 1854 nostra,
1047 1822 1118 1857 per.
1134 1810 1198 1847 Iul.
1212 1810 1330 1855 3836.;
1346 1811 1488 1858 proinde
1503 1811 1559 1847 35.
1576 1811 1731 1847 eiusdem
1745 1811 1906 1848 convenit

352 1871 388 1904 in
412 1881 443 1904 a.
460 1880 529 1915 per.
546 1868 608 1903 1u1.
621 1867 735 1911 3870„
759 1879 778 1903 e
801 1868 927 1915 quibus
943 1868 1104 1903 detractis
1123 1867 1187 1903 130
1203 1868 1326 1915 reliqui
1341 1871 1424 1903 sunt
1438 1867 1539 1905 3740.
1586 1869 1707 1915 Itaque
1723 1879 1814 1904 auno
1829 1879 1902 1916 pez.

351 1927 415 1961 lul.
431 1925 530 1961 3741.
547 1930 682 1972 praeter
697 1929 837 1972 propter
852 1929 956 1960 natus
973 1929 1026 1960 est
1040 1924 1176 1960 Ioiadas
1186 1950 1195 1968 ,
1215 1924 1388 1961 Roboami
1403 1925 1448 1969 2.,
1471 1925 1572 1961 anuis
1593 1929 1674 1972 post
1686 1924 1807 1972 templi
1822 1936 1903 1961 con—

353 1983 462 2018 ditum
477 1983 555 2029 plus
570 1982 686 2017 minus
704 1994 800 2018 xxxx.
824 1981 923 2024 Quod
938 1982 969 2016 si
984 1981 1122 2017 Ioiadae
1137 1981 1242 2017 frater
1253 1981 1346 2017 Elias
1363 1981 1444 2025 fuit,
1461 1985 1495 2017 et
1506 1981 1690 2017 Achimaaz
1702 1981 1807 2026 filius,
1820 1992 1902 2018 cou—

352 2050 500 2087 sequens
517 2043 570 2074 est
585 2039 746 2074 Azariam
761 2038 909 2074 eundem
927 2049 1002 2073 esse
1019 2049 1099 2074 cum
1115 2038 1244 2075 Ioiade.
1270 2037 1403 2086 Quippe
1419 2038 1498 2074 libri
1513 2051 1536 2075 r.
1554 2038 1631 2074 Par.
1647 2049 1724 2085 cap.
1738 2051 1783 2076 vr.
1801 2051 1822 2074 a
1837 2039 1900 2075 Sa-

351 2096 420 2132 dok
436 2107 545 2143 usque
562 2095 605 2131 ad
621 2095 740 2143 templi
756 2095 930 2131 excidium
947 2095 1163 2131 sacerdotum
1178 2095 1285 2131 series
1300 2095 1368 2130 ista
1383 2095 1602 2142 proponitur:

862 2181 876 2216 1
903 2180 1015 2217 Sadoc
1185 2180 1207 2216 8
1231 2179 1344 2216 Sadoc

857 2237 878 2273 2
901 2237 1085 2274 Acbiruaas
1183 2238 1204 2274 9
1227 2237 1359 2274 Sellum

856 2294 878 2331 3
901 2295 1042 2339 Aurius
1166 2294 1207 2331 10
1228 2294 1363 2330 Helcias

856 2352 878 2387 4
901 2350 1054 2388 Iohnnan
1165 2351 1202 2387 11
1228 2351 1369 2387 Antias

857 2408 878 2444 5
902 2409 1041 2444 Azarias
1163 2408 1204 2444 12
1227 2408 1366 2444 Sarsina

858 2466 879 2500 6
904 2465 1060 2501 Ameriae
1168 2464 1207 2502 13
1230 2465 1368 2502 Iosedec

858 2522 878 2558 7
904 2521 1049 2559 Achitob

356 2611 470 2647 Fuerit
490 2610 595 2657 igitur
616 2610 757 2646 Διετίας
779 2609 870 2645 idem
891 2619 931 2645 ac
954 2608 1107 2653 loisdas,
1128 2608 1220 2656 quod
1242 2607 1426 2646 nonnullos
1449 2609 1632 2646 arbitratos
1655 2621 1731 2647 esse
1752 2615 1897 2649 testetur

358 2669 454 2703 Abul.
472 2668 505 2703 in
522 2667 612 2703 hunc
629 2667 744 2703 locum
759 2666 819 2702 lib.
831 2679 854 2703 1.
872 2665 1018 2714 Paralip.
1043 2666 1134 2702 Saue
1150 2666 1336 2714 pertricosa
1350 2677 1403 2702 res
1416 2668 1469 2702 est
1479 2664 1680 2703 Iudaeorum
1693 2668 1896 2715 pontificum

357 2725 542 2768 successim
566 2735 713 2772 quorum
737 2724 879 2760 nomina
899 2722 990 2771 apud
1006 2722 1190 2771 losephum
1206 2723 1249 2759 ab
1265 2723 1308 2759 iis
1325 2734 1413 2771 quae
1428 2723 1462 2759 iu
1479 2722 1536 2759 lib.
1554 2723 1698 2772 Paralip.
1715 2726 1896 2764 traduntur

357 2782 587 2817 diversissima
608 2786 698 2818 sunt.
744 2780 1014 2828 Expeditionum
1034 2780 1239 2817 conciliandi
1261 2780 1346 2817 ratio
1368 2783 1436 2825 est,
1457 2784 1496 2816 ut
1515 2780 1896 2831 plerosque'multipliei

357 2839 494 2874 nomine
515 2838 685 2885 praeditos
707 2837 932 2875 affirmemus.
979 2837 1158 2874 Caeterum
1179 2838 1215 2874 in
1238 2837 1439 2874 sacerdotali
1458 2836 1551 2875 Eiiae
1575 2849 1615 2874 ae
1630 2838 1767 2876 loiadae
1789 2840 1895 2888 stirpe

358 2895 443 2931 duo·
456 2896 682 2942 praetermisit
694 2894 915 2944 Epiphanius.
939 2893 1028 2931 Nam
1039 2895 1175 2940 Atiam,
1191 2894 1251 2943 qui
1266 2897 1320 2931 est
1333 2894 1369 2931 in
1383 2893 1559 2943 Scriptura
1571 2894 1647 2940 ozi,
1663 2895 1774 2933 filium
1785 2896 1893 2934 fuisse

355 2951 499 2987 Phineo·
517 2951 633 2995 indit,
649 2961 728 2988 eum
746 2952 818 2988 eius
834 2961 1004 3001 pronepos
1020 2951 1132 2989 suerit.
1165 2950 1291 2989 OmIsit
1305 2951 1396 2988 euim
1411 2951 1539 2989 Abisue
1556 2956 1590 2988 et
1605 2952 1720 2991 Bocci.

443 3007 482 3043 ῚΙ
501 3010 599 3055 μόνον
616 3005 647 3043 ἰν
664 3012 733 3049 ταῖς
750 3007 1070 3057 Παραλιιπομίναις]
1116 3007 1166 3045 De
1182 3008 1274 3046 Eilae
1290 3009 1395 3056 stirpe
1414 3009 1449 3045 iu
1465 3008 1668 3057 Paralipom.
1687 3010 1783 3047 libris
1800 3011 1891 3059 quod
