2008 3294
301 217 458 256 XXXIV

301 327 369 359 tur.
405 323 452 359 At
466 322 678 358 Essenorum
704 320 883 368 proprium
909 319 977 356 hoc
998 320 1084 363 fuit,
1101 319 1234 355 oriente
1256 319 1330 354 sole
1349 329 1468 366 preces
1494 318 1649 355 fundere.
1693 317 1851 355 Alterum

303 384 374 422 est,
399 379 492 426 quod
514 379 617 414 Elxai
634 379 806 425 impostor
827 378 902 421 ille,
924 378 984 424 qui
1005 377 1049 413 ad
1072 377 1224 412 Ossenos
1247 377 1401 419 transiit,
1429 376 1583 413 Essenus
1607 375 1722 411 fuerit.
1758 375 1854 411 Nihil

305 437 398 472 enim
420 437 514 472 aliud
529 439 583 470 est
605 430 721 476 Ἐλεαι
742 445 848 481 quam
864 433 882 468 ὁ
905 432 1078 480 Ἐσσαῖος,
1106 437 1226 475 *nort
1250 412 1331 482 ξιι,
1353 437 1394 468 ut
1415 433 1451 469 id
1472 437 1587 468 sectae
1607 443 1680 467 non
1701 431 1853 468 hominis

304 494 483 540 proprium
507 493 670 528 extiterit.
710 491 780 529 Sed
802 502 844 527 ea
866 491 1037 538 Scaligeri
1059 491 1257 526 coniectura
1279 493 1422 526 eatenus
1445 501 1466 525 a
1487 490 1589 526 nobis
1611 489 1792 536 probatur,
1813 492 1854 524 ut

302 550 388 585 nihil
404 561 511 596 supra
526 550 762 586 coniecturam
782 559 823 584 ac
838 549 1053 595 probabilem
1070 547 1267 594 opinionem
1289 546 1426 583 habeat.
1462 547 1507 582 Et
1528 546 1668 594 quidem
1687 557 1769 581 cum
1787 546 1855 581 tria

303 607 395 653 apud
416 606 561 642 Iudaeos
593 610 672 641 ante
695 605 871 641 Christum
896 609 1067 640 sectarum
1096 605 1211 651 capita
1237 604 1380 647 fuerint,
1407 603 1687 646 Pharisaeorum,
1721 601 1856 638 Saddu-

303 675 468 698 caeorum
492 667 527 698 et
541 663 768 706 Essenorum,
790 667 943 698 caeterae
960 674 1097 705 omneS,
1120 672 1208 708 quae
1223 661 1268 696 ab
1283 660 1475 707 Epiphanio
1497 661 1555 696 vel
1569 661 1646 695 aliis
1661 669 1856 694 memoran-

303 725 361 756 tur
370 748 378 764 ,
402 720 562 756 haereses
584 719 628 755 ad
642 721 780 756 illarum
795 721 995 766 quampiam
1010 719 1133 754 merito
1155 722 1360 753 revocantur
1373 729 1395 753 a
1410 729 1480 764 qua
1492 717 1590 753 initio
1605 715 1855 763 profluxerunt.

306 778 515 824 Quanquam
536 778 704 824 paulatim
725 778 826 813 novis
850 777 895 812 ad
916 777 1115 812 institutum
1129 775 1253 810 ritibus
1269 785 1310 810 ac
1326 775 1547 821 dogmatibus
1562 773 1779 817 adficiendis,
1795 776 1857 808 aut

306 839 428 871 contra
449 835 625 870 veteribus
647 834 858 877 reficiendis,
880 835 1031 870 multum
1053 844 1076 868 a
1097 832 1210 879 priore
1231 832 1346 869 forma
1367 831 1580 869 deflexerint.
1623 831 1857 874 Quamobrem

303 893 348 928 ab
363 893 504 928 Essenis
521 891 672 927 Ossenos
694 892 780 928 istos
802 902 964 928 manasse
985 890 1147 926 credibile
1171 893 1241 932 est3
1265 890 1404 925 tametsi
1423 890 1572 936 plurima
1593 889 1662 925 illis
1683 889 1857 925 contraria

304 950 473 996 dogmata
487 948 614 984 Osseni
625 948 848 995 postmodum
863 948 1115 990 adstruxerint,
1131 947 1225 993 quod
1240 957 1285 982 ex
1299 946 1422 994 Epiph.
1437 949 1597 983 constare
1610 949 1738 993 potest.

397 1005 583 1053 Ὦρμηνται
599 1005 635 1040 δὲ
650 1001 766 1051 οὗτοι]
807 1005 904 1041 Unde
920 1009 954 1040 et
970 1005 1151 1052 Sampsaei
1171 1004 1328 1050 profecti.
1364 1003 1431 1046 Qui
1444 1004 1533 1040 meri
1542 1007 1626 1040 sunt
1639 1003 1774 1047 Osseni,
1788 1001 1858 1039 nisi

305 1063 397 1111 quod
413 1063 457 1098 ad
473 1074 694 1099 communem
715 1063 995 1110 superstitionem
1015 1065 1204 1108 utcumque
1227 1061 1415 1098 Christiani
1434 1061 1586 1097 nominis
1606 1061 1858 1108 professionem

304 1121 547 1157 adiunxerant.
583 1120 716 1156 Horum
737 1121 844 1167 igitur
866 1119 1078 1156 domicilium
1092 1119 1129 1154 in
1143 1118 1273 1154 Peraea
1286 1119 1369 1162 fuit,
1391 1122 1431 1155 ut
1452 1118 1587 1157 haeresi
1602 1130 1676 1156 Lm.
1692 1118 1859 1164 scriptum

309 1182 378 1221 est3
401 1177 502 1226 πέραν
523 1179 580 1222 τῆς
602 1176 760 1223 Ἀλυκῆς,
781 1176 855 1222 ἤτοι
876 1177 1000 1223 Νεκρᾶς
1023 1175 1225 1222 καλουμένης
1248 1174 1431 1222 θαλάσσης,
1452 1174 1485 1210 ἐν
1501 1178 1540 1220 τῆ
1555 1175 1740 1222 Μωαβίτιδι
1760 1174 1859 1222 χώρᾳ

304 1235 376 1282 περὶ
391 1234 450 1279 τὴν
464 1233 664 1282 χειμαρῤοῦν
688 1232 812 1280 ’Δρνῶν
835 1233 889 1268 καὶ
909 1232 1071 1278 ἐπέκεινα,
1095 1231 1127 1267 ἐν
1143 1235 1182 1279 τῇ
1205 1231 1349 1279 Ἰτουρέα
1370 1232 1423 1267 καὶ
1438 1232 1627 1279 Ναβαττίδι.
1660 1233 1716 1268 Ex
1731 1232 1857 1279 quibus

303 1292 462 1328 fortassis
478 1291 694 1327 emendanda
708 1303 778 1327 vox
794 1292 850 1335 τῆς
867 1289 1102 1338 Ἀρηϊλίτιδος,
1127 1291 1216 1336 quae
1236 1289 1302 1326 hoc
1317 1291 1395 1326 loco
1410 1290 1556 1336 legitur,
1579 1301 1668 1336 quae
1683 1300 1859 1336 nusquam

303 1350 488 1396 reperitur,
511 1359 642 1395 proque
658 1359 701 1384 ea
715 1347 995 1384 substituendum
1011 1340 1242 1394 Ἀρωηρίτιδὸς
1264 1348 1309 1383 ab
1325 1348 1450 1390 Aroer,
1474 1358 1563 1394 quae
1585 1350 1620 1383 et
1640 1347 1689 1383 Ar
1702 1350 1858 1391 vocatur,

301 1406 538 1442 Moabitarum
552 1406 638 1440 urbe
653 1405 953 1451 frequentissima,
970 1415 1059 1450 quae
1077 1404 1219 1440 Graecis
1235 1408 1289 1440 est
1304 1403 1510 1451 Ἀρεόπολις,
1532 1404 1577 1440 ad
1590 1407 1779 1440 torrentem
1793 1403 1859 1440 Ar·

303 1474 406 1507 nom,
427 1466 467 1498 ut
490 1463 533 1498 ad
557 1474 586 1498 c.
604 1474 667 1498 ιιι.
689 1462 791 1498 Iosue
806 1461 940 1497 Masius
957 1462 1127 1503 observat.
1163 1461 1354 1498 Possumus
1370 1465 1406 1497 et
1419 1459 1642 1508 Ἀρνωνίτιδος
1659 1473 1681 1498 a
1695 1461 1858 1498 torrentis

303 1521 444 1556 nomine
459 1519 630 1566 suspicari
644 1519 823 1566 scriptum.

399 1577 508 1612 Τούτο
525 1576 560 1612 δὲ
575 1576 614 1610 τὸ
632 1576 724 1623 γένος
741 1577 806 1610 τῶν
823 1574 1022 1621 Ὀσσηνῶν.]
1055 1575 1162 1618 Quasi
1177 1586 1198 1611 a
1212 1575 1317 1611 verbo
1333 1578 1422 1641 11:237
1437 1575 1631 1623 profectum
1645 1576 1700 1619 sit,
1713 1575 1806 1622 quod
1819 1575 1858 1613 in

303 1635 475 1671 Axamaea
487 1635 608 1680 lingua
614 1636 743 1680 fortem
755 1645 824 1668 esse
838 1633 894 1668 vel
909 1634 1074 1668 roborare
1086 1633 1278 1680 sig-nificat,
1294 1633 1354 1669 alii
1368 1633 1412 1668 ab
1423 1633 1580 1671 Hebraeo
1595 1637 1662 1676 tw
1674 1633 1858 1670 deducunt.

304 1692 462 1738 Scaliger
473 1702 545 1727 non
557 1691 692 1727 dubitat
703 1690 787 1737 quin
799 1688 972 1736 Ὀσσηνὸς,
984 1694 1024 1725 ut
1034 1689 1194 1734 Ἐσσηνος
1206 1688 1290 1724 κατὰ
1302 1689 1505 1737 παραγωγὴν
1517 1694 1724 1738 conceptum
1736 1690 1783 1726 sit
1793 1687 1859 1728 ἀπὸ

302 1752 362 1784 τοῦ
377 1752 518 1792 ’κει-π,
539 1752 578 1784 ut
597 1748 690 1783 idem
712 1748 758 1783 sit
777 1746 935 1788 Ὀσσαῖος
956 1751 991 1782 et
1010 1745 1183 1792 Ὀσσηνός.
1222 1746 1313 1783 Nam
1335 1747 1506 1784 eiusmodi
1526 1747 1787 1795 patronymicus
1805 1747 1859 1784 in-

302 1806 473 1843 flexiones
494 1807 532 1842 in
552 1805 629 1848 ηνὶις
644 1805 799 1841 Arabum
820 1808 855 1840 et
869 1804 1078 1842 Asianorum
1098 1804 1258 1852 propriae
1274 1808 1372 1849 sunt,
1394 1808 1434 1841 ut
1453 1804 1547 1841 idem
1562 1816 1608 1841 ex
1623 1803 1799 1853 Stephano
1821 1804 1860 1841 in

303 1861 485 1909 Ἀβασηνὸς
501 1863 619 1905 docet,
636 1873 717 1898 cum
730 1861 904 1909 Europaei
918 1862 1018 1898 aliter
1029 1862 1192 1899 forment.

396 1918 550 1965 Συνήφθη
574 1918 610 1954 δὲ
625 1919 752 1959 τούτοις
769 1918 963 1966 μετέπειτα]
1001 1918 1054 1955 De
1074 1919 1177 1955 Elxai
1196 1919 1372 1963 meminit,
1392 1923 1432 1956 ut
1453 1919 1584 1956 dictum
1605 1923 1677 1963 est,
1698 1919 1738 1956 in
1757 1918 1860 1956 Sam·

303 1988 488 2024 psaeorum
511 1975 656 2012 haeresi.
695 1975 794 2019 Quod
814 1979 929 2012 sectae
952 1987 1081 2012 nomen
1096 1987 1191 2020 esse,
1212 1988 1283 2012 non
1304 1976 1474 2020 hominis,
1493 1977 1673 2024 proprium
1693 1977 1860 2013 ariolatur

306 2035 474 2081 Scaliger.
501 2033 640 2071 Etenim
655 2033 824 2069 Arabicus
840 2033 1005 2069 articulus
1021 2014 1085 2082 §a
1102 2044 1182 2070 cum
1194 2034 1424 2080 appellatione
1436 2038 1568 2078 sectae,
1583 2033 1649 2070 hoo
1661 2037 1716 2070 est
1725 2037 1859 2078 men,

305 2091 459 2133 Ἐσσαῖος
474 2102 603 2127 nomen
617 2090 703 2126 illud
717 2090 851 2137 peperit
865 2070 1066 2139 *non-b&
1082 2088 1250 2136 Ἔλξαϊος,
1269 2088 1286 2125 ὃ
1310 2089 1475 2132 Ἐσσοίϊος.
1513 2090 1590 2134 Qua
1604 2091 1711 2128 etiam
1723 2092 1859 2129 ratione

305 2149 461 2185 eiusdem
475 2148 582 2184 frater
597 2146 730 2188 Ἰεξαῖος
745 2158 807 2194 pro
824 2145 952 2188 Ἐξοίῖος
975 2148 1020 2183 ab
1035 2147 1228 2194 Epiphanio
1251 2150 1485 2195 nuncupat-ur,
1506 2149 1597 2185 sicut
1618 2147 1774 2190 Ἰεσσαῖος
1794 2159 1859 2196 pro

303 2204 473 2246 Ἐσσαῖος.
514 2205 585 2242 Sed
599 2204 686 2241 haec
701 2214 798 2240 mera
812 2202 981 2251 Scaligeri
995 2204 1160 2241 divinatio
1177 2208 1241 2240 est.
1683 2225 1686 2228 -

393 2261 500 2303 ’Δλας
524 2262 579 2298 καὶ
598 2261 708 2308 ὕδωρ,
729 2261 783 2297 καὶ
804 2263 883 2308 γῆν,
912 2261 966 2296 καὶ
989 2259 1116 2308 ciprum]
1164 2261 1283 2309 Friget
1303 2261 1473 2310 scaligeri
1491 2263 1708 2307 coniectura.
1733 2263 1796 2311 qui
1819 2263 1859 2301 in

303 2318 663 2356 Elencho'l'rihaeresii
673 2329 748 2366 cap.
761 2330 870 2355 xxvu.
886 2319 1164 2366 superstitiosum
1177 2319 1390 2356 Ossenorum
1403 2320 1644 2357 iusiurandum
1658 2332 1720 2368 per
1735 2321 1857 2368 salem,

304 2389 430 2424 panem
452 2381 487 2413 et
501 2387 627 2423 aquam
643 2376 687 2412 ad
702 2376 913 2412 Essenorum
927 2376 1057 2412 victum
1073 2376 1193 2420 refert,
1214 2376 1276 2424 qui
1289 2387 1398 2424 pane,
1419 2377 1491 2414 sale
1507 2382 1543 2414 et
1557 2389 1650 2425 aqua
1665 2378 1858 2418 constabat.

302 2435 408 2470 Porro
436 2438 471 2470 et
495 2433 582 2470 haec
609 2437 644 2469 et
664 2444 754 2480 quae
774 2433 935 2481 deinceps
951 2438 1143 2481 sequuntur
1157 2433 1363 2471 documento
1379 2445 1456 2471 esse
1477 2439 1623 2482 possunt
1645 2435 1857 2472 Ossenorum

303 2496 434 2528 sectam
450 2492 494 2527 ab
510 2491 653 2527 Essenis
667 2490 767 2526 valde
783 2490 953 2527 diversam
968 2490 1087 2527 fuisse.

393 2548 435 2587 N.
452 2561 490 2585 ιι.
521 2547 582 2583 Διὰ
597 2547 634 2583 τ“ο
651 2546 721 2594 Ἰὴλ
751 2547 942 2595 καλεῖσθαι]
981 2548 1149 2586 Hebraico
1171 2549 1221 2586 ita
1243 2549 1466 2598 concipienda
1485 2554 1567 2588 eunt
1582 2554 1664 2594 ἐξ
1687 2531 1788 2601 hm,
1801 2550 1858 2589 vel

307 2611 404 2649 802
427 2609 534 2642 virm
550 2606 762 2642 abacondita.

396 2663 438 2700 N.
454 2675 506 2700 ιιι.
531 2662 645 2699 Εἴκοσι
660 2661 826 2711 τεσσάρων
843 2661 912 2728 μὶν
917 2662 1101 2711 σχοινίων]
1137 2663 1211 2701 Hae
1230 2664 1363 2702 ratione
1378 2663 1550 2702 schoenus
1565 2665 1760 2703 miliaribus
1776 2676 1857 2703 con·

306 2724 373 2756 stat
389 2732 422 2756 ιν
445 2719 583 2764 stadiis,
605 2724 645 2756 ut
666 2720 702 2756 in
725 2720 874 2757 miliaria
894 2709 1036 2769 singula
1059 2733 1119 2758 xvi
1139 2721 1352 2770 imputentur
1372 2733 1466 2761 nxrv.
1481 2722 1675 2760 Herodotus
1691 2722 1855 2772 Euterpe·

304 2775 406 2813 Ὅσοι
426 2776 483 2825 μὶν
506 2777 570 2825 γὰρ
594 2776 767 2823 γιωπιῖναί
791 2776 866 2813 εἰσιν
883 2774 1081 2826 ἀνθρώπων,
1105 2774 1253 2827 (lp-solnm
1268 2778 1486 2827 μεμετρήκασι
1501 2778 1559 2825 τὴν
1575 2780 1706 2827 χώρην
1732 2778 1805 2816 ὅσοι
1820 2779 1856 2816 δᾶ

305 2829 406 2878 ἧσσον
423 2836 611 2881 γιωπαναι,
636 2834 808 2871 σταδίοισι·
839 2834 870 2870 οἳ
893 2833 928 2870 ὀδ
949 2833 1111 2881 πολλὴν”
1093 2847 1221 2883 ιχουσι,
1244 2834 1490 2885 παρασάγγῃσι·
1516 2837 1547 2872 οἳ
1563 2836 1598 2872 ὃὶ
1615 2834 1755 2884 ἄφθονον
1771 2837 1855 2882 λίαν,

306 2891 480 2938 σχοίνοισι·
510 2891 642 2927 δύναται
670 2891 705 2927 31
733 2890 751 2927 ὁ
769 2890 826 2939 μὶν
854 2890 1069 2940 παρασάγγης
1097 2893 1269 2940 τριήκοντα
1295 2892 1429 2930 στάδια·
1459 2891 1477 2929 ὁ
1502 2892 1537 2930 ὃὶ
1561 2897 1694 2941 σχοῖνος
1719 2894 1856 2936 ἕκαστος

305 2948 422 2995 μέτρον
438 2947 491 2983 ἴον
505 2946 677 2996 Αἰγύπτιον
694 2947 848 2993 ἑξήκοντα
864 2947 990 2987 στάδια.

394 3003 501 3052 ’Λβαρ
518 3003 607 3041 'Avia
623 3001 737 3053 μωΐβ]
776 3005 853 3044 Non
870 3009 925 3043 est
937 3006 1038 3044 facile
1055 3017 1100 3044 ex
1115 3007 1292 3046 Hebraicis
1313 2994 1408 3046 ixi-00
1423 3008 1538 3046 verbis
1554 3019 1632 3046 esm
1647 3010 1855 3048 sententiam

303 3062 443 3106 elicere,
460 3072 567 3110 quam
580 3062 727 3100 subiecit
740 3062 966 3111 Epiphanius.
1003 3064 1076 3102 Nos
1098 3065 1148 3103 lta
1169 3065 1391 3104 tentavimus·
1413 3069 1618 3110 “ninum-¹
1648 3072 1716 3111 ”w
1747 3071 1854 3112 '5²9¹'
