2008 3294
1527 222 1680 260 LXXIX

136 326 328 363 dominicae
341 327 484 363 solenne
499 327 736 373 celebrarent}
744 310 925 389 *nam
939 338 1044 370 xxxx„
1067 327 1133 363 hcc
1155 331 1209 363 est
1230 328 1356 375 Aprilis
1378 327 1567 364 secundum
1590 326 1681 362 diexn

136 383 356 420 diffuderunt.
387 383 565 420 Consentit
580 388 615 419 et
629 379 892 428 charactssslle,
909 394 1013 431 quem
1031 384 1218 431 Gregorius
1234 385 1409 433 adiungit:
1430 389 1563 432 nempe
1571 387 1683 420 terrae

135 444 271 476 motum
286 441 454 477 accidisse
469 453 570 478 xvxxx.
586 442 730 482 Kalend.
746 442 875 479 mensis
890 442 1018 488 quinti,
1041 441 1105 477 hoc
1127 444 1181 478 est
1195 443 1286 478 Iunii
1301 454 1372 479 xxv.
1382 470 1391 486 ‚
1414 442 1502 478 feria
1515 442 1564 478 iv.
1604 440 1683 482 Boc

137 499 278 534 omuino
306 509 398 534 anno
425 498 553 534 Christi
575 509 658 535 nxc.
685 499 856 535 convenit.
900 498 1071 541 Quocirca
1095 498 1302 535 childeberti
1329 500 1461 547 primus
1486 500 1566 536 iniit
1590 509 1683 535 anno

136 554 265 591 Christi
279 567 407 591 nnxxv.
418 582 427 599 ,
441 556 550 591 natali
561 555 687 592 Christi
702 557 768 593 die.
793 555 893 599 Quod
903 559 939 591 et
951 555 1038 591 ΚΡ.
1047 555 1252 591 Sirmondus
1268 558 1368 592 certis
1385 557 1576 606 rationibus
1592 567 1684 592 ccm-

136 616 274 659 pertum
289 613 358 648 sibi
371 624 448 649 esse
463 613 655 649 confirmat.
687 614 896 661 Quanquam.
914 613 998 648 solis
1017 613 1174 660 eclipsim
1190 613 1311 649 eodem
1325 615 1386 650 illo
1402 624 1492 650 anno
1509 625 1549 650 ac
1564 625 1685 651 mense

135 670 258 716 quinto
272 670 446 707 mediante
461 671 649 717 contigisse
663 674 783 718 narrat
794 670 992 718 Gregorius.
1017 669 1113 713 Quae
1124 670 1222 706 Iunio
1236 673 1386 717 μεσοῦντι
1402 682 1493 708 anno
1508 673 1576 708 isto
1592 682 1686 707 com-

136 730 253 774 petere
266 738 338 763 ncn
352 728 482 775 potuit,
498 729 595 774 cyclo
611 728 764 764 Nicaeno
781 740 836 772 xa,
857 728 919 776 qui
931 727 1023 764 Iunii
1037 739 1112 765 vxxr.
1130 731 1183 763 est
1198 728 1403 775 adscriptus.
1434 729 1504 764 Sed
1518 729 1605 765 haec
1621 740 1685 765 suc

136 841 226 876 inter
241 841 310 877 alia
325 853 404 877 cum
419 841 622 878 Novatianis
639 844 753 890 lapsos
770 842 1006 890 repudiarunt,
1022 846 1062 877 ut
1076 842 1181 878 refert
1195 842 1448 878 Theodoretus:
1466 843 1558 890 quod
1574 843 1616 878 de
1631 855 1687 879 so-

136 898 181 934 lis
195 898 358 935 Asiaticis
373 899 499 934 asserit
513 899 672 935 Socrates
688 901 711 937 l.
725 913 758 936 v.
774 911 803 936 c.
819 911 908 943 xxx„
929 899 991 935 ubi
1006 899 1049 934 de
1063 900 1133 935 ritu
1148 900 1347 936 celebrandi
1361 901 1552 948 paschatis,
1575 901 1687 948 deque

137 955 369 992 Asiaticorum
384 967 424 991 ac
439 956 676 993 Romanorum
691 956 832 993 dissidio
846 957 1003 1005 pluribus
1019 957 1166 994 disserit.

226 1012 310 1050 ΝΛ.
339 1011 419 1049 Ὅτι
434 1012 668 1061 ἐπικατάρατος
684 1013 719 1055 ὅς
735 1013 775 1050 οὗ
790 1014 943 1060 ποιήσοι]
977 1013 1078 1051 Haud
1092 1015 1164 1050 scic
1180 1025 1226 1050 an
1242 1014 1339 1051 locus
1354 1015 1421 1051 iste
1437 1015 1488 1051 sic
1503 1026 1688 1062 expressus

138 1070 434 1118 uspiamlegatur.
813 1111 822 1122 s
1000 1090 1005 1097 «

227 1125 360 1175 ‘Erepsi
379 1127 415 1163 eh
430 1126 464 1169 ἐξ
479 1128 614 1174 αὐτῶν]
662 1129 836 1173 Quantum
858 1139 904 1165 ex
924 1129 968 1168 lis
983 1130 1098 1166 verbis
1120 1130 1306 1176 colligitur,
1327 1141 1399 1166 non
1420 1130 1535 1165 solum
1557 1130 1631 1166 fixo
1648 1141 1688 1165 ac

138 1175 314 1221 constanti
335 1185 408 1229 die,
430 1185 496 1221 hoc
520 1190 573 1222 est
586 1198 662 1223 vm.
677 1186 753 1223 m.
769 1187 872 1223 Mart.
887 1186 1016 1234 pascha
1030 1188 1260 1234 peragebant,
1283 1197 1403 1223 venun
1426 1188 1532 1223 etiarn
1554 1198 1596 1222 eo
1610 1188 1688 1235 ipsc

139 1242 195 1278 die
209 1243 431 1286 ieiunabant,
453 1247 574 1279 contra
587 1247 739 1280 veterem
755 1243 920 1280 ecclesiae
933 1245 1056 1288 ritum,
1079 1255 1168 1292 qnae
1190 1245 1226 1280 in
1242 1245 1319 1292 ipso
1333 1244 1424 1280 resto
1438 1244 1606 1280 ieiunium
1623 1244 1690 1279 dis-

139 1300 314 1344 solvebat,
332 1304 374 1336 ut
393 1311 438 1336 ex
460 1302 608 1348 epistola
626 1301 787 1348 Dionysii
807 1301 1033 1337 Alexandrini
1052 1306 1199 1339 constat.
1241 1302 1312 1338 Sed
1333 1302 1482 1338 obscura
1504 1306 1587 1338 sunt
1600 1311 1690 1349 quae

139 1356 301 1404 deinceps
315 1357 530 1405 Epiphanius
546 1357 701 1403 disserit,
723 1369 836 1406 neque
851 1359 1305 1395 Tessareseaedecatitarum
1320 1360 1519 1407 opinionem
1536 1360 1621 1395 satis
1636 1369 1690 1395 as—

140 1415 240 1461 sequi
253 1426 452 1462 possumus.
483 1415 571 1452 Cum
586 1416 680 1452 enim
695 1416 828 1452 scribit:
857 1416 918 1451 Καὶ
933 1415 966 1451 ἓν
982 1413 1082 1464 ἐκείνῃ
1100 1419 1139 1464 τῇ
1154 1416 1261 1465 ἡμέρᾳ
1277 1416 1451 1463 βούλονται
1466 1415 1554 1464 ἄγειν
1570 1417 1608 1451 τὸ
1625 1414 1691 1451 Πά-

141 1475 225 1519 σχα,
248 1471 347 1507 ὁποία
369 1471 400 1507 δ’
417 1473 454 1507 ἂν
478 1472 602 1520 ἐμπέσῃ
616 1472 638 1518 ἡ
654 1472 977 1520 τεσσαρεςκαιδεκάτη
1001 1476 1057 1519 τῆς
1080 1473 1234 1520 σελήνης,
1262 1473 1327 1510 hoc
1350 1473 1524 1510 affirmare
1546 1474 1692 1517 videtur,

139 1528 333 1566 haereticos
355 1530 434 1566 illos
457 1534 550 1566 certo
571 1541 612 1566 ac
628 1530 702 1567 fixo
725 1530 799 1575 die,
821 1531 985 1568 nimirum
1001 1543 1074 1567 vm.
1090 1531 1167 1568 Kal.
1184 1532 1267 1578 Apr.
1283 1532 1426 1568 solenne
1440 1531 1617 1580 paschatis
1633 1532 1693 1567 ad-

141 1587 342 1631 strinxisse,
364 1597 505 1624 securos
520 1589 623 1625 lunae
639 1599 709 1626 xxv.
756 1588 821 1624 Cui
840 1591 958 1624 tamen
981 1598 1070 1636 quae
1093 1592 1286 1636 sequuntur
1306 1589 1463 1625 nonnihil
1486 1591 1693 1637 repugnant.

141 1643 290 1679 Subiicit
305 1645 397 1680 enim
410 1645 632 1692 Cappadoces
648 1645 793 1681 eandem
805 1646 898 1682 diem
909 1658 984 1683 vm.
997 1645 1075 1683 Kal.
1089 1646 1170 1693 Apr.
1185 1646 1378 1690 celebrar03
1395 1647 1487 1694 quod
1503 1658 1526 1682 a
1539 1648 1693 1694 priorum

142 1701 300 1737 instituto
315 1701 403 1738 nihil
418 1702 605 1750 discrepat,
627 1706 662 1738 et
683 1706 800 1739 tamen
815 1704 987 1750 posterius
1002 1702 1068 1739 hoc
1083 1706 1251 1750 tauquam
1266 1703 1439 1739 diversum
1455 1715 1496 1740 ac
1510 1704 1628 1752 dispar
1643 1708 1693 1739 at-

142 1759 231 1794 tulit.
278 1758 510 1802 Quamobrem
532 1759 719 1796 videndum
741 1760 865 1807 ecquid
885 1761 1015 1808 priores
1039 1760 1104 1803 illi,
1126 1761 1188 1807 qui
1209 1772 1255 1796 ex
1270 1760 1365 1796 Actis
1379 1761 1482 1797 Pilati
1504 1765 1636 1797 eertum
1656 1773 1694 1797 se

143 1815 235 1852 diem
250 1817 430 1853 exlex-asse
443 1817 612 1861 dicerent,
634 1829 706 1854 xxv.
723 1818 843 1853 lunam
866 1818 1138 1861 observaverint,
1155 1818 1241 1854 adeo
1256 1819 1395 1865 quidem
1411 1822 1451 1854 ut
1465 1819 1550 1854 haec
1565 1819 1608 1854 de
1619 1831 1694 1855 vm.

143 1873 220 1909 Kal.
237 1873 440 1921 interposita
454 1875 584 1910 mentio
600 1875 687 1910 nihil
702 1875 738 1910 in
754 1887 824 1911 xrv.
841 1876 944 1910 lunae
957 1875 1090 1912 ratione
1105 1879 1278 1911 mutatum
1292 1876 1481 1923 significet,
1501 1876 1562 1911 sed
1577 1887 1695 1924 super·

142 1941 330 1967 vacaneam
346 1929 576 1978 ἀκριβολογίαν
592 1932 777 1968 contineat.
808 1932 898 1968 Fieri
914 1933 1017 1968 etiam
1040 1936 1172 1980 potest,
1193 1937 1233 1968 ut
1247 1945 1318 1969 xxv.
1340 1926 1462 1969 lunam
1483 1944 1561 1969 eam
1576 1934 1620 1969 ad
1636 1945 1695 1981 pa·

142 1987 271 2023 schatis
286 1988 521 2024 celebritatem
538 1989 746 2036 delegerint,
762 2000 852 2036 quae
864 2002 939 2026 vm.
950 1989 1027 2026 Kal.
1039 1990 1121 2037 Apr.
1138 1990 1285 2026 vicinior
1299 1994 1407 2026 essetz
1424 1995 1461 2026 at
1471 1990 1695 2038 Cappadoces

142 2045 240 2080 illam
262 2046 376 2092 ipsam
397 2046 434 2081 in
455 2045 589 2082 Iuliano
613 2057 704 2082 anno
729 2047 880 2083 defixam
904 2047 995 2082 diem
1011 2059 1085 2084 vm.
1102 2047 1178 2084 Kal.
1195 2048 1277 2094 Apr.
1312 2048 1382 2084 Sed
1398 2049 1439 2084 de
1455 2049 1695 2084 Tessarescae-

145 2102 370 2139 decatitarum
387 2114 432 2138 ex
442 2102 538 2139 Actis
550 2103 652 2140 Pilati
667 2105 829 2152 opinione
844 2105 905 2140 illa
920 2103 1091 2140 disserens
1107 2104 1264 2152 Scaliger
1275 2117 1314 2142 11.
1332 2105 1374 2141 de
1386 2105 1565 2142 Emendat.
1573 2107 1694 2153 Temp.

145 2159 351 2207 Perper-ans,
373 2161 502 2207 inquit,
524 2161 647 2196 scribit
659 2161 879 2209 Epiphanius
895 2160 1246 2209 Τεσσαρεςκαιδεκάτας
1263 2164 1417 2208 yles-iarn·
1430 2165 1545 2198 solitos
1559 2175 1594 2198 se
1610 2176 1695 2198 com-

141 2224 275 2263 pertum
290 2217 415 2252 babere
431 2230 471 2252 ex
486 2219 588 2252 Actis
603 2218 728 2261 Pilati,
751 2219 919 2254 Christum
935 2231 1078 2266 passum
1090 2222 1204 2266 finisse
1218 2231 1292 2256 vm.
1315 2220 1399 2256 Kal.
1416 2221 1532 2268 April.
1563 2220 1696 2264 Quibus

146 2274 214 2310 ista
227 2278 403 2322 postremo
419 2276 572 2312 subiicit:
589 2275 767 2312 Eiusmodi
772 2277 880 2323 plura
893 2283 1011 2312 mant
1022 2279 1119 2324 apud
1131 2278 1224 2312 illum
1237 2279 1404 2313 eruditum
1416 2279 1554 2314 Patrem
1567 2285 1600 2314 et
1610 2280 1697 2314 alios

147 2339 289 2374 veteres,
307 2335 510 2379 praesertim
526 2333 725 2375 Eusebium
747 2345 832 2380 quae
846 2346 930 2368 sane
946 2346 1019 2369 cum
1036 2336 1164 2370 delectu
1179 2341 1258 2370 sunt
1270 2337 1425 2381 eeqenda.
1455 2335 1546 2378 Quid
1562 2339 1615 2370 est
1628 2336 1698 2370 ista

147 2388 331 2436 Epiphanii
344 2389 609 2437 reprehensione
625 2390 681 2425 vel
698 2389 853 2436 iniquius
867 2391 924 2428 vel
943 2391 1118 2439 ineptius?
1147 2391 1245 2428 Itane
1264 2396 1435 2439 quotquot
1448 2392 1697 2428 haereticorum

147 2446 237 2482 falsa
259 2446 445 2492 dogmata,
467 2447 716 2494 opinionesque
739 2452 1064 2491 commemorantur,
1088 2459 1208 2485 eorum
1232 2449 1389 2484 omnium
1411 2450 1538 2484 veritas
1565 2450 1610 2485 ab
1636 2451 1697 2486 illo

148 2504 357 2550 praestanda
370 2503 489 2548 fuerit,
506 2505 567 2551 qui
581 2504 667 2539 nihil
682 2504 750 2539 nisi
763 2505 943 2541 retulerit?
972 2505 1042 2541 Sed
1058 2506 1252 2541 cuiusmodi
1267 2506 1328 2541 illa
1341 2507 1389 2541 sit
1402 2506 1444 2542 de
1459 2507 1622 2553 passione
1638 2507 1697 2542 dc-

149 2561 235 2597 mini
255 2562 294 2597 in
308 2573 382 2598 vm.
397 2561 473 2598 Kal.
489 2562 715 2597 conveniente
730 2561 1184 2599 'tessarescaedecatitarum
1207 2563 1296 2598 ratio
1315 2565 1437 2610 postea
1458 2563 1698 2611 disputabitur.

150 2618 245 2661 Quae
260 2629 342 2654 vero
365 2618 530 2655 adversus
553 2619 648 2654 illam
670 2618 772 2654 affert
786 2618 944 2666 Scaliger
964 2620 1056 2655 levia
1078 2624 1176 2663 sunt,
1196 2621 1267 2655 imo
1283 2620 1389 2656 nulla.
1421 2620 1625 2665 Neon-ema,
1645 2622 1698 2657 in-

150 2675 242 2722 quit,
255 2675 373 2711 Nisan
386 2677 512 2712 cncidit
523 2680 561 2711 in
575 2688 639 2711 ¹11.
654 2676 795 2718 Martii,
819 2678 944 2722 quoties
965 2676 1025 2712 25.
1041 2677 1168 2712 Martii
1187 2683 1238 2711 est
1257 2676 1313 2713 14.
1331 2677 1458 2714 Nicon.
1490 2678 1598 2725 Atqui
1615 2691 1697 2714 aevo

150 2734 210 2767 illo
221 2732 284 2767 hoc
295 2736 481 2780 nonpotm't
489 2736 699 2779 continqere,
714 2735 784 2767 nisi
798 2734 892 2778 cyclo
904 2732 960 2768 13.
983 2734 1091 2780 quue
1105 2737 1142 2768 ἐπ
1154 2746 1243 2769 anno
1254 2733 1461 2780 Ηαρανεηο,
1474 2737 1513 2770 s‘n'
1527 2739 1628 2771 annis
1639 2736 1696 2771 19.

151 2789 208 2825 38.
224 2789 283 2824 57.
294 2792 443 2836 periodi.
473 2791 580 2837 Atqui
594 2797 671 2824 tunc
684 2791 888 2825 Iudaeorum
902 2793 1094 2825 neomeniae
1108 2803 1172 2826 uno
1188 2792 1244 2826 die
1260 2793 1430 2827 tardiores
1444 2800 1545 2828 erant
1552 2800 1698 2840 propter

147 2850 389 2893 proemptcsin.
413 2847 493 2883 Nos
509 2850 736 2894 iqimrpotm't
749 2848 918 2883 accidere.
946 2846 987 2882 ln
1003 2858 1072 2894 quo
1086 2847 1172 2883 illud
1187 2849 1308 2892 sumit,
1322 2847 1468 2885 Iudaeos
1484 2849 1696 2898 Calippicam

151 2904 234 2939 anni
253 2903 420 2948 formm,
441 2904 508 2940 hoc
528 2909 582 2940 est
596 2904 915 2950 Syromaeedonum
937 2905 1010 2940 sive
1024 2904 1295 2949 Alexandream,
1315 2909 1398 2942 tunc
1412 2908 1576 2954 temporis
1599 2919 1697 2943 usur-

152 2972 272 3008 passe,
288 2971 378 3008 quae
392 2972 472 2998 cum
487 2972 557 2998 ccc
572 2962 645 2997 fere
660 2962 760 2997 annis
775 2961 995 3008 Hagareuam
1010 2962 1189 3008 pen'odum
1205 2963 1403 3008 antecedat,
1417 2965 1601 3012 προήγησιν
1614 2966 1697 3012 Hip-

153 3017 338 3066 parcheam
351 3017 457 3055 habet
471 3020 574 3054 unius
591 3020 668 3054 diei.
699 3018 796 3053 Unde
819 3018 948 3054 tardior
964 3022 1019 3054 est
1032 3020 1216 3056 neomenia
1229 3019 1368 3056 Iudaica
1383 3032 1488 3068 quam
1502 3022 1697 3069 Hagarena.

154 3075 242 3112 Nam
257 3075 358 3111 huius
374 3077 535 3124 periodus
551 3077 618 3112 sub
633 3077 771 3112 initium
787 3075 940 3112 Iulianae
955 3076 1086 3112 formae
1107 3081 1270 3114 contexta
1290 3082 1360 3121 est,
1381 3090 1461 3114 cum
1482 3080 1698 3115 novilunium

54 782 57 785 ’
135 785 212 820 loco
235 785 429 821 accuratius
443 784 641 821 viderimus.
685 785 840 822 Fuerunt
860 788 895 821 et
913 785 974 821 alii
996 784 1386 828 Qusrtsdecimanomm
1409 797 1551 823 errores.
1595 786 1687 822 Nam
1741 811 1748 819 .
1798 809 1806 818 .
