1968 3294
680 211 892 245 scmPTAE
914 210 971 244 AB
995 209 1096 250 ΑιΒ.
1121 209 1288 244 numo.
1678 201 1753 241 111

208 291 306 326 dum:
331 289 366 326 ἰν
388 288 565 334 ἐκπώματι
589 289 641 322 vel
667 288 700 324 ἐν
722 287 871 334 πώματι.
919 289 1003 323 Rem
1024 287 1115 333 quod
1138 288 1273 329 attinet,
1298 288 1364 322 vid.
1387 280 1547 323 Rutmk'en.
1571 287 1615 321 ad
1637 290 1759 322 Homer.

209 348 332 394 Hymn.
357 347 392 380 in
419 346 491 380 Cer.
518 358 548 378 v.
571 349 647 379 211.

298 405 334 438 Ρ.
354 406 420 436 508
443 403 579 448 (1092).
626 401 739 438 κατὰ
771 402 859 443 τὰς
879 402 1069 447 ἐναγεῖς
1101 401 1183 446 τῆς
1205 401 1450 446 πανδήμου
1473 404 1562 438 τῶν
1584 403 1760 437 πεπλα-

207 460 418 505 νημένων
453 457 778 498 συνελεύσεως
812 456 1028 498 τελετὰς,
1066 456 1144 492 καὶ
1177 459 1262 493 τῶν
1297 459 1658 500 παταλιζόντων
1682 458 1760 493 καὶ

208 514 491 561 ὅργιούντων
515 515 739 560 ἐμμανεῖς
762 517 906 560 δῆθεν
929 514 1227 560 ἱεροφαντίας
1251 513 1649 560 σχηματιζόντων]
1669 514 1760 549 Παν-

206 572 320 619 δήμου
347 569 574 612 συνελεύσεως
600 571 739 612 τελετὰς
771 573 923 617 intellige
954 573 1071 614 publici
1097 574 1277 605 concubitus
1299 581 1413 613 sacra,
1446 572 1479 605 iu
1511 572 1674 606 honorem
1695 573 1759 605 Sa-

208 630 297 664 turni
318 630 486 664 celebrata
510 629 552 662 ab
575 629 762 662 hominibus
785 629 942 674 perditis,
977 639 1060 674 quos
1079 626 1218 669 ἐξώλεις
1239 635 1316 672 post
1337 629 1438 672 paulo
1463 636 1570 662 vocat.
1619 628 1759 668 Deinde,

206 687 334 732 virgula
357 685 561 731 transposita
588 692 663 730 post
689 683 760 730 σ’ργ.
777 712 786 727 ,
822 686 924 719 verba
955 685 1022 720 τῶν
1043 683 1304 728 πεπλανημένων
1328 705 1365 710 -
1394 684 1452 720 καὶ
1473 686 1540 720 τῶν
1565 684 1759 726 παταλιζόν-

206 755 272 780 των
294 743 354 780 καὶ
377 740 576 788 ὅργιούντων
608 743 795 787 copulanda
819 749 853 776 et
872 743 919 776 ita
943 741 1151 776 emendanda
1174 748 1270 774 sunt:
1307 761 1345 766 —
1383 741 1442 777 καὶ
1464 742 1530 777 τῶν
1556 739 1761 783 σκιταλιζόν-

158 804 163 808 ’
205 813 272 837 των
303 799 363 836 καὶ
392 797 571 844 ὀργώντων
632 798 892 840 Παταλιζόντων
925 811 965 832 ex
999 797 1074 832 cod.
1096 799 1163 831 len.
1186 798 1314 843 recepit
1337 800 1506 840 oehlenau
1540 799 1612 844 ipse
1635 798 1761 832 mavult

204 855 476 901 παταγιζόντων,
513 856 603 902 quod
626 868 686 901 pro
717 855 954 901 παταγούντων
977 855 1124 901 positum
1146 861 1307 888 autumat.
1356 855 1636 896 Πατταλιζόντων
1661 856 1759 890 codd.

207 914 346 959 Rhedig.
367 921 403 947 et
424 913 525 948 Paris.
562 911 820 954 Καταλιζόντων
843 913 919 947 edd.
947 913 1042 947 Basil.
1065 919 1102 946 et
1121 913 1254 952 Petam,
1285 923 1370 957 quae
1400 919 1451 944 est
1474 912 1654 957 depravata
1674 914 1759 946 scri·

206 979 303 1017 ptura
329 970 454 1005 codicis
477 973 543 1003 len.
594 969 660 1002 Sed
689 970 831 1003 librariis
853 969 963 1003 fraudi
987 969 1051 1003 fuit
1075 969 1210 1003 verbum
1232 968 1434 1002 raris-imum
1465 968 1684 1010 σκιταλίζειν,
1718 970 1760 1001 de

205 1040 272 1073 quo
298 1027 365 1063 vid.
389 1030 487 1069 Toup.
512 1027 648 1060 Emcntl.
670 1027 703 1059 in
729 1027 820 1060 Suid.
843 1033 879 1059 et
900 1026 1044 1072 Hesych.
1067 1027 1109 1061 Τ.
1124 1028 1166 1060 ΙΙ.
1193 1039 1224 1071 p.
1238 1028 1314 1061 1⁷2.
1335 1037 1384 1071 sq.
1409 1026 1464 1071 qui
1486 1026 1521 1059 id
1547 1027 1684 1060 verbum
1702 1038 1758 1060 re—

205 1085 315 1119 stituit
338 1087 446 1127 Longo
470 1085 598 1118 Pastor.
625 1084 688 1116 Lib
722 1085 777 1117 ΙΙΙ.
802 1096 834 1129 p.
854 1085 929 1116 106.
950 1083 1002 1117 ed.
1027 1084 1192 1128 Iungcrm.
1230 1085 1277 1128 (p.
1302 1086 1356 1117 83.
1379 1083 1526 1126 Schaef.)
1551 1082 1636 1127 πρός
1659 1094 1696 1118 τε
1718 1082 1759 1118 τὰ

205 1140 384 1187 φιλήματα
420 1137 518 1186 ὤργα
551 1140 609 1175 καὶ
645 1138 729 1184 πρὸς
758 1139 821 1181 τὰς
849 1138 1028 1186 περιβολὰς
1049 1138 1243 1176 έσκιτᾶλισε
1279 1139 1378 1185 (νιιΙς.
1405 1138 1632 1182 έσκυτάλισι).
1679 1137 1758 1184 Ὀρ-

204 1197 364 1244 γιούντων
388 1198 532 1243 pessime
556 1197 673 1242 vulgo,
699 1197 790 1242 quod
810 1200 962 1232 Patavina
982 1208 1156 1243 perperam
1178 1198 1278 1231 vertit
1298 1199 1390 1239 oraio
1411 1198 1618 1240 celebratius,-
1651 1209 1759 1242 neque

206 1256 287 1290 ferri
310 1262 423 1301 potest
444 1252 646 1299 ἐργιώντων,
673 1254 764 1299 quod
787 1256 934 1290 oet-lem
956 1255 1120 1296 coniecit,
1145 1255 1237 1300 quasi
1258 1267 1319 1300 pro
1346 1251 1570 1299 ὀργιαζόντων
1592 1254 1628 1288 id
1649 1266 1758 1300 pone-

204 1319 305 1347 retur.
352 1313 429 1346 Mea
454 1323 493 1345 ex
517 1311 753 1344 emendatione
775 1311 910 1344 verbum
938 1307 1042 1356 ὅργᾶν
1075 1311 1141 1345 hoc
1172 1312 1250 1345 loco
1279 1323 1346 1346 uon
1378 1312 1485 1345 minus
1518 1319 1597 1357 apte
1624 1312 1760 1357 ponitur

205 1381 303 1415 quam
327 1382 357 1415 p.
371 1371 437 1402 508
459 1370 584 1414 (1093)
606 1368 639 1402 in
660 1368 751 1401 istis:
789 1366 864 1408 Τάς
888 1393 896 1400 .
911 1393 918 1401 .
934 1393 943 1401 .
967 1368 1187 1413 Μεμφίτιδας
1207 1366 1498 1409 Ἠλιουπολίτιδας
1518 1366 1680 1414 ὀργώσας
1703 1388 1758 1412 -,

206 1427 262 1460 ubi
286 1438 394 1472 neque
420 1422 578 1470 ὀργώσας
610 1437 682 1458 cum
705 1428 835 1460 Peluvio
857 1428 1158 1468 waiwcaelebrunus
1180 1426 1469 1471 interpretaberis,
1502 1438 1609 1471 neque
1638 1426 1682 1460 de
1703 1439 1759 1461 re-

203 1482 382 1517 scribendo
412 1479 583 1527 ὀργιώσας
607 1482 780 1526 cogitabis.
827 1484 880 1517 Tu
898 1482 973 1515 vide
993 1484 1155 1517 Ruhnken.
1176 1483 1220 1516 ad
1241 1483 1328 1518 Tim.
1354 1497 1387 1528 p.
1410 1486 1484 1517 193.
1506 1496 1556 1529 sq.
1582 1490 1617 1518 et
1639 1484 1759 1518 confer

204 1543 348 1584 Longum
370 1539 390 1573 1.
414 1551 443 1573 c.
457 1566 466 1582 ,
494 1539 550 1573 ubi
574 1538 676 1584 ὄργᾶν
700 1546 734 1572 et
760 1539 960 1580 σκιταλίζειν
985 1539 1110 1584 pariter
1132 1551 1172 1574 ac
1195 1547 1312 1574 nostro
1335 1541 1412 1575 loco
1437 1541 1645 1586 copulantur.

299 1599 333 1632 Ρ.
360 1599 426 1630 508
453 1597 591 1641 (1093).
650 1595 882 1641 ἐμμανεῖς
915 1608 965 1631 τε
998 1596 1076 1632 καὶ
1111 1592 1422 1642 ἀφραίνοντες
1455 1597 1759 1643 γελοιῶμενοί

205 1667 223 1690 τ
237 1655 267 1700 ε]
294 1654 411 1688 Verbis
432 1650 586 1699 ἀφραίνω
611 1660 646 1686 et
669 1652 813 1697 γελοιάω
836 1653 870 1686 iu
890 1653 1080 1699 pedestrem
1099 1654 1285 1688 orationem
1306 1655 1473 1690 translatis
1494 1656 1683 1700 κακοζηλία
1705 1656 1759 1690 iu-

205 1718 279 1751 est,
305 1723 402 1756 quam
427 1710 541 1747 notavi
566 1710 611 1744 ad
633 1712 674 1744 T.
689 1711 729 1743 11.
755 1722 786 1755 p.
811 1713 875 1744 662
899 1711 1009 1755 (764).

297 1769 331 1801 Ρ.
356 1770 421 1800 514
444 1769 581 1812 (1096).
630 1764 655 1811 τί
681 1763 917 1812 εύφρασία
941 1765 966 1812 τὶ
989 1767 1190 1804 πνέουσα
1213 1767 1292 1814 τήν
1316 1767 1481 1815 κύπριν
1514 1772 1596 1815 τῆς
1617 1769 1758 1815 α’μπέ-

205 1826 295 1868 λου]
322 1826 369 1859 Ex
394 1825 488 1859 Cant.
505 1825 598 1858 Cant.
615 1828 645 1865 1,
661 1827 713 1856 14.
736 1843 780 1851 -
819 1827 942 1859 Pelavis'
963 1824 1188 1859 coniecturam
1210 1823 1356 1870 κύπρον,
1382 1839 1422 1861 cx
1448 1828 1616 1873 Anaccph.
1639 1840 1671 1873 p.
1693 1831 1758 1861 582

204 1883 305 1926 (152)
329 1889 480 1926 captam,
505 1881 626 1915 merito
647 1881 774 1926 respuit
798 1881 838 1915 cl.
862 1881 992 1922 editor,
1019 1882 1075 1927 qui
1094 1882 1128 1915 in
1147 1883 1315 1928 Anaceph.
1339 1891 1455 1918 nostro
1478 1896 1518 1918 ex
1538 1884 1615 1919 loco
1635 1884 1759 1930 κύπρον

204 1938 321 1984 reponi
348 1945 439 1973 recte
462 1938 566 1972 iubet.
613 1938 690 1971 Vid.
714 1945 828 1971 annot.
848 1938 882 1971 iu
906 1939 948 1973 T.
969 1940 1007 1972 ΙΙ.
1034 1951 1065 1984 p.
1086 1942 1149 1972 186
1173 1942 1288 1982 (⁵01).

294 1997 328 2030 P.
353 1998 418 2028 516
442 1996 579 2040 (1097).
629 1994 829 2034 σκεύους
863 1993 1142 2041 ἁγιωσύνης
1176 1997 1260 2033 καὶ
1281 1998 1611 2043 δικαιοσύνης]
1648 1996 1759 2045 Ἅγιο-

205 2051 311 2097 σύνης
342 2052 410 2087 hoc
442 2053 518 2086 loco
542 2060 576 2086 et
611 2065 643 2098 p.
668 2054 734 2085 520
758 2054 881 2097 (1100)
915 2055 1064 2088 Pacuvius
1086 2054 1183 2087 male.
1231 2054 1323 2089 Idem
1347 2063 1458 2090 tamen
1476 2054 1673 2102 ἁγιωσύνης
1695 2070 1757 2102 ge»

202 2109 299 2157 minis
325 2109 409 2144 locis
433 2110 466 2144 in
491 2110 659 2155 Auaccph.
685 2121 714 2154 p.
729 2112 794 2143 582
820 2110 932 2154 (153).
980 2111 1059 2144 vid.
1078 2118 1194 2145 annot.
1219 2111 1252 2145 iu
1276 2114 1317 2146 T.
1334 2115 1372 2147 ΙΙ.
1393 2125 1425 2158 p.
1437 2116 1503 2147 428
1526 2115 1640 2159 (636).
1679 2116 1757 2148 Mox

202 2166 336 2200 nonnisi
367 2165 457 2213 μέσῃ
481 2166 751 2212 distinguendum
782 2174 860 2200 ante
884 2167 1004 2201 verba:
1040 2167 1083 2204 τὰ
1105 2166 1214 2204 πάντα
1239 2168 1278 2204 δὲ
1301 2168 1353 2214 μή
1376 2170 1562 2216 χρανῦέντα
1586 2179 1674 2216 cen,
1708 2173 1754 2204 si·

203 2223 339 2270 quidem
363 2223 447 2257 haec
467 2235 508 2258 ex
525 2224 744 2269 praegressis:
768 2222 812 2260 τοὶ
834 2223 943 2261 πάντα
966 2225 1105 2266 τελείως
1130 2224 1215 2272 ἔχων
1241 2234 1304 2260 cet.
1331 2239 1489 2272 suspensa
1518 2236 1606 2262 sunt.
1655 2229 1758 2262 Recte

200 2280 448 2326 interpungitur
470 2280 503 2314 in
530 2281 698 2326 Anaccph.
722 2293 754 2327 p.
768 2285 833 2316 582
859 2282 920 2316 inf.
947 2285 1063 2323 (153).

294 2338 328 2370 Ρ.
352 2339 417 2372 516
441 2338 578 2382 (1098).
625 2334 862 2375 Ἐνταῦθα
895 2337 943 2375 δὲ
980 2339 1024 2374 ἐν
1059 2340 1251 2387 Χριστῷ
1289 2341 1757 2388 ἰσχυροποιουμένων

201 2394 287 2439 τῆς
311 2393 555 2438 δυνάμεως
578 2395 653 2430 τοῦ
678 2390 818 2438 ἄρτου
842 2395 1026 2440 καὶτῆς
1048 2399 1124 2433 τοῦ
1150 2394 1319 2439 ὕδατος
1343 2398 1520 2445 ἰσχύος]
1544 2401 1638 2435 Haec
1655 2402 1756 2435 verba

201 2451 393 2485 referuntur
411 2451 453 2485 ad
477 2451 618 2495 primur
632 2452 859 2496 πληρουμένου
882 2453 941 2488 τοῦ
964 2452 997 2488 ἐν
1019 2454 1070 2500 τῷ
1090 2452 1252 2500 προφήτῃ
1275 2456 1388 2499 ῥητοῦ.
1425 2458 1540 2501 ltaque
1562 2457 1670 2502 μέσην
1694 2470 1756 2503 pro

200 2508 314 2554 τελείᾳ
337 2515 415 2542 ante
446 2507 593 2544 &muita
618 2520 717 2554 poue.
765 2511 936 2552 Pacuvius,
960 2522 1029 2544 non
1053 2519 1229 2545 contentus
1254 2519 1399 2556 puncto,
1437 2514 1528 2558 peius
1560 2515 1660 2549 etiam
1687 2528 1756 2549 rem

201 2566 325 2612 gessit,
350 2565 442 2611 quod
464 2565 747 2611 intercapedinem
772 2566 933 2600 orationis
958 2567 1050 2601 fecit.
1099 2569 1191 2602 Haec
1210 2568 1411 2613 delgemino
1434 2570 1508 2603 loco
1531 2570 1564 2605 in
1588 2572 1755 2618 Auaceph.

202 2636 235 2669 p.
254 2625 319 2656 584
343 2624 444 2666 (154)
468 2623 565 2656 simul
589 2623 680 2656 dicta
705 2623 862 2668 accipito.

296 2681 332 2713 P.
357 2682 423 2714 518
444 2680 581 2725 (1098).
629 2679 705 2716 διὰ
727 2681 808 2724 τῆς
832 2705 861 2714 ..
878 2706 886 2714 .
910 2677 1169 2726 ὀνομασίας
1191 2684 1244 2726 τῆ
1259 2694 1276 2722 ς
1296 2681 1590 2732 ἂγιαστείας]
1617 2687 1752 2722 Scribo:

201 2736 398 2782 ἀγιαστίας,
436 2738 512 2772 coll.
541 2745 656 2771 annot.
679 2738 713 2770 in
736 2739 776 2772 Τ.
796 2739 835 2771 ΙΙ.
857 2751 888 2783 p.
907 2741 972 2771 698
995 2739 1106 2783 (789).
1155 2740 1235 2773 Mox
1259 2746 1338 2774 ante
1358 2741 1478 2776 verba:
1511 2740 1662 2780 ἀνελθών
1685 2742 1752 2781 ἀπὸ

201 2794 260 2830 τοῦ
288 2791 460 2838 Ἰορδάνου
486 2802 548 2828 cet.
575 2794 689 2840 μέσῃ,
723 2806 790 2827 non
814 2795 926 2841 τελείᾳ
950 2796 1137 2840 distingue,
1171 2796 1334 2841 siquidem
1353 2798 1436 2832 haec
1457 2799 1502 2833 ad
1521 2812 1621 2846 supra
1644 2801 1752 2836 dicta:

202 2849 310 2886 ἐλθών
340 2850 394 2886 ἐπὶ
423 2850 480 2888 τὸν
510 2848 704 2895 Ἰορδάνην,
734 2852 936 2885 reseruntur.
987 2853 1077 2886 {dem
1102 2853 1189 2887 valet
1212 2853 1254 2887 de
1276 2855 1410 2899 gemino
1427 2855 1505 2890 loco
1525 2857 1559 2891 in
1584 2860 1752 2904 Auacepli.

201 2919 235 2952 p.
258 2909 324 2940 586
345 2909 456 2952 (154).
505 2908 632 2942 Deinde
654 2907 817 2953 συναλιφὴ
844 2909 894 2942 ed.
913 2909 1010 2942 Basil.
1035 2916 1069 2943 et
1090 2910 1184 2944 Oehl.
1205 2910 1295 2946 iuxta
1318 2912 1414 2947 codd.
1437 2926 1536 2955 mss.;
1567 2915 1752 2961 συναλοιφή

202 2966 351 2998 petavius
373 2971 483 3006 recte,
518 2972 617 3011 atque
642 2965 689 2999 ita
713 2968 862 3000 Oehlerus
885 2966 919 3000 in
942 2970 1043 3000 Anac.
1068 2979 1101 3013 p.
1127 2969 1192 3000 586
1212 2968 1312 3013 (154)
1334 2981 1408 3004 cum
1432 2971 1506 3005 cod.
1531 2973 1600 3006 Ien-
1620 2979 1653 3006 et
1676 2973 1753 3007 edd.

200 3020 280 3055 vid.
302 3028 415 3056 annot.
439 3021 483 3056 ad
504 3023 545 3056 T.
558 3024 583 3056 Ι.
613 3034 647 3067 p.
666 3025 732 3056 154
757 3026 859 3067 (483)
884 3030 918 3057 et
939 3024 1028 3058 infra
1052 3024 1095 3059 ad
1120 3036 1154 3070 p.
1170 3027 1236 3060 522
1257 3026 1393 3073 (1101).
