2008 3294
192 1236 219 1260 p.
231 1227 289 1255 223.

327 201 468 238 CXCVI

415 305 521 351 Atqui
537 316 582 340 ex
594 302 780 350 Epiphanii
794 303 929 339 ratione
941 303 1151 350 colliguntur
1167 303 1250 338 anni
1265 302 1436 339 duntaxat
1446 313 1643 340 nccccxmr
1658 314 1680 338 a
1691 302 1880 340 diluvio‘ad

324 363 487 397 Abraami
505 365 630 396 ortum.
675 359 880 395 Differentia
895 363 949 395 est
963 371 1132 396 annorum
1149 370 1288 403 ccxxx,
1309 361 1371 406 qui
1391 361 1429 396 in
1450 373 1522 397 ιιι
1537 361 1714 397 seniorum
1731 360 1879 397 editione

326 431 371 453 ex
388 429 482 453 cxxx
499 418 648 460 Cainan,
672 421 708 452 et
728 417 882 453 centenis
904 416 1072 454 Nachoris
1096 422 1323 463 consurgunt.
1354 417 1468 464 Vulgo
1487 418 1580 454 enim
1595 417 1732 453 Nachor
1748 427 1880 453 cnxxrx

325 477 534 518 tribuuntur,
550 476 595 510 ab
610 473 804 521 Epiphanio
820 485 902 510 vero
918 486 1038 511 nxxrx.
1083 475 1130 509 At
1144 485 1225 509 vero
1241 475 1279 509 in
1294 474 1504 521 praefatione
1525 474 1628 510 huius
1652 475 1766 521 operis
1787 478 1824 510 et
1843 475 1881 511 in

324 534 496 567 Ancorato
513 543 611 568 num.
624 542 719 566 cxvi.
736 530 876 566 easdem
890 531 969 566 illas
985 528 1093 578 γενεὰς
1109 535 1295 577 pertexens
1311 530 1443 567 Cainan
1457 532 1614 567 inseruit.
1660 531 1706 567 Ut
1719 531 1806 567 illud
1820 542 1880 578 ap-

323 593 453 636 pareat,
469 601 540 624 nxx
556 589 734 624 seniorum
748 588 936 624 editionem
950 587 1015 623 hae
1028 588 1066 623 in
1081 592 1178 634 parte
1194 588 1326 623 variam
1342 591 1378 622 et
1391 588 1634 635 interpolatam
1650 588 1769 625 fuisse.
1792 587 1882 624 Nam

324 647 383 681 alii
407 646 542 681 codices
566 645 699 681 Cainan
722 645 955 688 asciscebaun
979 645 1038 680 alii
1062 645 1320 692 expungebant.
1367 643 1548 691 Siquidem
1573 645 1667 692 apud
1692 645 1882 681 Eusebium

325 704 405 740 edit.
417 703 570 738 Graecae
580 703 703 749 pag.9.
717 714 761 738 ex
774 702 935 738 Africano
952 706 987 737 et
1001 713 1072 737 nxx
1083 702 1326 748 interpretibus
1335 728 1344 745 ,
1356 713 1420 738 nec
1434 713 1506 737 nou
1521 713 1567 738 ex
1582 701 1882 738 Samaritanorum

324 761 501 796 Hebraicis
515 760 792 806 exemplaribus,
812 760 850 794 in
869 758 974 795 huius
989 759 1215 806 genealogiae
1231 762 1397 794 contextu
1412 757 1544 794 Cainan
1561 760 1711 795 omissus
1728 763 1796 803 est,
1818 770 1883 795 nec

324 829 497 853 annorum
518 828 657 852 summa
676 826 873 852 nccccxnu
896 817 1032 852 excedit
1053 826 1075 850 a
1096 816 1225 851 diluvio
1246 815 1292 850 ad
1311 816 1465 851 natalem
1486 816 1669 860 Abraami,
1689 819 1775 862 quot
1788 816 1882 852 vide-

323 875 404 909 licet
430 885 541 910 annos
568 871 783 921 Epiphanius
811 872 876 908 hoc
902 873 980 908 loco
1007 876 1175 908 numerat.
1223 872 1337 915 Quare
1363 872 1555 925 Eusebium
1580 872 1636 920 hic
1664 873 1804 920 quidem
1829 885 1883 909 se-

325 936 427 967 cutus
444 935 508 967 est.
1567 943 1569 945 ¹

415 989 468 1024 De
484 988 638 1024 Gainano
654 993 754 1023 vetus
773 991 827 1023 est
842 988 1017 1034 quaestio,
1039 998 1128 1034 quae
1151 998 1173 1022 a
1192 987 1442 1023 recentioribus
1462 987 1556 1023 varie
1578 987 1764 1034 disceptari
1781 985 1882 1025 solet.

326 1046 413 1081 Mihi
427 1045 752 1093 praetermittendus
769 1044 910 1081 omnino
926 1044 1072 1091 videtur,
1095 1055 1176 1080 cum
1191 1055 1256 1080 nec
1272 1045 1309 1079 in
1323 1044 1496 1080 Hebraica
1511 1044 1671 1088 veritate,
1685 1052 1751 1080 nec
1765 1045 1804 1080 in
1818 1044 1884 1081 La·

326 1104 479 1139 tinorum
494 1103 645 1138 editione
661 1106 758 1137 extet
773 1102 922 1149 uspiam.
948 1101 1048 1144 Quod
1064 1102 1158 1136 enim
1171 1101 1295 1136 vitium
1311 1102 1348 1136 in
1363 1101 1539 1138 Hebraeos
1554 1101 1690 1137 codices
1704 1101 1884 1148 irrepsisse

325 1161 485 1196 nonnulli
506 1163 682 1200 statuunt,
705 1159 810 1194 nimis
832 1158 898 1194 hoc
920 1159 1031 1194 otiose
1051 1157 1207 1205 fingitur.
1252 1158 1368 1194 Lucae
1390 1158 1559 1194 autoritas
1581 1158 1780 1205 graviorem
1799 1158 1886 1196 facit

325 1218 604 1254 controversiam.
650 1216 719 1252 Sed
742 1220 778 1251 et
799 1215 879 1251 huic
904 1225 925 1250 a
946 1215 1013 1262 piis
1036 1220 1070 1251 et
1089 1215 1230 1250 eruditis
1246 1216 1329 1251 viris
1351 1215 1558 1262 iampridem
1579 1215 1797 1253 satisfactum
1819 1219 1883 1254 est.

327 1275 414 1310 Cum
435 1275 528 1310 enim
545 1273 759 1309 Graecorum
781 1272 916 1308 codices
931 1273 1036 1318 vulgo
1054 1272 1248 1308 Gainanum
1269 1271 1490 1319 exhiberent,
1512 1272 1644 1316 Lucas,
1667 1273 1728 1320 qui
1742 1272 1884 1310 Graecis

326 1332 518 1374 scribebat,
533 1343 605 1366 non
621 1330 758 1365 aliunde
775 1329 1019 1376 genealogiam
1033 1329 1154 1372 istam,
1170 1340 1277 1376 quam
1293 1341 1337 1365 ex
1353 1330 1492 1365 illorum
1506 1329 1605 1365 libris
1621 1330 1776 1377 scripsit,
1790 1329 1884 1366 ideo-

328 1400 394 1435 que
412 1393 448 1424 et
463 1388 657 1423 Cainanum
672 1387 834 1430 inseruit,
851 1397 955 1434 quem
971 1386 1002 1422 si
1017 1386 1147 1433 alioqui
1161 1387 1466 1433 praetermitteret,
1492 1386 1644 1423 Graecos
1663 1387 1761 1434 ipsos
1777 1385 1885 1424 offon-

326 1446 431 1482 deret.
465 1445 578 1487 Quare
593 1443 680 1480 nihil
696 1444 898 1479 alterutram
913 1443 950 1478 in
970 1446 1106 1490 partem
1126 1443 1322 1487 affirmans,
1345 1455 1432 1491 quas
1455 1444 1494 1479 in
1511 1443 1645 1480 Graeca
1659 1443 1810 1480 editione
1823 1455 1885 1495 ge-

324 1502 522 1538 nerationes
544 1505 735 1548 repererat,
757 1500 960 1547 simpliciter
978 1499 1136 1535 reddidit.
1168 1499 1466 1543 Quemadmodum
1482 1501 1514 1536 si
1529 1501 1608 1548 quis
1623 1500 1812 1548 Aethiopas
1829 1511 1884 1538 ca·

326 1559 491 1594 tholicam
514 1558 560 1594 ad
582 1558 688 1594 fidem
710 1558 897 1605 perducere
920 1557 1041 1593 volens
1064 1567 1190 1604 regum
1212 1557 1351 1593 illorum
1377 1558 1635 1594 successionem
1662 1569 1707 1594 ex
1729 1558 1883 1605 vulgatis

326 1628 446 1652 eorum
463 1616 647 1651 annalibus
665 1618 883 1662 excerperet,
899 1614 1041 1650 tametsi
1053 1614 1227 1661 quispiam
1239 1615 1394 1650 intrusus
1406 1615 1444 1651 in
1456 1626 1640 1651 numerum
1655 1615 1796 1660 fuisset,
1812 1627 1884 1652 non

325 1674 411 1708 haec
427 1673 587 1709 catholici
601 1673 796 1719 scriptoris,
814 1672 878 1708 sed
890 1670 1114 1708 historiarum
1131 1675 1165 1707 et
1180 1672 1359 1707 annalium
1375 1683 1452 1708 esse
1468 1673 1571 1720 culpa
1581 1672 1786 1710 crederetur.
1810 1673 1884 1709 Hoc

325 1742 391 1778 ego
405 1742 484 1766 cum
497 1730 651 1766 Perrerio
663 1733 783 1766 nostro
792 1756 802 1774 ,
818 1729 980 1765 Ianseuio
989 1754 998 1772 ,
1016 1728 1239 1765 Genebrardo
1252 1729 1398 1776 aliisque
1411 1729 1520 1766 doctis
1533 1732 1568 1765 et
1578 1730 1646 1777 piis
1657 1729 1884 1778 scriptoribus

325 1788 504 1834 probabile
521 1798 656 1823 censeo.

415 1843 517 1892 Ἔβερ
535 1844 570 1879 δὲ
586 1847 684 1891 γεννᾷ
698 1843 755 1878 τὸν
772 1843 917 1888 Φαλέκ.]
960 1843 1129 1879 Mendum
1147 1846 1202 1879 est
1215 1855 1287 1879 non
1301 1842 1505 1891 Epiphanii,
1526 1843 1588 1880 sed
1607 1844 1741 1881 librarii
1761 1844 1800 1880 in
1820 1854 1884 1881 nu·

326 1913 500 1937 merorum
516 1906 610 1937 nota.
642 1901 727 1947 Leg.
743 1901 860 1947 itaque
877 1897 950 1947 ρλδ’
968 1904 1007 1936 ut
1022 1911 1067 1936 ex
1082 1901 1243 1947 sequenti
1257 1901 1460 1937 collectione
1474 1901 1656 1949 perspicue
1670 1905 1817 1939 constat.

417 1958 508 1993 Κατὰ
524 1958 559 1993 δὲ
576 1957 683 2005 ψῆφον
700 1955 802 1992 ἄλλον
819 1955 1050 2004 ἀντιγράφων]
1097 1957 1277 2000 Quaenam
1299 1958 1360 1994 illa
1380 1958 1451 1993 sint
1471 1958 1702 2006 exemplaria,
1724 1969 1816 2005 quae
1837 1959 1882 1995 ab

327 2020 403 2051 ortu
419 2016 503 2051 Sem
518 2015 563 2050 ad
580 2026 696 2058 cxxx„
711 2015 768 2050 vel
783 2024 841 2050 xc.
859 2014 1024 2050 Abraami
1038 2025 1149 2050 annos
1166 2018 1289 2061 putent
1305 2024 1485 2059 ooxxvm,
1502 2013 1568 2051 hoc
1584 2018 1640 2051 est
1655 2025 1677 2051 a
1691 2014 1822 2052 diluvio
1838 2016 1882 2051 ad

326 2073 491 2108 Abraami
507 2075 621 2107 ortum
637 2082 837 2115 ccoxnvru,
860 2071 1050 2118 comperire
1071 2082 1143 2107 non
1157 2071 1267 2118 potui.
1313 2071 1432 2118 Neque
1449 2070 1542 2108 enim
1556 2071 1728 2108 Hebraioa
1742 2076 1804 2109 aut
1819 2072 1882 2108 Sa-

326 2130 515 2172 maritana,
540 2133 602 2165 aut
615 2133 792 2176 postremo
809 2140 879 2164 ux
895 2128 1074 2164 seniorum
1090 2127 1257 2164 editiones
1273 2128 1323 2164 ita
1337 2131 1531 2164 numerant.
1578 2127 1748 2170 Quocirca
1762 2140 1882 2166 vereor

328 2192 367 2223 ut
382 2188 538 2233 integrae
554 2187 626 2222 sint
639 2186 835 2222 numerales
852 2184 1036 2232 Epiphanii
1051 2188 1165 2222 notae.
1193 2184 1394 2221 Secundum
1410 2184 1648 2222 samaritanos
1665 2189 1701 2221 et
1715 2188 1883 2224 nonnulla

328 2257 397 2279 Lxx
414 2245 639 2291 interpretum
656 2241 885 2290 exemplaria,
909 2253 998 2289 quae
1018 2253 1040 2278 a
1054 2241 1184 2278 diluvio
1201 2242 1244 2277 ad
1260 2246 1374 2277 ortum
1390 2241 1555 2277 Abraami
1570 2253 1681 2279 annos
1696 2248 1883 2283 numerant

330 2312 544 2345 nccccxnu,
562 2300 687 2335 additis
705 2310 833 2336 csxxx.
849 2299 939 2335 fiunt
953 2300 997 2335 ab
1015 2302 1092 2335 ortu
1107 2298 1190 2335 Sem
1207 2298 1250 2335 ad
1266 2310 1372 2336 nxxx.
1390 2298 1555 2335 Abraami
1571 2299 1654 2335 anni
1670 2311 1807 2338 ucxxu.

418 2358 459 2396 N.
476 2371 524 2395 rx.
557 2357 605 2392 Tb
622 2355 685 2404 γὰρ
703 2355 946 2404 μυογαλίδιον.]
976 2355 1147 2392 Nicander
1162 2354 1262 2392 Ther.

644 2413 778 2461 Τυφλήν
794 2425 845 2461 τι,
862 2413 1021 2461 σμιρδνήν
1036 2424 1071 2448 τι
1087 2412 1216 2460 βροτοῖς
1232 2411 1284 2449 ἐπὶ
1299 2411 1412 2460 λοιγὸν
1429 2409 1572 2460 ἄγουσαν

644 2470 820 2518 Μυγαλίην
836 2472 1011 2518 τροχοῇσιν
1027 2469 1071 2505 ivi
1087 2468 1287 2514 Θνήσκουσαν
1304 2469 1448 2518 ἁμάξαις.

329 2529 469 2565 Scholia
484 2529 608 2565 docent
624 2528 658 2564 in
679 2532 834 2564 rotarum
858 2527 980 2563 orbitis
1004 2527 1253 2574 deprehensum
1277 2538 1411 2564 murem
1434 2537 1615 2571 araneum,
1641 2528 1733 2575 quod
1756 2536 1880 2565 caecus

329 2588 392 2630 sit,
409 2587 478 2623 illic
495 2586 652 2622 interfici.
692 2586 736 2621 At
751 2585 882 2621 Plinius
899 2585 958 2622 lib.
973 2596 1021 2621 rx.
1039 2595 1113 2632 cap.
1126 2597 1225 2623 xvrrr.
1257 2584 1366 2622 Iidem
1382 2584 1574 2631 «bicumque
1590 2588 1672 2627 siue,
1690 2584 1833 2623 orbitam
1849 2590 1881 2622 sc·

329 2646 512 2686 trunm‘ere,
528 2645 731 2685 morae'untur3
754 2642 856 2689 quasi
874 2653 947 2678 non
962 2641 1092 2678 obtritu
1106 2646 1276 2687 rotarum,
1296 2640 1359 2679 sed
1375 2641 1410 2678 vi
1426 2640 1573 2689 quadam
1591 2642 1710 2678 orbitis
1727 2642 1812 2690 ipsis
1825 2643 1880 2680 in-

329 2701 400 2735 ‹lita
414 2701 652 2736 coniiciuntur.

421 2755 472 2797 Ιίἰς
490 2756 634 2803 λώβησιν
652 2755 825 2803 achetae]
858 2755 925 2792 Diu
943 2755 1024 2804 quid
1041 2759 1133 2792 esset
1147 2755 1294 2804 κιλιφίας
1311 2752 1452 2803 λῶβησις
1467 2755 1722 2803 ignoravimus:
1740 2758 1881 2795 tametsi

329 2813 545 2849 «laetissimos
562 2814 744 2861 plerosque
760 2813 868 2857 viros,
893 2823 933 2849 ac
956 2813 1156 2861 praesertim
1178 2812 1330 2850 medicos
1353 2812 1394 2848 de
1415 2821 1458 2849 ea
1470 2823 1554 2850 voce
1571 2814 1878 2853 consuluissemus.

329 2872 442 2913 Quare
457 2871 625 2905 Graecum
644 2871 756 2918 ipsum
770 2881 895 2906 nomen
909 2870 945 2906 in
956 2869 1081 2907 Latina
1092 2869 1372 2919 interpretatione
1388 2869 1651 2918 exprimendum
1668 2871 1878 2918 putavimus,

331 2933 365 2962 ot
387 2927 429 2963 sd
452 2928 645 2972 marginem
668 2926 932 2964 haesitationem
953 2931 1107 2964 nostram
1131 2928 1282 2975 ingenuo
1294 2926 1444 2976 profusi
1459 2938 1591 2963 sumus.
1638 2928 1731 2965 Inter
1746 2939 1877 2974 omnes,

330 2995 418 3032 quon
433 2983 592 3023 adhibui.
608 2985 789 3020 constabat
804 2984 1030 3033 depravatum
1045 2984 1110 3022 hoc
1125 2995 1201 3021 esse
1217 2981 1433 3021 vocabulum.
1480 2983 1612 3027 Quibus
1633 2996 1676 3021 ne
1693 2986 1878 3022 assentirer

330 3042 507 3085 obnubet,
531 3041 622 3088 quod
645 3041 721 3077 aliia
745 3042 780 3077 in
804 3042 888 3078 lucin
912 3042 988 3078 sino
1011 3042 1082 3079 ulls
1101 3042 1265 3080 varietate
1288 3052 1357 3079 vox
1381 3040 1500 3078 eadem
1524 3042 1670 3090 repetita
1691 3042 1874 3090 legeretur.
