2008 3294
1530 204 1735 240 cccxxln

177 327 300 362 cellam
325 325 627 370 calamitatemque
651 324 788 365 referri,
813 320 950 368 quando
975 321 1020 355 ob
1045 321 1197 366 dejectas
1214 320 1375 367 populari
1390 319 1560 355 seditione
1577 319 1738 354 Placillae

177 387 310 418 statuas
327 383 548 417 exulceratus
573 381 791 427 imperatoris
815 380 954 414 animus
979 378 1074 412 etad
1091 377 1334 412 vindicandam
1357 377 1578 423 majestatem
1602 374 1738 410 inflam-

180 443 294 475 matus
319 438 478 474 Flaviani
502 438 672 484 praesulis
696 437 869 484 legatione
893 435 1073 480 mitigatus
1091 440 1153 469 est.
1202 434 1270 469 Sed
1294 445 1358 469 uos
1374 433 1580 469 necessariis
1597 433 1737 479 quibus-

178 497 257 531 dam
283 496 475 531 rationibus
499 496 534 530 in
553 494 800 530 Themistianis
823 492 916 528 notis
933 492 1161 534 ostendimus,
1186 492 1254 526 alio
1272 502 1378 538 quam
1396 491 1438 525 ad
1455 490 1735 526 Theodosianum

177 553 264 588 illud
288 553 419 587 factum
445 559 601 599 spectare
618 551 858 593 'rhemistium‚
883 559 995 595 neque
1019 554 1137 583 tamen
1162 548 1358 595 cujusmodi
1372 548 1508 583 facinus
1524 547 1611 583 illud
1636 551 1738 587 esset,

180 610 350 645 extricare
375 614 450 644 tum
476 610 662 656 potuimus.
711 608 823 650 Quare
848 608 896 642 ita
919 606 1189 653 disputationem
1221 606 1429 641 clausimus:
1466 605 1607 641 Habent
1634 607 1741 650 ἐρίων

178 668 306 702 eruditi
333 669 403 701 viri
434 674 531 712 atque
562 666 726 701 historiae
749 666 901 707 studiosi,
935 667 972 699 in
995 676 1057 708 quo
1081 664 1271 708 quaerendo
1297 670 1395 708 atque
1419 663 1625 697 enucleando
1647 665 1740 707 inqe-

179 727 268 758 m'um
303 736 395 758 auum
428 731 618 758 exerceant.
665 722 764 766 Quod
795 731 880 757 sane
913 720 1036 756 merito
1060 724 1135 754 tum
1166 731 1187 754 a
1222 720 1324 755 nobis
1348 719 1568 755 estfactum.
1615 718 1741 754 Postea

179 792 261 816 vero
287 781 368 816 dum
394 780 637 827 Chrysostomi
659 780 762 815 Hom.
779 791 826 814 xx
861 777 903 813 ad
928 777 1099 824 Populum
1125 776 1378 813 Antiochenam
1415 777 1660 824 percurrimus,
1702 777 1738 811 in

179 849 250 885 qua
284 838 326 873 de
350 837 509 873 Flaviani
530 837 707 884 legatione
742 840 776 872 et
798 836 983 882 impetrata
1018 834 1061 871 ab
1098 834 1218 881 imper.
1245 834 1346 869 venia
1377 834 1588 879 gratulatur,
1624 844 1740 870 veram

179 895 438 930 'Phemistianae
460 895 554 930 illius
571 894 737 930 orationis
754 893 934 928 historiam
950 895 985 926 et
1001 891 1200 937 argumenti
1228 901 1402 926 summam
1429 902 1500 927 non
1517 892 1592 927 sine
1606 892 1742 938 ingenti

180 953 289 987 animi
323 951 439 987 fructu
478 963 518 986 ac
553 952 730 998 voluptate
765 950 959 985 didicimus.
1007 948 1095 984 Cum
1131 948 1224 983 enim
1259 947 1413 983 habitam
1452 960 1474 984 a
1497 948 1662 984 Flaviano
1699 949 1742 984 ad

180 1009 416 1045 Theodosium
441 1009 634 1044 orationem
660 1019 699 1043 ac
724 1007 1000 1054 deprecationem
1035 1006 1204 1052 explicat,
1239 1006 1290 1040 sic
1314 1017 1395 1041 eum
1419 1006 1509 1041 iuter
1532 1010 1670 1041 caetera
1693 1007 1743 1042 lo-

182 1071 344 1112 quentem
361 1066 508 1101 inducit:
534 1065 594 1099 Kal
610 1065 641 1099 τί
656 1065 720 1112 χρὴ
745 1064 849 1111 λέγειν
874 1064 1131 1107 Κωνσταντῖνον,
1156 1062 1210 1096 καὶ
1234 1060 1274 1096 τὰ
1298 1060 1458 1108 ἀλλότρια
1481 1062 1744 1110 παραδείγματα,

183 1123 254 1158 δεόν
280 1121 405 1158 οἴκοθέν
429 1134 465 1157 σε
490 1122 543 1157 καὶ
559 1121 594 1156 ἐκ
618 1123 683 1156 τῶν
708 1123 775 1156 σῶν
801 1120 1001 1168 παρακαλεῖν
1026 1118 1323 1166 κατωρθωμὰτωνς
1356 1119 1518 1166 μέμνησαι
1542 1120 1667 1167 πρώην,
1692 1119 1745 1155 ’ὅτε

182 1182 237 1224 τῆς
252 1178 364 1226 ἑορτῆς
377 1180 494 1223 ταύτης
503 1178 752 1224 καταλαβούσης
760 1177 933 1222 ἐπιστολὴν
942 1175 1086 1224 ἔπεμψας
1095 1180 1267 1224 πανταχοῦ
1276 1179 1330 1220 τῆς
1345 1175 1534 1222 οἰκουμένης
1547 1176 1741 1212 κελεύουσαν

183 1237 260 1277 τοὺς
285 1236 322 1270 τὶ)
349 1235 570 1283 δεσμωτήριον
588 1234 755 1276 οἰκοῦντας
772 1234 907 1280 ἀφεῖναι,
926 1235 979 1269 καὶ
996 1237 1181 1282 συγχωρεῖν
1202 1233 1312 1274 αὐτοῖς
1326 1233 1366 1268 τὰ
1390 1233 1594 1281 ἐγκλήματα,
1619 1236 1682 1278 καὶ,
1700 1234 1744 1276 ὦς

183 1294 243 1328 οὐκ
268 1293 454 1340 ἀρκούντων
478 1291 616 1335 ἐκείνων,
650 1293 749 1333 δεῖξαί
773 1306 832 1327 σου
863 1292 920 1337 τὴν
946 1291 1201 1338 φιλανθρωπίαν,
1226 1289 1336 1337 ἔλεγες
1361 1290 1413 1326 διὰ
1438 1293 1503 1326 τῶν
1529 1292 1744 1340 γραμμάτων,

185 1350 243 1394 ὅτι,
268 1350 342 1386 Εἴθε
360 1363 416 1398 μοι
433 1350 569 1385 δυνατόν
585 1349 623 1394 ἠν
648 1350 700 1384 καὶ
718 1351 792 1391 τοὺς
810 1349 1009 1390 ἀπελθόντας
1034 1348 1181 1393 καλέσαι,
1206 1348 1260 1382 καὶ
1283 1347 1471 1393 ἀναστῆσαι,
1497 1349 1550 1383 καὶ
1583 1350 1664 1396 πρὸς
1688 1349 1745 1394 τὴν

185 1408 345 1455 προτέραν
382 1406 556 1454 ἀναγαγεῖν
591 1407 689 1451 ζωήν.
741 1408 943 1454 Quanquam
978 1408 1061 1452 quid
1083 1409 1206 1440 attinet
1229 1406 1491 1448 Constantinum,
1518 1413 1578 1442 aut
1601 1408 1745 1442 aliorum

188 1466 340 1512 exempla
363 1477 562 1507 memorare,
599 1477 672 1500 cum
697 1471 727 1499 te
763 1466 955 1500 domesticis
990 1467 1056 1498 tuis
1080 1465 1179 1498 rebus
1203 1476 1246 1498 ae
1261 1466 1376 1509 saetis
1401 1466 1547 1499 invitare
1571 1468 1746 1511 oporteat?

186 1523 373 1558 Meministi
388 1535 505 1568 seraper,
527 1534 599 1556 eum
617 1524 728 1557 eodem
745 1523 804 1556 illo
821 1528 999 1569 appetente
1006 1524 1098 1567 festo
1115 1522 1235 1555 literas
1252 1528 1316 1556 toto
1333 1526 1501 1555 terrarum
1519 1522 1598 1556 orbe
1615 1525 1746 1565 misisti,

186 1580 304 1626 quibua
327 1591 382 1615 eoa
404 1591 515 1614 omnes
537 1582 595 1626 qui
616 1582 652 1614 in
677 1591 820 1614 carcere
855 1585 964 1621 erant,
1000 1580 1136 1620 dimitti,
1160 1581 1270 1624 eisque
1295 1579 1486 1613 condonari
1509 1581 1655 1614 crimina
1670 1581 1747 1625 jus-

185 1639 278 1679 sisti,
302 1643 367 1671 tum
375 1637 521 1683 perinde
536 1649 579 1671 αι·
591 1639 624 1671 εἰ
641 1638 783 1672 nondum
797 1636 883 1671 haec
903 1638 1138 1682 testificandae
1156 1635 1365 1670 humanitati
1382 1642 1460 1670 tuae
1481 1638 1690 1682 maffia-erent,
1710 1639 1747 1671 {n

187 1694 274 1728 haee
296 1694 402 1728 verba
431 1697 643 1740 scm'paerae:
673 1693 808 1729 Utinam
832 1706 892 1738 eqo
916 1699 1062 1728 mortuae
1085 1694 1134 1727 ad
1156 1695 1261 1727 vitam
1284 1704 1449 1727 revoca-re
1473 1701 1572 1738 atque
1595 1696 1748 1728 excitare

181 1754 338 1797 possem!
383 1750 482 1792 Quod
506 1755 559 1786 est
575 1751 791 1797 ipsissimum
810 1750 1034 1796 benignitatis
1051 1750 1326 1796 clementiaeque
1341 1750 1528 1796 specimen,
1551 1751 1643 1797 quod
1659 1751 1747 1787 The-

188 1807 327 1843 mistius
350 1807 387 1842 in
410 1808 471 1843 illa
507 1808 661 1842 oratioue
685 1807 870 1854 praedicat,
907 1808 1085 1854 aliquanto
1109 1811 1190 1842 ante
1216 1806 1471 1842 Antiochenam
1495 1808 1581 1843 illud
1605 1808 1747 1851 editum,

188 1875 268 1900 cum
285 1863 397 1900 adhuc
414 1864 556 1899 Placilla
572 1866 711 1907 viveret,
729 1868 768 1899 ut
783 1876 826 1900 ex
844 1865 1001 1900 oratione
1018 1865 1094 1911 ipsa
1111 1867 1255 1900 constat.
1283 1863 1362 1900 Non
1378 1865 1475 1911 potui
1488 1869 1560 1900 tam
1576 1866 1747 1901 illustrem

187 1921 384 1964 historiam,
418 1926 560 1968 tamque
595 1922 807 1957 luculentam
845 1922 890 1957 ad
912 1922 1142 1957 Themistium
1178 1926 1338 1957 nostrum
1362 1923 1597 1958 accessionem
1622 1924 1748 1958 tacitus

188 1978 471 2024 praetermittere.
519 1978 798 2014 Commodiorem
815 1983 944 2022 autem,
962 1979 1022 2014 ubi
1038 1978 1127 2014 hanc
1149 1979 1356 2022 intexerem,
1381 1979 1509 2022 locum,
1534 1991 1640 2026 quam
1658 1979 1749 2015 huuc

187 2035 303 2081 ipsum
323 2034 431 2071 habui
452 2036 598 2070 nullum.
647 2037 742 2071 Alter
766 2047 836 2071 non
860 2041 932 2071 tam
956 2037 1042 2072 ritus
1074 2047 1179 2083 quam
1212 2037 1342 2072 rituum
1371 2047 1411 2071 ac
1441 2037 1644 2084 disciplinae
1674 2049 1750 2073 cor·

189 2092 323 2138 ruptela
346 2091 424 2136 fuit,
464 2096 503 2127 ut
536 2093 660 2128 iisdem
695 2093 817 2128 diebus
853 2093 1112 2129 catechumenis
1141 2094 1415 2130 extraordinaria
1440 2094 1612 2141 quaedam
1635 2105 1751 2130 sacra-

188 2153 308 2184 menta
330 2149 622 2196 permitterentur.
669 2150 764 2193 Quae
788 2151 986 2197 cujusmodi
1010 2151 1151 2194 fuerint,
1175 2151 1331 2187 nondum
1355 2152 1477 2198 liquet.
1523 2151 1563 2186 In
1587 2150 1750 2197 Carthag.

189 2205 331 2252 quidem
354 2206 459 2242 Cone.
476 2219 529 2243 111.
553 2207 658 2244 Cane.
675 2220 708 2244 v.
732 2219 809 2243 mos
832 2209 891 2243 ille
915 2209 1106 2254 abrogatur
1130 2208 1184 2244 his
1208 2210 1338 2244 verbis:
1365 2210 1449 2244 Item
1467 2210 1617 2255 placuit,
1632 2217 1670 2244 ut
1685 2222 1752 2255 per

189 2263 436 2299 solenniseimos
452 2265 642 2310 paschales
666 2267 738 2300 dies
761 2272 1011 2300 sacramentum
1037 2266 1286 2301 catechumenis
1310 2279 1373 2300 non
1398 2267 1506 2308 detur,
1530 2269 1599 2301 nisi
1620 2267 1751 2301 solitum

190 2320 255 2355 sat.
305 2320 397 2360 Quia
420 2323 452 2355 si
466 2323 589 2367 fideles
621 2335 686 2368 per
708 2324 786 2357 illos
810 2325 882 2358 dies
906 2329 1126 2358 sacramenta
1151 2336 1213 2358 non
1239 2330 1377 2364 mutant,
1418 2335 1478 2357 nec
1504 2323 1752 2358 catechumenis

190 2382 320 2422 oportet
347 2385 489 2412 mutare.
537 2378 624 2414 Cum
654 2380 707 2415 sal
740 2379 998 2415 catechumenis
1022 2381 1180 2426 praeberi
1208 2386 1414 2415 consuetum
1444 2385 1553 2423 esset,
1589 2385 1753 2428 appeten·

192 2434 286 2468 tibus
303 2433 480 2480 paschatis
497 2434 593 2470 feriis
610 2437 917 2472 extraordinarium
936 2437 1100 2483 quiddam
1119 2449 1323 2472 concessum
1340 2438 1410 2472 illis
1427 2443 1490 2472 est.
1540 2437 1618 2473 Non
1634 2439 1753 2485 utique

195 2491 506 2537 eucharistia,hnec
529 2493 621 2527 enim
646 2497 781 2528 tantum
805 2494 990 2529 insaniisse
1016 2505 1215 2540 quenquam
1239 2495 1396 2530 arbitror.
1443 2494 1564 2541 Neque
1587 2506 1668 2531 vero
1693 2507 1754 2542 per

193 2552 450 2583 sacramentum
475 2548 624 2594 intelligi
648 2554 731 2596 puto
756 2551 973 2596 symbolum,
1009 2550 1069 2586 sed
1094 2562 1218 2597 panem
1244 2552 1359 2598 ipsum
1384 2562 1424 2586 ac
1449 2552 1585 2595 vinum,
1615 2563 1661 2587 ex
1684 2563 1752 2599 quo

196 2604 408 2640 eucharistia
431 2609 631 2640 consecrata
653 2606 778 2642 fuerat.
826 2606 916 2642 Nam
939 2607 1106 2654 reliquiae
1131 2609 1230 2653 panis
1255 2611 1290 2642 et
1312 2608 1401 2651 vini,
1436 2619 1526 2654 quae
1549 2619 1570 2643 a
1592 2609 1752 2645 fidelibus

193 2662 238 2696 ad
275 2661 482 2697 sacrificium
507 2663 753 2698 celebrandum
788 2663 906 2698 oblata
939 2664 1094 2706 fuerant,
1129 2675 1382 2710 nonnunquam
1415 2666 1451 2700 iu
1487 2666 1753 2702 catechumenos

195 2719 503 2754 distribuebantur.
551 2719 650 2760 Quod
674 2720 826 2766 amplius
857 2721 1017 2766 usurpari
1040 2725 1136 2755 vetat
1158 2720 1369 2767 Theophilus
1393 2723 1493 2758 Alex.
1510 2722 1595 2759 Can.
1607 2735 1689 2760 vm:
1714 2723 1754 2757 τὰ

194 2777 438 2821 προςφερόμενα
456 2773 496 2815 εἰς
513 2775 615 2822 λόγον
633 2776 742 2816 θυσίας
761 2776 841 2823 μετὰ
857 2778 922 2810 τῶν
935 2776 1199 2824 ἀναλισκομένων
1226 2776 1267 2818 εἰς
1284 2777 1341 2823 τὴν
1358 2780 1423 2813 τῶν
1441 2780 1626 2826 μυστηρίων
1641 2780 1754 2827 χρείαν

194 2831 224 2866 oi
254 2831 400 2878 κληρικοὶ
425 2831 716 2878 διανειμάσθωσαν,
752 2833 805 2867 καὶ
845 2834 926 2880 μήτε
950 2835 1188 2881 κατεχούμενος
1211 2833 1246 2869 ἐκ
1275 2835 1400 2870 τούτων
1424 2835 1555 2871 ἐσθιέτω
1579 2838 1599 2881 ἦ
1624 2837 1753 2883 πινέτω,

195 2887 281 2923 ἀλλὰ
306 2888 434 2935 μᾶλλον
458 2888 488 2923 ol
512 2889 670 2936 κληρικοὶ,
695 2889 749 2924 καὶ
773 2889 803 2924 οἱ
827 2890 884 2924 σὺν
909 2890 1019 2931 αὐτοῖς
1044 2891 1152 2926 πιστοὶ
1181 2890 1325 2938 ἀδελφοί.
1373 2893 1426 2928 Ad
1449 2905 1553 2941 quem
1577 2894 1753 2929 Ganonem

195 2946 358 2981 Balsamo
383 2947 520 2982 scribit:
545 2947 747 2982 Oblationes
771 2948 849 2982 illas
874 2958 1000 2994 panem
1025 2953 1060 2983 et
1074 2949 1195 2984 vinum
1212 2961 1307 2993 esse,
1332 2961 1376 2986 ex
1393 2951 1519 2998 quibus
1535 2955 1651 2998 partes
1676 2951 1755 2984 illae

195 3008 355 3049 sumptae
379 3007 462 3038 sunt
487 3004 633 3050 (μερίδας
658 3007 776 3047 vocat,
801 3005 852 3040 uti
869 3005 992 3040 Graeci
1007 3004 1115 3041 ferme
1132 3008 1402 3052 consueverunt)
1426 3019 1514 3054 quae
1530 3019 1550 3042 a
1575 3007 1754 3042 sacerdote

196 3064 451 3095 consecrantur.
497 3060 550 3096 Ex
586 3073 655 3107 quo
689 3061 729 3096 fit
765 3066 803 3096 ut
838 3063 1002 3108 reliquiae
1038 3064 1134 3109 ipsae
1159 3064 1413 3110 quodammodo
1438 3064 1649 3100 sanctificate
1673 3064 1754 3106 sint,

1493 3121 1552 3157 X.

1778 1199 1804 1223 p,
1822 1196 1878 1221 366.
