<?xml version="1.0" encoding="UTF-8"?>
<!DOCTYPE html PUBLIC "-//W3C//DTD XHTML 1.0 Transitional//EN"
    "http://www.w3.org/TR/xhtml1/DTD/xhtml1-transitional.dtd">
<html xmlns="http://www.w3.org/1999/xhtml" xml:lang="en" lang="en">
 <head>
  <title>
</title>
<meta http-equiv="Content-Type" content="text/html;charset=utf-8" />
  <meta name='ocr-system' content='tesseract 3.04.00' />
  <meta name='ocr-capabilities' content='ocr_page ocr_carea ocr_par ocr_line ocrx_word'/>
</head>
<body>
  <div class='ocr_page' id='page_1' title='image "./corporishaereseo03epip_0309.png"; bbox 0 0 2008 3294; ppageno 0'>
   <div class='ocr_carea' id='block_1_1' title="bbox 1560 213 1742 250">
    <p class='ocr_par' dir='ltr' id='par_1_1' title="bbox 1560 213 1742 250">
     <span class='ocr_line' id='line_1_1' title="bbox 1560 213 1742 250; baseline 0 0"><span class='ocrx_word' id='word_1_1' title='bbox 1560 213 1742 250; x_wconf 77' lang='lat' dir='ltr'>CLXXXI</span> 
     </span>
    </p>
   </div>
   <div class='ocr_carea' id='block_1_2' title="bbox 177 314 1742 3095">
    <p class='ocr_par' dir='ltr' id='par_1_2' title="bbox 181 314 1742 990">
     <span class='ocr_line' id='line_1_2' title="bbox 187 314 1741 365; baseline 0.001 -14"><span class='ocrx_word' id='word_1_2' title='bbox 187 316 282 351; x_wconf 85' lang='lat' dir='ltr'><strong>velut</strong></span> <span class='ocrx_word' id='word_1_3' title='bbox 296 316 342 352; x_wconf 85' lang='lat' dir='ltr'><strong>ad</strong></span> <span class='ocrx_word' id='word_1_4' title='bbox 354 314 514 363; x_wconf 72' lang='lat' dir='ltr'><strong>regulam</strong></span> <span class='ocrx_word' id='word_1_5' title='bbox 530 317 792 353; x_wconf 86' lang='lat' dir='ltr'><strong>accommodare</strong></span> <span class='ocrx_word' id='word_1_6' title='bbox 814 317 981 355; x_wconf 77' lang='lat' dir='ltr'><strong>nituntur.</strong></span> <span class='ocrx_word' id='word_1_7' title='bbox 1027 316 1120 353; x_wconf 85' lang='lat' dir='ltr'><strong>Nam</strong></span> <span class='ocrx_word' id='word_1_8' title='bbox 1140 317 1292 364; x_wconf 87' lang='lat' dir='ltr'><strong>primum</strong></span> <span class='ocrx_word' id='word_1_9' title='bbox 1313 317 1455 364; x_wconf 86' lang='lat' dir='ltr'><strong>quidem</strong></span> <span class='ocrx_word' id='word_1_10' title='bbox 1474 317 1606 365; x_wconf 81' lang='lat' dir='ltr'><strong>pascha</strong></span> <span class='ocrx_word' id='word_1_11' title='bbox 1626 318 1741 352; x_wconf 90' lang='lat' dir='ltr'><strong>solum</strong></span> 
     </span>
     <span class='ocr_line' id='line_1_3' title="bbox 184 372 1741 422; baseline 0 -13"><span class='ocrx_word' id='word_1_12' title='bbox 184 372 354 409; x_wconf 77' lang='lat' dir='ltr'><strong>Ioannem</strong></span> <span class='ocrx_word' id='word_1_13' title='bbox 368 383 658 410; x_wconf 85' lang='lat' dir='ltr'><strong>commemorasse</strong></span> <span class='ocrx_word' id='word_1_14' title='bbox 674 378 816 420; x_wconf 81' lang='lat' dir='ltr'><strong>pntant3</strong></span> <span class='ocrx_word' id='word_1_15' title='bbox 838 373 1030 410; x_wconf 78' lang='lat' dir='ltr'><strong>secundum</strong></span> <span class='ocrx_word' id='word_1_16' title='bbox 1045 374 1138 420; x_wconf 84' lang='lat' dir='ltr'><strong>quod</strong></span> <span class='ocrx_word' id='word_1_17' title='bbox 1153 374 1302 410; x_wconf 84' lang='lat' dir='ltr'><strong>Ioannes</strong></span> <span class='ocrx_word' id='word_1_18' title='bbox 1317 374 1430 410; x_wconf 84' lang='lat' dir='ltr'><strong>adhue</strong></span> <span class='ocrx_word' id='word_1_19' title='bbox 1446 375 1640 422; x_wconf 70' lang='lat' dir='ltr'><strong>baptizasse</strong></span> <span class='ocrx_word' id='word_1_20' title='bbox 1654 375 1741 420; x_wconf 83' lang='lat' dir='ltr'><strong>legi-</strong></span> 
     </span>
     <span class='ocr_line' id='line_1_4' title="bbox 184 429 1741 478; baseline 0 -13"><span class='ocrx_word' id='word_1_21' title='bbox 184 433 250 472; x_wconf 84' lang='lat' dir='ltr'><strong>tur,</strong></span> <span class='ocrx_word' id='word_1_22' title='bbox 265 429 386 467; x_wconf 64' lang='lat' dir='ltr'><strong>Ionan„</strong></span> <span class='ocrx_word' id='word_1_23' title='bbox 399 442 457 475; x_wconf 84' lang='lat' dir='ltr'><strong>m,</strong></span> <span class='ocrx_word' id='word_1_24' title='bbox 473 429 528 467; x_wconf 80' lang='lat'><strong>23.</strong></span> <span class='ocrx_word' id='word_1_25' title='bbox 557 429 632 472; x_wconf 86' lang='lat' dir='ltr'><strong>Quo</strong></span> <span class='ocrx_word' id='word_1_26' title='bbox 648 431 684 469; x_wconf 88' lang='lat' dir='ltr'><strong>in</strong></span> <span class='ocrx_word' id='word_1_27' title='bbox 699 431 840 467; x_wconf 78' lang='lat' dir='ltr'><strong>vincula</strong></span> <span class='ocrx_word' id='word_1_28' title='bbox 853 430 1008 467; x_wconf 70' lang='lat' dir='ltr'><strong>ccubcto</strong></span> <span class='ocrx_word' id='word_1_29' title='bbox 1022 431 1222 476; x_wconf 85' lang='lat' dir='ltr'><strong>praedicare</strong></span> <span class='ocrx_word' id='word_1_30' title='bbox 1238 430 1395 467; x_wconf 85' lang='lat' dir='ltr'><strong>Christus</strong></span> <span class='ocrx_word' id='word_1_31' title='bbox 1412 433 1541 478; x_wconf 89' lang='lat' dir='ltr'><strong>coepit,</strong></span> <span class='ocrx_word' id='word_1_32' title='bbox 1556 430 1680 467; x_wconf 73' lang='lat' dir='ltr'><strong>Matth.</strong></span> <span class='ocrx_word' id='word_1_33' title='bbox 1693 444 1741 474; x_wconf 79' lang='lat' dir='ltr'><strong>xv,</strong></span> 
     </span>
     <span class='ocr_line' id='line_1_5' title="bbox 188 486 1740 535; baseline 0.001 -14"><span class='ocrx_word' id='word_1_34' title='bbox 188 486 240 522; x_wconf 86' lang='lat'><strong>11.</strong></span> <span class='ocrx_word' id='word_1_35' title='bbox 255 490 292 522; x_wconf 87' lang='lat' dir='ltr'><strong>et</strong></span> <span class='ocrx_word' id='word_1_36' title='bbox 305 487 416 523; x_wconf 74' lang='lat' dir='ltr'><strong>Marci</strong></span> <span class='ocrx_word' id='word_1_37' title='bbox 430 499 460 530; x_wconf 87' lang='lat' dir='ltr'><strong>r,</strong></span> <span class='ocrx_word' id='word_1_38' title='bbox 479 487 548 530; x_wconf 78' lang='lat'><strong>14.;</strong></span> <span class='ocrx_word' id='word_1_39' title='bbox 564 497 586 522; x_wconf 86' lang='lat' dir='ltr'><strong>a</strong></span> <span class='ocrx_word' id='word_1_40' title='bbox 601 499 670 534; x_wconf 90' lang='lat' dir='ltr'><strong>quo</strong></span> <span class='ocrx_word' id='word_1_41' title='bbox 686 491 842 535; x_wconf 85' lang='lat' dir='ltr'><strong>tempore</strong></span> <span class='ocrx_word' id='word_1_42' title='bbox 855 490 926 528; x_wconf 66' lang='lat' dir='ltr'><strong>taes</strong></span> <span class='ocrx_word' id='word_1_43' title='bbox 941 487 1069 523; x_wconf 82' lang='lat' dir='ltr'><strong>caeteri</strong></span> <span class='ocrx_word' id='word_1_44' title='bbox 1084 498 1139 523; x_wconf 86' lang='lat' dir='ltr'><strong>res</strong></span> <span class='ocrx_word' id='word_1_45' title='bbox 1156 499 1177 522; x_wconf 90' lang='lat' dir='ltr'><strong>a</strong></span> <span class='ocrx_word' id='word_1_46' title='bbox 1191 487 1325 523; x_wconf 87' lang='lat' dir='ltr'><strong>Christo</strong></span> <span class='ocrx_word' id='word_1_47' title='bbox 1339 492 1458 534; x_wconf 84' lang='lat' dir='ltr'><strong>gestas</strong></span> <span class='ocrx_word' id='word_1_48' title='bbox 1471 489 1566 525; x_wconf 84' lang='lat' dir='ltr'><strong>velut</strong></span> <span class='ocrx_word' id='word_1_49' title='bbox 1581 489 1625 524; x_wconf 91' lang='lat' dir='ltr'><strong>ab</strong></span> <span class='ocrx_word' id='word_1_50' title='bbox 1641 489 1740 524; x_wconf 89' lang='lat' dir='ltr'><strong>initio</strong></span> 
     </span>
     <span class='ocr_line' id='line_1_6' title="bbox 184 542 1740 596; baseline 0.002 -17"><span class='ocrx_word' id='word_1_51' title='bbox 184 542 367 580; x_wconf 82' lang='lat' dir='ltr'><strong>deducunt.</strong></span> <span class='ocrx_word' id='word_1_52' title='bbox 390 543 558 591; x_wconf 76' lang='lat' dir='ltr'>Sequitur</span> <span class='ocrx_word' id='word_1_53' title='bbox 573 555 656 590; x_wconf 87' lang='lat' dir='ltr'><strong>ergo</strong></span> <span class='ocrx_word' id='word_1_54' title='bbox 672 543 802 591; x_wconf 78' lang='lat' dir='ltr'><strong>pascha</strong></span> <span class='ocrx_word' id='word_1_55' title='bbox 816 543 1023 596; x_wconf 58' lang='lat' dir='ltr'><strong>sendum,</strong></span> <span class='ocrx_word' id='word_1_56' title='bbox 1040 544 1133 590; x_wconf 84' lang='lat' dir='ltr'><strong>quod</strong></span> <span class='ocrx_word' id='word_1_57' title='bbox 1148 555 1227 580; x_wconf 79' lang='lat' dir='ltr'><strong>eum</strong></span> <span class='ocrx_word' id='word_1_58' title='bbox 1244 545 1364 582; x_wconf 87' lang='lat' dir='ltr'><strong>loann.</strong></span> <span class='ocrx_word' id='word_1_59' title='bbox 1377 559 1422 588; x_wconf 89' lang='lat' dir='ltr'><strong>v.‚</strong></span> <span class='ocrx_word' id='word_1_60' title='bbox 1439 550 1514 581; x_wconf 88' lang='lat' dir='ltr'><strong>tum</strong></span> <span class='ocrx_word' id='word_1_61' title='bbox 1526 544 1651 582; x_wconf 84' lang='lat' dir='ltr'><strong>Matth.</strong></span> <span class='ocrx_word' id='word_1_62' title='bbox 1665 557 1740 587; x_wconf 77' lang='lat' dir='ltr'><strong>m,</strong></span> 
     </span>
     <span class='ocr_line' id='line_1_7' title="bbox 183 600 1742 650; baseline 0.001 -14"><span class='ocrx_word' id='word_1_63' title='bbox 183 600 292 637; x_wconf 73' lang='lat' dir='ltr'><strong>Marc.</strong></span> <span class='ocrx_word' id='word_1_64' title='bbox 311 612 364 644; x_wconf 77' lang='lat' dir='ltr'><strong>u..</strong></span> <span class='ocrx_word' id='word_1_65' title='bbox 386 600 470 637; x_wconf 85' lang='lat' dir='ltr'><strong>Luc.</strong></span> <span class='ocrx_word' id='word_1_66' title='bbox 490 613 548 644; x_wconf 73' lang='lat' dir='ltr'><strong>vn,</strong></span> <span class='ocrx_word' id='word_1_67' title='bbox 572 602 676 637; x_wconf 79' lang='lat' dir='ltr'><strong>tacite</strong></span> <span class='ocrx_word' id='word_1_68' title='bbox 700 601 929 649; x_wconf 70' lang='lat' dir='ltr'><strong>significatur,</strong></span> <span class='ocrx_word' id='word_1_69' title='bbox 950 611 992 638; x_wconf 87' lang='lat' dir='ltr'><strong>eo</strong></span> <span class='ocrx_word' id='word_1_70' title='bbox 1017 601 1110 647; x_wconf 85' lang='lat' dir='ltr'><strong>quod</strong></span> <span class='ocrx_word' id='word_1_71' title='bbox 1133 601 1278 636; x_wconf 85' lang='lat' dir='ltr'><strong>sabbato</strong></span> <span class='ocrx_word' id='word_1_72' title='bbox 1302 602 1544 648; x_wconf 85' lang='lat' dir='ltr'><strong>deuteroproto</strong></span> <span class='ocrx_word' id='word_1_73' title='bbox 1576 614 1638 650; x_wconf 89' lang='lat' dir='ltr'><strong>per</strong></span> <span class='ocrx_word' id='word_1_74' title='bbox 1662 607 1742 639; x_wconf 78' lang='lat' dir='ltr'><strong>sata</strong></span> 
     </span>
     <span class='ocr_line' id='line_1_8' title="bbox 183 657 1741 706; baseline 0.001 -12"><span class='ocrx_word' id='word_1_75' title='bbox 183 657 350 694; x_wconf 66' lang='lat' dir='ltr'><strong>ummo</strong></span> <span class='ocrx_word' id='word_1_76' title='bbox 362 657 522 694; x_wconf 78' lang='lat' dir='ltr'><strong>dicuntur</strong></span> <span class='ocrx_word' id='word_1_77' title='bbox 538 659 688 705; x_wconf 87' lang='lat' dir='ltr'><strong>apostoli</strong></span> <span class='ocrx_word' id='word_1_78' title='bbox 710 662 746 694; x_wconf 87' lang='lat' dir='ltr'><strong>et</strong></span> <span class='ocrx_word' id='word_1_79' title='bbox 759 659 874 706; x_wconf 67' lang='lat' dir='ltr'><strong>spicas</strong></span> <span class='ocrx_word' id='word_1_80' title='bbox 885 658 1083 701; x_wconf 57' lang='lat' dir='ltr'><strong>vallionem</strong></span> <span class='ocrx_word' id='word_1_81' title='bbox 1111 658 1205 704; x_wconf 85' lang='lat' dir='ltr'><strong>quod</strong></span> <span class='ocrx_word' id='word_1_82' title='bbox 1220 662 1358 706; x_wconf 85' lang='lat' dir='ltr'><strong>tempus</strong></span> <span class='ocrx_word' id='word_1_83' title='bbox 1374 660 1410 694; x_wconf 92' lang='lat' dir='ltr'><strong>in</strong></span> <span class='ocrx_word' id='word_1_84' title='bbox 1426 660 1520 706; x_wconf 87' lang='lat' dir='ltr'><strong>ipsas</strong></span> <span class='ocrx_word' id='word_1_85' title='bbox 1537 671 1741 705; x_wconf 80' lang='lat' dir='ltr'>azymorum</span> 
     </span>
     <span class='ocr_line' id='line_1_9' title="bbox 182 713 1738 763; baseline 0.001 -12"><span class='ocrx_word' id='word_1_86' title='bbox 182 713 288 751; x_wconf 60' lang='lat' dir='ltr'><strong>urias</strong></span> <span class='ocrx_word' id='word_1_87' title='bbox 301 714 456 751; x_wconf 78' lang='lat' dir='ltr'><strong>incurrit.</strong></span> <span class='ocrx_word' id='word_1_88' title='bbox 479 713 552 751; x_wconf 88' lang='lat' dir='ltr'><strong>Iam</strong></span> <span class='ocrx_word' id='word_1_89' title='bbox 569 715 712 751; x_wconf 89' lang='lat' dir='ltr'><strong>tertium</strong></span> <span class='ocrx_word' id='word_1_90' title='bbox 727 717 863 763; x_wconf 55' lang='lat' dir='ltr'><strong>praet&amp;</strong></span> <span class='ocrx_word' id='word_1_91' title='bbox 877 714 1044 754; x_wconf 71' lang='lat' dir='ltr'><strong>Ioannem</strong></span> <span class='ocrx_word' id='word_1_92' title='bbox 1058 725 1135 763; x_wconf 85' lang='lat' dir='ltr'><strong>cap.</strong></span> <span class='ocrx_word' id='word_1_93' title='bbox 1148 727 1194 751; x_wconf 71' lang='lat' dir='ltr'><strong>vr.</strong></span> <span class='ocrx_word' id='word_1_94' title='bbox 1211 716 1316 751; x_wconf 90' lang='lat' dir='ltr'><strong>etiam</strong></span> <span class='ocrx_word' id='word_1_95' title='bbox 1331 715 1455 752; x_wconf 84' lang='lat' dir='ltr'><strong>Matth.</strong></span> <span class='ocrx_word' id='word_1_96' title='bbox 1469 729 1554 759; x_wconf 86' lang='lat' dir='ltr'><strong>x1v.,</strong></span> <span class='ocrx_word' id='word_1_97' title='bbox 1570 717 1677 753; x_wconf 85' lang='lat' dir='ltr'><strong>Marc.</strong></span> <span class='ocrx_word' id='word_1_98' title='bbox 1691 729 1738 753; x_wconf 80' lang='lat' dir='ltr'><strong>vr.</strong></span> 
     </span>
     <span class='ocr_line' id='line_1_10' title="bbox 181 770 1740 820; baseline -0.001 -11"><span class='ocrx_word' id='word_1_99' title='bbox 181 770 265 809; x_wconf 86' lang='lat' dir='ltr'><strong>Luc.</strong></span> <span class='ocrx_word' id='word_1_100' title='bbox 277 783 325 809; x_wconf 72' lang='grc' dir='ltr'><strong>ιι.</strong></span> <span class='ocrx_word' id='word_1_101' title='bbox 342 771 578 819; x_wconf 85' lang='lat' dir='ltr'><strong>prodiderunt.</strong></span> <span class='ocrx_word' id='word_1_102' title='bbox 613 771 748 820; x_wconf 84' lang='lat' dir='ltr'><strong>Quippe</strong></span> <span class='ocrx_word' id='word_1_103' title='bbox 763 772 969 809; x_wconf 65' lang='lat' dir='ltr'><strong>nummum</strong></span> <span class='ocrx_word' id='word_1_104' title='bbox 984 771 1070 807; x_wconf 89' lang='lat' dir='ltr'><strong>illud</strong></span> <span class='ocrx_word' id='word_1_105' title='bbox 1083 772 1396 818; x_wconf 87' lang='lat' dir='ltr'><strong>multiplicatorum</strong></span> <span class='ocrx_word' id='word_1_106' title='bbox 1412 784 1544 819; x_wconf 86' lang='lat' dir='ltr'><strong>panum</strong></span> <span class='ocrx_word' id='word_1_107' title='bbox 1560 777 1740 820; x_wconf 86' lang='lat' dir='ltr'><strong>exponunt</strong></span> 
     </span>
     <span class='ocr_line' id='line_1_11' title="bbox 183 828 1739 876; baseline -0.001 -10"><span class='ocrx_word' id='word_1_108' title='bbox 183 828 275 875; x_wconf 82' lang='lat' dir='ltr'><strong>quod</strong></span> <span class='ocrx_word' id='word_1_109' title='bbox 290 828 438 866; x_wconf 85' lang='lat' dir='ltr'><strong>Ioannes</strong></span> <span class='ocrx_word' id='word_1_110' title='bbox 454 829 518 864; x_wconf 87' lang='lat' dir='ltr'><strong>sub</strong></span> <span class='ocrx_word' id='word_1_111' title='bbox 534 829 650 876; x_wconf 85' lang='lat' dir='ltr'><strong>ipsum</strong></span> <span class='ocrx_word' id='word_1_112' title='bbox 665 828 795 876; x_wconf 79' lang='lat' dir='ltr'><strong>pascha</strong></span> <span class='ocrx_word' id='word_1_113' title='bbox 810 829 998 876; x_wconf 74' lang='lat' dir='ltr'><strong>eontigim</strong></span> <span class='ocrx_word' id='word_1_114' title='bbox 1019 828 1150 865; x_wconf 76' lang='lat' dir='ltr'>scribit.</span> <span class='ocrx_word' id='word_1_115' title='bbox 1195 829 1296 864; x_wconf 82' lang='lat' dir='ltr'><strong>Hunc</strong></span> <span class='ocrx_word' id='word_1_116' title='bbox 1320 828 1522 865; x_wconf 83' lang='lat' dir='ltr'><strong>inmodum</strong></span> <span class='ocrx_word' id='word_1_117' title='bbox 1538 841 1616 864; x_wconf 86' lang='lat' dir='ltr'><strong>vere</strong></span> <span class='ocrx_word' id='word_1_118' title='bbox 1633 831 1739 875; x_wconf 78' lang='lat' dir='ltr'><strong>vulgo</strong></span> 
     </span>
     <span class='ocr_line' id='line_1_12' title="bbox 181 883 1739 933; baseline 0.001 -13"><span class='ocrx_word' id='word_1_119' title='bbox 181 883 348 932; x_wconf 79' lang='lat' dir='ltr'><strong>paschata</strong></span> <span class='ocrx_word' id='word_1_120' title='bbox 359 885 538 931; x_wconf 82' lang='lat' dir='ltr'><strong>digerunt,</strong></span> <span class='ocrx_word' id='word_1_121' title='bbox 555 886 615 933; x_wconf 92' lang='lat' dir='ltr'><strong>qui</strong></span> <span class='ocrx_word' id='word_1_122' title='bbox 629 885 829 923; x_wconf 79' lang='lat' dir='ltr'><strong>harmonias</strong></span> <span class='ocrx_word' id='word_1_123' title='bbox 841 885 1061 933; x_wconf 76' lang='lat' dir='ltr'><strong>evangelicas</strong></span> <span class='ocrx_word' id='word_1_124' title='bbox 1077 890 1286 928; x_wconf 83' lang='lat' dir='ltr'><strong>contexunt,</strong></span> <span class='ocrx_word' id='word_1_125' title='bbox 1301 886 1369 921; x_wconf 77' lang='lat' dir='ltr'><strong>nisi</strong></span> <span class='ocrx_word' id='word_1_126' title='bbox 1381 886 1462 932; x_wconf 88' lang='lat' dir='ltr'><strong>quid</strong></span> <span class='ocrx_word' id='word_1_127' title='bbox 1480 887 1584 933; x_wconf 85' lang='lat' dir='ltr'><strong>paulo</strong></span> <span class='ocrx_word' id='word_1_128' title='bbox 1601 888 1644 921; x_wconf 87' lang='lat' dir='ltr'><strong>ab</strong></span> <span class='ocrx_word' id='word_1_129' title='bbox 1662 888 1739 922; x_wconf 85' lang='lat' dir='ltr'><strong>aliis</strong></span> 
     </span>
     <span class='ocr_line' id='line_1_13' title="bbox 181 941 1426 990; baseline 0.001 -14"><span class='ocrx_word' id='word_1_130' title='bbox 181 941 281 980; x_wconf 72' lang='lat' dir='ltr'><strong>aliter</strong></span> <span class='ocrx_word' id='word_1_131' title='bbox 296 942 500 989; x_wconf 78' lang='lat' dir='ltr'><strong>explicatur,</strong></span> <span class='ocrx_word' id='word_1_132' title='bbox 517 942 609 989; x_wconf 88' lang='lat' dir='ltr'><strong>quod</strong></span> <span class='ocrx_word' id='word_1_133' title='bbox 625 943 861 990; x_wconf 73' lang='lat' dir='ltr'><strong>scrupulosius</strong></span> <span class='ocrx_word' id='word_1_134' title='bbox 877 942 1085 990; x_wconf 82' lang='lat' dir='ltr'><strong>perscrutari</strong></span> <span class='ocrx_word' id='word_1_135' title='bbox 1099 943 1253 978; x_wconf 82' lang='lat' dir='ltr'><strong>otiosum</strong></span> <span class='ocrx_word' id='word_1_136' title='bbox 1268 943 1426 978; x_wconf 76' lang='lat' dir='ltr'><strong>arbitror.</strong></span> 
     </span>
    </p>

    <p class='ocr_par' dir='ltr' id='par_1_3' title="bbox 180 998 1739 1275">
     <span class='ocr_line' id='line_1_14' title="bbox 270 998 1739 1047; baseline -0.001 -11"><span class='ocrx_word' id='word_1_137' title='bbox 270 998 318 1036; x_wconf 80' lang='lat' dir='ltr'><strong>At</strong></span> <span class='ocrx_word' id='word_1_138' title='bbox 332 999 490 1046; x_wconf 75' lang='lat' dir='ltr'>Scaliger</span> <span class='ocrx_word' id='word_1_139' title='bbox 505 999 542 1036; x_wconf 89' lang='lat' dir='ltr'><strong>in</strong></span> <span class='ocrx_word' id='word_1_140' title='bbox 557 1000 617 1036; x_wconf 91' lang='lat' dir='ltr'><strong>lib.</strong></span> <span class='ocrx_word' id='word_1_141' title='bbox 631 1011 678 1036; x_wconf 81' lang='lat' dir='ltr'><strong>vr.</strong></span> <span class='ocrx_word' id='word_1_142' title='bbox 697 1000 741 1035; x_wconf 87' lang='lat' dir='ltr'><strong>de</strong></span> <span class='ocrx_word' id='word_1_143' title='bbox 754 999 896 1037; x_wconf 81' lang='lat' dir='ltr'><strong>Emend.</strong></span> <span class='ocrx_word' id='word_1_144' title='bbox 914 1000 1067 1047; x_wconf 83' lang='lat' dir='ltr'><strong>quinque</strong></span> <span class='ocrx_word' id='word_1_145' title='bbox 1082 1000 1224 1046; x_wconf 88' lang='lat' dir='ltr'><strong>reperiri</strong></span> <span class='ocrx_word' id='word_1_146' title='bbox 1238 999 1406 1046; x_wconf 81' lang='lat' dir='ltr'><strong>paschata</strong></span> <span class='ocrx_word' id='word_1_147' title='bbox 1422 999 1660 1035; x_wconf 84' lang='lat' dir='ltr'><strong>vehementius</strong></span> <span class='ocrx_word' id='word_1_148' title='bbox 1677 1013 1739 1047; x_wconf 87' lang='lat' dir='ltr'><strong>pu-</strong></span> 
     </span>
     <span class='ocr_line' id='line_1_15' title="bbox 181 1055 1736 1103; baseline 0.001 -12"><span class='ocrx_word' id='word_1_149' title='bbox 181 1058 278 1102; x_wconf 83' lang='lat' dir='ltr'><strong>gnat.</strong></span> <span class='ocrx_word' id='word_1_150' title='bbox 323 1055 413 1092; x_wconf 87' lang='lat' dir='ltr'><strong>Nam</strong></span> <span class='ocrx_word' id='word_1_151' title='bbox 429 1060 563 1103; x_wconf 69' lang='lat' dir='ltr'><strong>praeter</strong></span> <span class='ocrx_word' id='word_1_152' title='bbox 578 1057 729 1103; x_wconf 83' lang='lat' dir='ltr'><strong>primum</strong></span> <span class='ocrx_word' id='word_1_153' title='bbox 743 1057 862 1094; x_wconf 83' lang='lat' dir='ltr'><strong>Ioann.</strong></span> <span class='ocrx_word' id='word_1_154' title='bbox 875 1069 914 1095; x_wconf 87' lang='lat' dir='ltr'><strong>n.</strong></span> <span class='ocrx_word' id='word_1_155' title='bbox 929 1057 1078 1093; x_wconf 72' lang='lat' dir='ltr'><strong>alterum</strong></span> <span class='ocrx_word' id='word_1_156' title='bbox 1092 1056 1179 1093; x_wconf 83' lang='lat' dir='ltr'><strong>illud</strong></span> <span class='ocrx_word' id='word_1_157' title='bbox 1195 1068 1273 1092; x_wconf 87' lang='lat' dir='ltr'><strong>esse</strong></span> <span class='ocrx_word' id='word_1_158' title='bbox 1289 1057 1410 1092; x_wconf 79' lang='lat' dir='ltr'><strong>statuit</strong></span> <span class='ocrx_word' id='word_1_159' title='bbox 1426 1057 1468 1092; x_wconf 84' lang='lat' dir='ltr'><strong>de</strong></span> <span class='ocrx_word' id='word_1_160' title='bbox 1484 1069 1553 1102; x_wconf 87' lang='lat' dir='ltr'><strong>quo</strong></span> <span class='ocrx_word' id='word_1_161' title='bbox 1571 1057 1690 1093; x_wconf 85' lang='lat' dir='ltr'><strong>loann.</strong></span> <span class='ocrx_word' id='word_1_162' title='bbox 1707 1070 1736 1092; x_wconf 88' lang='lat' dir='ltr'><strong>v.</strong></span> 
     </span>
     <span class='ocr_line' id='line_1_16' title="bbox 182 1110 1738 1161; baseline 0 -14"><span class='ocrx_word' id='word_1_163' title='bbox 182 1110 247 1148; x_wconf 83' lang='lat' dir='ltr'><strong>Oui</strong></span> <span class='ocrx_word' id='word_1_164' title='bbox 262 1113 403 1149; x_wconf 82' lang='lat' dir='ltr'><strong>tertium</strong></span> <span class='ocrx_word' id='word_1_165' title='bbox 418 1113 578 1160; x_wconf 80' lang='lat' dir='ltr'><strong>adiungit</strong></span> <span class='ocrx_word' id='word_1_166' title='bbox 590 1113 676 1150; x_wconf 83' lang='lat' dir='ltr'><strong>illud</strong></span> <span class='ocrx_word' id='word_1_167' title='bbox 691 1125 713 1150; x_wconf 86' lang='lat' dir='ltr'><strong>a</strong></span> <span class='ocrx_word' id='word_1_168' title='bbox 728 1124 797 1161; x_wconf 86' lang='lat' dir='ltr'><strong>quo</strong></span> <span class='ocrx_word' id='word_1_169' title='bbox 813 1125 874 1160; x_wconf 85' lang='lat' dir='ltr'><strong>per</strong></span> <span class='ocrx_word' id='word_1_170' title='bbox 889 1117 966 1149; x_wconf 82' lang='lat' dir='ltr'><strong>sata</strong></span> <span class='ocrx_word' id='word_1_171' title='bbox 981 1113 1047 1149; x_wconf 81' lang='lat' dir='ltr'><strong>iter</strong></span> <span class='ocrx_word' id='word_1_172' title='bbox 1061 1112 1225 1149; x_wconf 85' lang='lat' dir='ltr'><strong>habuisse</strong></span> <span class='ocrx_word' id='word_1_173' title='bbox 1240 1113 1397 1150; x_wconf 73' lang='lat' dir='ltr'><strong>feruntur</strong></span> <span class='ocrx_word' id='word_1_174' title='bbox 1421 1114 1581 1160; x_wconf 83' lang='lat' dir='ltr'><strong>apostoli.</strong></span> <span class='ocrx_word' id='word_1_175' title='bbox 1630 1114 1738 1156; x_wconf 83' lang='lat' dir='ltr'><strong>Quar-</strong></span> 
     </span>
     <span class='ocr_line' id='line_1_17' title="bbox 180 1169 1738 1217; baseline 0 -13"><span class='ocrx_word' id='word_1_176' title='bbox 180 1172 256 1204; x_wconf 88' lang='lat' dir='ltr'><strong>tum</strong></span> <span class='ocrx_word' id='word_1_177' title='bbox 272 1172 327 1204; x_wconf 90' lang='lat' dir='ltr'><strong>est</strong></span> <span class='ocrx_word' id='word_1_178' title='bbox 340 1169 461 1207; x_wconf 82' lang='lat' dir='ltr'><strong>loann.</strong></span> <span class='ocrx_word' id='word_1_179' title='bbox 474 1182 520 1206; x_wconf 83' lang='lat' dir='ltr'><strong>vr.</strong></span> <span class='ocrx_word' id='word_1_180' title='bbox 567 1169 732 1213; x_wconf 85' lang='lat' dir='ltr'><strong>Quintum</strong></span> <span class='ocrx_word' id='word_1_181' title='bbox 756 1169 793 1204; x_wconf 67' lang='grc' dir='ltr'><strong>τὸ</strong></span> <span class='ocrx_word' id='word_1_182' title='bbox 813 1169 1052 1216; x_wconf 80' lang='grc' dir='ltr'>σταυρώσιμον.</span> <span class='ocrx_word' id='word_1_183' title='bbox 1097 1170 1271 1217; x_wconf 82' lang='lat' dir='ltr'><strong>Additque</strong></span> <span class='ocrx_word' id='word_1_184' title='bbox 1287 1171 1507 1216; x_wconf 77' lang='lat' dir='ltr'><strong>singulorum</strong></span> <span class='ocrx_word' id='word_1_185' title='bbox 1523 1169 1738 1205; x_wconf 75' lang='lat' dir='ltr'><strong>characteres</strong></span> 
     </span>
     <span class='ocr_line' id='line_1_18' title="bbox 181 1223 1592 1275; baseline 0.001 -14"><span class='ocrx_word' id='word_1_186' title='bbox 181 1236 222 1260; x_wconf 83' lang='lat' dir='ltr'><strong>ac</strong></span> <span class='ocrx_word' id='word_1_187' title='bbox 238 1226 507 1274; x_wconf 53' lang='lat' dir='ltr'><strong>delineationem</strong></span> <span class='ocrx_word' id='word_1_188' title='bbox 523 1227 623 1263; x_wconf 73' lang='lat' dir='ltr'><strong>cuius</strong></span> <span class='ocrx_word' id='word_1_189' title='bbox 638 1223 868 1275; x_wconf 74' lang='grc' dir='ltr'>ἀκριβολογίας</span> <span class='ocrx_word' id='word_1_190' title='bbox 884 1228 1072 1263; x_wconf 76' lang='lat' dir='ltr'><strong>vanitatem</strong></span> <span class='ocrx_word' id='word_1_191' title='bbox 1088 1227 1227 1274; x_wconf 79' lang='lat' dir='ltr'><strong>copiose</strong></span> <span class='ocrx_word' id='word_1_192' title='bbox 1244 1231 1324 1263; x_wconf 83' lang='lat' dir='ltr'><strong>ante</strong></span> <span class='ocrx_word' id='word_1_193' title='bbox 1339 1228 1592 1273; x_wconf 78' lang='lat' dir='ltr'><strong>redarguimus.</strong></span> 
     </span>
    </p>

    <p class='ocr_par' dir='ltr' id='par_1_4' title="bbox 179 1283 1738 1672">
     <span class='ocr_line' id='line_1_19' title="bbox 271 1283 1737 1331; baseline 0 -12"><span class='ocrx_word' id='word_1_194' title='bbox 271 1283 414 1319; x_wconf 88' lang='lat' dir='ltr'><strong>Veteres</strong></span> <span class='ocrx_word' id='word_1_195' title='bbox 429 1287 562 1327; x_wconf 83' lang='lat' dir='ltr'><strong>autem,</strong></span> <span class='ocrx_word' id='word_1_196' title='bbox 587 1284 637 1319; x_wconf 86' lang='lat' dir='ltr'><strong>uti</strong></span> <span class='ocrx_word' id='word_1_197' title='bbox 652 1284 783 1320; x_wconf 82' lang='lat' dir='ltr'><strong>dictum</strong></span> <span class='ocrx_word' id='word_1_198' title='bbox 799 1287 870 1326; x_wconf 86' lang='lat' dir='ltr'><strong>est,</strong></span> <span class='ocrx_word' id='word_1_199' title='bbox 893 1284 937 1320; x_wconf 75' lang='lat' dir='ltr'><strong>ad</strong></span> <span class='ocrx_word' id='word_1_200' title='bbox 955 1295 1061 1321; x_wconf 85' lang='lat' dir='ltr'><strong>unum</strong></span> <span class='ocrx_word' id='word_1_201' title='bbox 1078 1296 1220 1327; x_wconf 84' lang='lat' dir='ltr'><strong>omnes,</strong></span> <span class='ocrx_word' id='word_1_202' title='bbox 1243 1285 1311 1320; x_wconf 86' lang='lat' dir='ltr'><strong>nisi</strong></span> <span class='ocrx_word' id='word_1_203' title='bbox 1326 1285 1386 1331; x_wconf 88' lang='lat' dir='ltr'><strong>qui</strong></span> <span class='ocrx_word' id='word_1_204' title='bbox 1409 1285 1588 1330; x_wconf 84' lang='lat' dir='ltr'><strong>trigesimo</strong></span> <span class='ocrx_word' id='word_1_205' title='bbox 1613 1285 1737 1319; x_wconf 81' lang='lat' dir='ltr'><strong>aetatis</strong></span> 
     </span>
     <span class='ocr_line' id='line_1_20' title="bbox 180 1341 1737 1388; baseline -0.001 -12"><span class='ocrx_word' id='word_1_206' title='bbox 180 1351 271 1376; x_wconf 87' lang='lat' dir='ltr'><strong>anno</strong></span> <span class='ocrx_word' id='word_1_207' title='bbox 287 1351 431 1387; x_wconf 85' lang='lat' dir='ltr'><strong>passum</strong></span> <span class='ocrx_word' id='word_1_208' title='bbox 446 1344 570 1388; x_wconf 79' lang='lat' dir='ltr'><strong>putant</strong></span> <span class='ocrx_word' id='word_1_209' title='bbox 583 1341 781 1383; x_wconf 83' lang='lat' dir='ltr'><strong>dominum,</strong></span> <span class='ocrx_word' id='word_1_210' title='bbox 796 1341 864 1378; x_wconf 80' lang='lat' dir='ltr'><strong>tria</strong></span> <span class='ocrx_word' id='word_1_211' title='bbox 879 1341 1052 1377; x_wconf 79' lang='lat' dir='ltr'><strong>duntaxat</strong></span> <span class='ocrx_word' id='word_1_212' title='bbox 1066 1341 1233 1388; x_wconf 81' lang='lat' dir='ltr'><strong>paschata</strong></span> <span class='ocrx_word' id='word_1_213' title='bbox 1249 1347 1443 1377; x_wconf 81' lang='lat' dir='ltr'>numerant.</span> <span class='ocrx_word' id='word_1_214' title='bbox 1477 1341 1650 1388; x_wconf 78' lang='lat' dir='ltr'>Imprimis</span> <span class='ocrx_word' id='word_1_215' title='bbox 1668 1342 1737 1376; x_wconf 88' lang='lat' dir='ltr'><strong>lre-</strong></span> 
     </span>
     <span class='ocr_line' id='line_1_21' title="bbox 180 1397 1737 1446; baseline 0 -14"><span class='ocrx_word' id='word_1_216' title='bbox 180 1407 288 1432; x_wconf 83' lang='lat' dir='ltr'><strong>naeus</strong></span> <span class='ocrx_word' id='word_1_217' title='bbox 304 1398 380 1434; x_wconf 84' lang='lat' dir='ltr'><strong>loco</strong></span> <span class='ocrx_word' id='word_1_218' title='bbox 396 1397 512 1435; x_wconf 83' lang='lat' dir='ltr'><strong>citato.</strong></span> <span class='ocrx_word' id='word_1_219' title='bbox 534 1397 624 1435; x_wconf 82' lang='lat' dir='ltr'><strong>Tum</strong></span> <span class='ocrx_word' id='word_1_220' title='bbox 636 1398 844 1445; x_wconf 78' lang='lat' dir='ltr'><strong>Apollinaris</strong></span> <span class='ocrx_word' id='word_1_221' title='bbox 854 1397 961 1435; x_wconf 84' lang='lat' dir='ltr'><strong>Laod.</strong></span> <span class='ocrx_word' id='word_1_222' title='bbox 979 1398 1072 1445; x_wconf 87' lang='lat' dir='ltr'><strong>apud</strong></span> <span class='ocrx_word' id='word_1_223' title='bbox 1087 1398 1227 1435; x_wconf 78' lang='lat' dir='ltr'><strong>Hieron.</strong></span> <span class='ocrx_word' id='word_1_224' title='bbox 1245 1399 1280 1435; x_wconf 89' lang='lat' dir='ltr'><strong>in</strong></span> <span class='ocrx_word' id='word_1_225' title='bbox 1297 1410 1371 1446; x_wconf 85' lang='lat' dir='ltr'><strong>cap.</strong></span> <span class='ocrx_word' id='word_1_226' title='bbox 1385 1411 1432 1434; x_wconf 79' lang='lat' dir='ltr'><strong>rx.</strong></span> <span class='ocrx_word' id='word_1_227' title='bbox 1450 1399 1551 1441; x_wconf 77' lang='lat' dir='ltr'><strong>Dan..</strong></span> <span class='ocrx_word' id='word_1_228' title='bbox 1569 1398 1737 1444; x_wconf 76' lang='lat' dir='ltr'><strong>Origenes</strong></span> 
     </span>
     <span class='ocr_line' id='line_1_22' title="bbox 180 1454 1738 1502; baseline 0.001 -14"><span class='ocrx_word' id='word_1_229' title='bbox 180 1454 239 1491; x_wconf 88' lang='lat' dir='ltr'><strong>lib.</strong></span> <span class='ocrx_word' id='word_1_230' title='bbox 258 1467 297 1490; x_wconf 73' lang='grc' dir='ltr'><strong>ιι.</strong></span> <span class='ocrx_word' id='word_1_231' title='bbox 319 1465 349 1491; x_wconf 90' lang='lat' dir='ltr'><strong>c.</strong></span> <span class='ocrx_word' id='word_1_232' title='bbox 373 1454 463 1491; x_wconf 79' lang='lat' dir='ltr'><strong>Cels.</strong></span> <span class='ocrx_word' id='word_1_233' title='bbox 492 1455 552 1491; x_wconf 86' lang='lat' dir='ltr'><strong>ubi</strong></span> <span class='ocrx_word' id='word_1_234' title='bbox 575 1455 697 1491; x_wconf 88' lang='lat' dir='ltr'><strong>Iudam</strong></span> <span class='ocrx_word' id='word_1_235' title='bbox 721 1466 790 1493; x_wconf 88' lang='lat' dir='ltr'><strong>non</strong></span> <span class='ocrx_word' id='word_1_236' title='bbox 814 1455 965 1491; x_wconf 86' lang='lat' dir='ltr'><strong>solidum</strong></span> <span class='ocrx_word' id='word_1_237' title='bbox 989 1455 1175 1491; x_wconf 84' lang='lat' dir='ltr'><strong>triennium</strong></span> <span class='ocrx_word' id='word_1_238' title='bbox 1200 1456 1316 1502; x_wconf 84' lang='lat' dir='ltr'><strong>egisse</strong></span> <span class='ocrx_word' id='word_1_239' title='bbox 1341 1467 1421 1491; x_wconf 85' lang='lat' dir='ltr'><strong>cum</strong></span> <span class='ocrx_word' id='word_1_240' title='bbox 1445 1455 1582 1491; x_wconf 83' lang='lat' dir='ltr'><strong>Christo</strong></span> <span class='ocrx_word' id='word_1_241' title='bbox 1606 1457 1738 1499; x_wconf 81' lang='lat' dir='ltr'><strong>scribit,</strong></span> 
     </span>
     <span class='ocr_line' id='line_1_23' title="bbox 179 1509 1737 1559; baseline -0.001 -12"><span class='ocrx_word' id='word_1_242' title='bbox 179 1510 349 1548; x_wconf 78' lang='lat' dir='ltr'><strong>Eusebius</strong></span> <span class='ocrx_word' id='word_1_243' title='bbox 371 1511 408 1548; x_wconf 88' lang='lat' dir='ltr'><strong>in</strong></span> <span class='ocrx_word' id='word_1_244' title='bbox 424 1509 605 1554; x_wconf 68' lang='lat' dir='ltr'><strong>Chronico.</strong></span> <span class='ocrx_word' id='word_1_245' title='bbox 653 1511 719 1549; x_wconf 88' lang='lat' dir='ltr'><strong>Ubi</strong></span> <span class='ocrx_word' id='word_1_246' title='bbox 739 1515 821 1559; x_wconf 80' lang='lat' dir='ltr'><strong>post</strong></span> <span class='ocrx_word' id='word_1_247' title='bbox 835 1524 892 1548; x_wconf 80' lang='lat' dir='ltr'><strong>xv.</strong></span> <span class='ocrx_word' id='word_1_248' title='bbox 906 1512 1036 1548; x_wconf 83' lang='lat' dir='ltr'><strong>Tiberii</strong></span> <span class='ocrx_word' id='word_1_249' title='bbox 1057 1523 1098 1548; x_wconf 85' lang='lat' dir='ltr'><strong>ac</strong></span> <span class='ocrx_word' id='word_1_250' title='bbox 1115 1512 1247 1549; x_wconf 87' lang='lat' dir='ltr'><strong>domini</strong></span> <span class='ocrx_word' id='word_1_251' title='bbox 1263 1513 1474 1559; x_wconf 83' lang='lat' dir='ltr'><strong>baptismum</strong></span> <span class='ocrx_word' id='word_1_252' title='bbox 1489 1515 1594 1558; x_wconf 75' lang='grc' dir='ltr'>τριετῆ</span> <span class='ocrx_word' id='word_1_253' title='bbox 1616 1513 1737 1559; x_wconf 72' lang='grc' dir='ltr'>χρόνον</span> 
     </span>
     <span class='ocr_line' id='line_1_24' title="bbox 180 1567 1737 1616; baseline 0 -12"><span class='ocrx_word' id='word_1_254' title='bbox 180 1569 236 1612; x_wconf 82' lang='grc' dir='ltr'><strong>τῆς</strong></span> <span class='ocrx_word' id='word_1_255' title='bbox 252 1567 464 1610; x_wconf 76' lang='grc' dir='ltr'>διδασκαλίας</span> <span class='ocrx_word' id='word_1_256' title='bbox 481 1568 682 1615; x_wconf 77' lang='grc' dir='ltr'>διαγενέσθαι</span> <span class='ocrx_word' id='word_1_257' title='bbox 703 1580 748 1605; x_wconf 84' lang='lat' dir='ltr'><strong>ex</strong></span> <span class='ocrx_word' id='word_1_258' title='bbox 762 1568 906 1605; x_wconf 87' lang='lat' dir='ltr'><strong>Ioannis</strong></span> <span class='ocrx_word' id='word_1_259' title='bbox 929 1569 1110 1615; x_wconf 79' lang='lat' dir='ltr'><strong>evaugelio</strong></span> <span class='ocrx_word' id='word_1_260' title='bbox 1134 1569 1327 1606; x_wconf 83' lang='lat' dir='ltr'><strong>confirmat.</strong></span> <span class='ocrx_word' id='word_1_261' title='bbox 1359 1569 1493 1612; x_wconf 85' lang='lat' dir='ltr'><strong>Quibus</strong></span> <span class='ocrx_word' id='word_1_262' title='bbox 1510 1569 1643 1604; x_wconf 85' lang='lat' dir='ltr'><strong>accedit</strong></span> <span class='ocrx_word' id='word_1_263' title='bbox 1658 1570 1737 1616; x_wconf 86' lang='lat' dir='ltr'><strong>Epi-</strong></span> 
     </span>
     <span class='ocr_line' id='line_1_25' title="bbox 179 1624 338 1672; baseline 0 -12"><span class='ocrx_word' id='word_1_264' title='bbox 179 1624 338 1672; x_wconf 82' lang='lat' dir='ltr'><strong>phanius.</strong></span> 
     </span>
    </p>

    <p class='ocr_par' dir='ltr' id='par_1_5' title="bbox 177 1682 1738 3095">
     <span class='ocr_line' id='line_1_26' title="bbox 271 1682 1736 1730; baseline 0 -12"><span class='ocrx_word' id='word_1_265' title='bbox 271 1682 340 1718; x_wconf 88' lang='lat' dir='ltr'><strong>Sed</strong></span> <span class='ocrx_word' id='word_1_266' title='bbox 355 1694 475 1719; x_wconf 84' lang='lat' dir='ltr'><strong>eorum</strong></span> <span class='ocrx_word' id='word_1_267' title='bbox 492 1683 600 1729; x_wconf 81' lang='lat' dir='ltr'><strong>aliqui</strong></span> <span class='ocrx_word' id='word_1_268' title='bbox 615 1682 708 1720; x_wconf 80' lang='lat' dir='ltr'><strong>haud</strong></span> <span class='ocrx_word' id='word_1_269' title='bbox 724 1684 810 1720; x_wconf 81' lang='lat' dir='ltr'><strong>satis</strong></span> <span class='ocrx_word' id='word_1_270' title='bbox 826 1683 927 1719; x_wconf 84' lang='lat' dir='ltr'><strong>firma</strong></span> <span class='ocrx_word' id='word_1_271' title='bbox 947 1684 1082 1719; x_wconf 85' lang='lat' dir='ltr'><strong>ratione</strong></span> <span class='ocrx_word' id='word_1_272' title='bbox 1106 1683 1239 1719; x_wconf 79' lang='lat' dir='ltr'><strong>inducti</strong></span> <span class='ocrx_word' id='word_1_273' title='bbox 1253 1684 1412 1720; x_wconf 84' lang='lat' dir='ltr'><strong>videntur</strong></span> <span class='ocrx_word' id='word_1_274' title='bbox 1429 1687 1467 1719; x_wconf 87' lang='lat' dir='ltr'><strong>ut</strong></span> <span class='ocrx_word' id='word_1_275' title='bbox 1483 1684 1623 1719; x_wconf 87' lang='lat' dir='ltr'><strong>biennio</strong></span> <span class='ocrx_word' id='word_1_276' title='bbox 1639 1695 1736 1730; x_wconf 85' lang='lat' dir='ltr'><strong>prae-</strong></span> 
     </span>
     <span class='ocr_line' id='line_1_27' title="bbox 180 1738 1738 1788; baseline 0 -13"><span class='ocrx_word' id='word_1_277' title='bbox 180 1739 316 1776; x_wconf 83' lang='lat' dir='ltr'><strong>dicasse</strong></span> <span class='ocrx_word' id='word_1_278' title='bbox 330 1738 506 1777; x_wconf 73' lang='lat' dir='ltr'><strong>Christum</strong></span> <span class='ocrx_word' id='word_1_279' title='bbox 521 1743 771 1777; x_wconf 68' lang='lat' dir='ltr'><strong>asseverarent.</strong></span> <span class='ocrx_word' id='word_1_280' title='bbox 804 1739 976 1776; x_wconf 85' lang='lat' dir='ltr'><strong>Nimirum</strong></span> <span class='ocrx_word' id='word_1_281' title='bbox 992 1740 1085 1787; x_wconf 88' lang='lat' dir='ltr'><strong>quod</strong></span> <span class='ocrx_word' id='word_1_282' title='bbox 1100 1740 1193 1788; x_wconf 84' lang='lat' dir='ltr'><strong>apud</strong></span> <span class='ocrx_word' id='word_1_283' title='bbox 1207 1741 1347 1777; x_wconf 86' lang='lat' dir='ltr'><strong>Esaiam</strong></span> <span class='ocrx_word' id='word_1_284' title='bbox 1363 1752 1437 1788; x_wconf 87' lang='lat' dir='ltr'><strong>cap.</strong></span> <span class='ocrx_word' id='word_1_285' title='bbox 1451 1753 1522 1776; x_wconf 79' lang='lat' dir='ltr'><strong>mu.</strong></span> <span class='ocrx_word' id='word_1_286' title='bbox 1539 1752 1626 1776; x_wconf 77' lang='lat' dir='ltr'><strong>coru.</strong></span> <span class='ocrx_word' id='word_1_287' title='bbox 1640 1741 1672 1776; x_wconf 81' lang='lat'><strong>2.</strong></span> <span class='ocrx_word' id='word_1_288' title='bbox 1691 1742 1738 1775; x_wconf 84' lang='lat' dir='ltr'><strong>le-</strong></span> 
     </span>
     <span class='ocr_line' id='line_1_28' title="bbox 180 1795 1736 1845; baseline -0.001 -13"><span class='ocrx_word' id='word_1_289' title='bbox 180 1797 285 1842; x_wconf 82' lang='lat' dir='ltr'><strong>gitur,</strong></span> <span class='ocrx_word' id='word_1_290' title='bbox 307 1797 368 1833; x_wconf 85' lang='lat' dir='ltr'><strong>ubi</strong></span> <span class='ocrx_word' id='word_1_291' title='bbox 383 1795 539 1833; x_wconf 81' lang='lat' dir='ltr'><strong>Christus</strong></span> <span class='ocrx_word' id='word_1_292' title='bbox 561 1797 709 1834; x_wconf 85' lang='lat' dir='ltr'><strong>missum</strong></span> <span class='ocrx_word' id='word_1_293' title='bbox 731 1809 768 1833; x_wconf 86' lang='lat' dir='ltr'><strong>se</strong></span> <span class='ocrx_word' id='word_1_294' title='bbox 790 1808 813 1833; x_wconf 84' lang='lat' dir='ltr'><strong>a</strong></span> <span class='ocrx_word' id='word_1_295' title='bbox 830 1801 930 1844; x_wconf 84' lang='lat' dir='ltr'><strong>patre</strong></span> <span class='ocrx_word' id='word_1_296' title='bbox 954 1797 1145 1845; x_wconf 83' lang='lat' dir='ltr'><strong>profitetur,</strong></span> <span class='ocrx_word' id='word_1_297' title='bbox 1167 1797 1303 1832; x_wconf 78' lang='grc' dir='ltr'>καλέσαι</span> <span class='ocrx_word' id='word_1_298' title='bbox 1322 1796 1466 1832; x_wconf 72' lang='grc' dir='ltr'>ἐνιαυτὸν</span> <span class='ocrx_word' id='word_1_299' title='bbox 1484 1797 1594 1844; x_wconf 77' lang='grc' dir='ltr'>κυρίου</span> <span class='ocrx_word' id='word_1_300' title='bbox 1611 1798 1736 1843; x_wconf 58' lang='lat' dir='ltr'><strong>barm,</strong></span> 
     </span>
     <span class='ocr_line' id='line_1_29' title="bbox 181 1853 1736 1901; baseline 0.001 -14"><span class='ocrx_word' id='word_1_301' title='bbox 181 1853 233 1888; x_wconf 62' lang='grc' dir='ltr'><strong>καὶ</strong></span> <span class='ocrx_word' id='word_1_302' title='bbox 245 1853 368 1901; x_wconf 77' lang='grc' dir='ltr'>ἡμέραν</span> <span class='ocrx_word' id='word_1_303' title='bbox 380 1853 646 1900; x_wconf 75' lang='grc' dir='ltr'>ἁνταποδόσεως,</span> <span class='ocrx_word' id='word_1_304' title='bbox 663 1854 829 1900; x_wconf 86' lang='lat' dir='ltr'><strong>suspicati</strong></span> <span class='ocrx_word' id='word_1_305' title='bbox 841 1859 924 1891; x_wconf 84' lang='lat' dir='ltr'><strong>sunt</strong></span> <span class='ocrx_word' id='word_1_306' title='bbox 935 1853 1078 1889; x_wconf 72' lang='grc' dir='ltr'>ἐνιαυτὸν</span> <span class='ocrx_word' id='word_1_307' title='bbox 1092 1855 1191 1890; x_wconf 89' lang='lat' dir='ltr'><strong>illum</strong></span> <span class='ocrx_word' id='word_1_308' title='bbox 1204 1854 1329 1899; x_wconf 72' lang='grc' dir='ltr'>δεκτὸν,</span> <span class='ocrx_word' id='word_1_309' title='bbox 1342 1868 1465 1889; x_wconf 76' lang='grc' dir='ltr'><strong>αιυιιιηι</strong></span> <span class='ocrx_word' id='word_1_310' title='bbox 1480 1855 1736 1901; x_wconf 69' lang='lat' dir='ltr'><strong>acceptabilem,</strong></span> 
     </span>
     <span class='ocr_line' id='line_1_30' title="bbox 179 1911 1736 1958; baseline 0 -12"><span class='ocrx_word' id='word_1_311' title='bbox 179 1911 331 1957; x_wconf 86' lang='lat' dir='ltr'><strong>priorem</strong></span> <span class='ocrx_word' id='word_1_312' title='bbox 345 1922 365 1947; x_wconf 89' lang='lat' dir='ltr'><strong>e</strong></span> <span class='ocrx_word' id='word_1_313' title='bbox 381 1911 517 1947; x_wconf 77' lang='lat' dir='ltr'><strong>duobus</strong></span> <span class='ocrx_word' id='word_1_314' title='bbox 533 1922 628 1954; x_wconf 82' lang='lat' dir='ltr'><strong>esse;</strong></span> <span class='ocrx_word' id='word_1_315' title='bbox 643 1911 679 1947; x_wconf 91' lang='lat' dir='ltr'><strong>in</strong></span> <span class='ocrx_word' id='word_1_316' title='bbox 697 1922 766 1958; x_wconf 88' lang='lat' dir='ltr'><strong>quo</strong></span> <span class='ocrx_word' id='word_1_317' title='bbox 783 1911 1038 1947; x_wconf 83' lang='lat' dir='ltr'><strong>contradicente</strong></span> <span class='ocrx_word' id='word_1_318' title='bbox 1055 1911 1192 1947; x_wconf 86' lang='lat' dir='ltr'><strong>nemine</strong></span> <span class='ocrx_word' id='word_1_319' title='bbox 1210 1912 1430 1958; x_wconf 82' lang='lat' dir='ltr'><strong>evangelium</strong></span> <span class='ocrx_word' id='word_1_320' title='bbox 1443 1911 1658 1958; x_wconf 75' lang='lat' dir='ltr'><strong>praedicarit.</strong></span> <span class='ocrx_word' id='word_1_321' title='bbox 1683 1911 1736 1946; x_wconf 85' lang='lat' dir='ltr'><strong>Ex</strong></span> 
     </span>
     <span class='ocr_line' id='line_1_31' title="bbox 180 1966 1736 2016; baseline -0.001 -12"><span class='ocrx_word' id='word_1_322' title='bbox 180 1979 248 2014; x_wconf 84' lang='lat' dir='ltr'><strong>quo</strong></span> <span class='ocrx_word' id='word_1_323' title='bbox 263 1967 460 2004; x_wconf 82' lang='lat' dir='ltr'><strong>ratiocinati</strong></span> <span class='ocrx_word' id='word_1_324' title='bbox 475 1972 558 2005; x_wconf 88' lang='lat' dir='ltr'><strong>sunt</strong></span> <span class='ocrx_word' id='word_1_325' title='bbox 572 1969 722 2004; x_wconf 80' lang='lat' dir='ltr'><strong>alterum</strong></span> <span class='ocrx_word' id='word_1_326' title='bbox 733 1969 765 2004; x_wconf 87' lang='lat' dir='ltr'><strong>ei</strong></span> <span class='ocrx_word' id='word_1_327' title='bbox 777 1968 984 2016; x_wconf 86' lang='lat' dir='ltr'><strong>respondere</strong></span> <span class='ocrx_word' id='word_1_328' title='bbox 997 1967 1053 2002; x_wconf 76' lang='grc' dir='ltr'><strong>τὸν</strong></span> <span class='ocrx_word' id='word_1_329' title='bbox 1067 1966 1324 2014; x_wconf 78' lang='grc' dir='ltr'>ἀντιλεγόμενον.</span> <span class='ocrx_word' id='word_1_330' title='bbox 1349 1969 1401 2004; x_wconf 87' lang='lat' dir='ltr'><strong>Ita</strong></span> <span class='ocrx_word' id='word_1_331' title='bbox 1416 1969 1509 2004; x_wconf 89' lang='lat' dir='ltr'><strong>enim</strong></span> <span class='ocrx_word' id='word_1_332' title='bbox 1522 1967 1736 2015; x_wconf 85' lang='lat' dir='ltr'><strong>Epiphanius</strong></span> 
     </span>
     <span class='ocr_line' id='line_1_32' title="bbox 178 2025 1735 2072; baseline 0 -12"><span class='ocrx_word' id='word_1_333' title='bbox 178 2025 380 2072; x_wconf 77' lang='lat' dir='ltr'><strong>praesertim</strong></span> <span class='ocrx_word' id='word_1_334' title='bbox 395 2036 430 2060; x_wconf 87' lang='lat' dir='ltr'><strong>n.</strong></span> <span class='ocrx_word' id='word_1_335' title='bbox 443 2037 523 2061; x_wconf 84' lang='lat' dir='ltr'><strong>xxv.</strong></span> <span class='ocrx_word' id='word_1_336' title='bbox 551 2025 597 2060; x_wconf 78' lang='lat' dir='ltr'><strong>At</strong></span> <span class='ocrx_word' id='word_1_337' title='bbox 611 2025 717 2072; x_wconf 82' lang='lat' dir='ltr'><strong>longe</strong></span> <span class='ocrx_word' id='word_1_338' title='bbox 732 2025 946 2061; x_wconf 71' lang='lat' dir='ltr'><strong>tolerabilius</strong></span> <span class='ocrx_word' id='word_1_339' title='bbox 963 2037 1040 2061; x_wconf 90' lang='lat' dir='ltr'><strong>meo</strong></span> <span class='ocrx_word' id='word_1_340' title='bbox 1057 2025 1198 2072; x_wconf 87' lang='lat' dir='ltr'><strong>quidem</strong></span> <span class='ocrx_word' id='word_1_341' title='bbox 1213 2026 1340 2061; x_wconf 85' lang='lat' dir='ltr'><strong>iudicio</strong></span> <span class='ocrx_word' id='word_1_342' title='bbox 1358 2025 1466 2062; x_wconf 77' lang='lat' dir='ltr'><strong>olem.</strong></span> <span class='ocrx_word' id='word_1_343' title='bbox 1479 2026 1579 2061; x_wconf 78' lang='lat' dir='ltr'><strong>Alex.</strong></span> <span class='ocrx_word' id='word_1_344' title='bbox 1595 2026 1735 2072; x_wconf 87' lang='lat' dir='ltr'><strong>aliique,</strong></span> 
     </span>
     <span class='ocr_line' id='line_1_33' title="bbox 179 2081 1735 2130; baseline -0.001 -11"><span class='ocrx_word' id='word_1_345' title='bbox 179 2082 238 2128; x_wconf 78' lang='lat' dir='ltr'><strong>qui</strong></span> <span class='ocrx_word' id='word_1_346' title='bbox 253 2092 300 2118; x_wconf 82' lang='lat' dir='ltr'><strong>ex</strong></span> <span class='ocrx_word' id='word_1_347' title='bbox 314 2081 437 2119; x_wconf 71' lang='lat' dir='ltr'><strong>Esaiae</strong></span> <span class='ocrx_word' id='word_1_348' title='bbox 453 2082 566 2118; x_wconf 83' lang='lat' dir='ltr'><strong>verbis</strong></span> <span class='ocrx_word' id='word_1_349' title='bbox 588 2093 629 2118; x_wconf 81' lang='lat' dir='ltr'><strong>ac</strong></span> <span class='ocrx_word' id='word_1_350' title='bbox 649 2082 838 2128; x_wconf 75' lang='lat' dir='ltr'><strong>singularis</strong></span> <span class='ocrx_word' id='word_1_351' title='bbox 861 2082 945 2118; x_wconf 73' lang='lat' dir='ltr'><strong>anni</strong></span> <span class='ocrx_word' id='word_1_352' title='bbox 967 2082 1143 2118; x_wconf 81' lang='lat' dir='ltr'><strong>mentione</strong></span> <span class='ocrx_word' id='word_1_353' title='bbox 1161 2082 1287 2119; x_wconf 79' lang='lat' dir='ltr'><strong>Christi</strong></span> <span class='ocrx_word' id='word_1_354' title='bbox 1309 2083 1602 2130; x_wconf 81' lang='lat' dir='ltr'><strong>praedicationem</strong></span> <span class='ocrx_word' id='word_1_355' title='bbox 1619 2094 1735 2118; x_wconf 86' lang='lat' dir='ltr'><strong>annuo</strong></span> 
     </span>
     <span class='ocr_line' id='line_1_34' title="bbox 177 2137 1735 2187; baseline 0 -13"><span class='ocrx_word' id='word_1_356' title='bbox 177 2138 291 2187; x_wconf 80' lang='lat' dir='ltr'><strong>spatio</strong></span> <span class='ocrx_word' id='word_1_357' title='bbox 306 2138 522 2176; x_wconf 73' lang='lat' dir='ltr'><strong>definierunt.</strong></span> <span class='ocrx_word' id='word_1_358' title='bbox 554 2138 644 2175; x_wconf 77' lang='lat' dir='ltr'><strong>Nam</strong></span> <span class='ocrx_word' id='word_1_359' title='bbox 659 2138 726 2175; x_wconf 85' lang='lat' dir='ltr'><strong>hoc</strong></span> <span class='ocrx_word' id='word_1_360' title='bbox 741 2143 844 2186; x_wconf 76' lang='lat' dir='ltr'><strong>pacto</strong></span> <span class='ocrx_word' id='word_1_361' title='bbox 861 2137 1003 2179; x_wconf 67' lang='grc' dir='ltr'>ἐνιαυτὸς</span> <span class='ocrx_word' id='word_1_362' title='bbox 1021 2139 1133 2181; x_wconf 72' lang='grc' dir='ltr'>δεκτὸς</span> <span class='ocrx_word' id='word_1_363' title='bbox 1148 2151 1222 2175; x_wconf 89' lang='lat' dir='ltr'><strong>non</strong></span> <span class='ocrx_word' id='word_1_364' title='bbox 1236 2140 1442 2176; x_wconf 86' lang='lat' dir='ltr'><strong>Iudaeorum</strong></span> <span class='ocrx_word' id='word_1_365' title='bbox 1465 2141 1735 2187; x_wconf 84' lang='lat' dir='ltr'><strong>comparatione,</strong></span> 
     </span>
     <span class='ocr_line' id='line_1_35' title="bbox 178 2178 1735 2254; baseline 0.001 -24"><span class='ocrx_word' id='word_1_366' title='bbox 178 2195 240 2232; x_wconf 85' lang='lat' dir='ltr'><strong>sed</strong></span> <span class='ocrx_word' id='word_1_367' title='bbox 253 2195 436 2243; x_wconf 79' lang='lat' dir='ltr'><strong>ipsiusmet</strong></span> <span class='ocrx_word' id='word_1_368' title='bbox 450 2195 505 2232; x_wconf 88' lang='lat' dir='ltr'><strong>dei</strong></span> <span class='ocrx_word' id='word_1_369' title='bbox 519 2196 716 2239; x_wconf 79' lang='lat' dir='ltr'><strong>vocabitur3</strong></span> <span class='ocrx_word' id='word_1_370' title='bbox 739 2207 808 2243; x_wconf 84' lang='lat' dir='ltr'><strong>quo</strong></span> <span class='ocrx_word' id='word_1_371' title='bbox 824 2207 931 2232; x_wconf 88' lang='lat' dir='ltr'><strong>sensu</strong></span> <span class='ocrx_word' id='word_1_372' title='bbox 945 2196 1066 2232; x_wconf 76' lang='lat' dir='ltr'><strong>Esaias</strong></span> <span class='ocrx_word' id='word_1_373' title='bbox 1091 2178 1239 2244; x_wconf 52' lang='grc' dir='ltr'><strong>,ἾἯἾΞ</strong></span> <span class='ocrx_word' id='word_1_374' title='bbox 1263 2200 1370 2254; x_wconf 54' lang='grc' dir='ltr'><strong>ἱππ-γ</strong></span> <span class='ocrx_word' id='word_1_375' title='bbox 1395 2202 1490 2239; x_wconf 62' lang='grc' dir='ltr'><strong>1-1ῡηῦ</strong></span> <span class='ocrx_word' id='word_1_376' title='bbox 1514 2197 1612 2233; x_wconf 84' lang='lat' dir='ltr'><strong>dixit.</strong></span> <span class='ocrx_word' id='word_1_377' title='bbox 1641 2196 1735 2238; x_wconf 90' lang='lat' dir='ltr'><strong>Quae</strong></span> 
     </span>
     <span class='ocr_line' id='line_1_36' title="bbox 177 2253 1734 2301; baseline -0.001 -13"><span class='ocrx_word' id='word_1_378' title='bbox 177 2255 269 2289; x_wconf 68' lang='lat' dir='ltr'><strong>recte</strong></span> <span class='ocrx_word' id='word_1_379' title='bbox 283 2253 324 2288; x_wconf 89' lang='lat' dir='ltr'><strong>D.</strong></span> <span class='ocrx_word' id='word_1_380' title='bbox 336 2253 475 2289; x_wconf 84' lang='lat' dir='ltr'><strong>Hieron.</strong></span> <span class='ocrx_word' id='word_1_381' title='bbox 490 2253 608 2295; x_wconf 82' lang='lat' dir='ltr'><strong>vertit,</strong></span> <span class='ocrx_word' id='word_1_382' title='bbox 629 2266 754 2288; x_wconf 74' lang='lat' dir='ltr'><strong>annum</strong></span> <span class='ocrx_word' id='word_1_383' title='bbox 776 2254 1019 2300; x_wconf 77' lang='lat' dir='ltr'><strong>acceptabilem</strong></span> <span class='ocrx_word' id='word_1_384' title='bbox 1036 2255 1179 2289; x_wconf 72' lang='lat' dir='ltr'><strong>domino.</strong></span> <span class='ocrx_word' id='word_1_385' title='bbox 1225 2254 1390 2301; x_wconf 86' lang='lat' dir='ltr'><strong>Idemque</strong></span> <span class='ocrx_word' id='word_1_386' title='bbox 1406 2255 1441 2290; x_wconf 90' lang='lat' dir='ltr'><strong>iu</strong></span> <span class='ocrx_word' id='word_1_387' title='bbox 1459 2254 1593 2290; x_wconf 88' lang='lat' dir='ltr'><strong>Comm.</strong></span> <span class='ocrx_word' id='word_1_388' title='bbox 1612 2267 1734 2288; x_wconf 81' lang='lat' dir='ltr'><strong>annum</strong></span> 
     </span>
     <span class='ocr_line' id='line_1_37' title="bbox 178 2310 1732 2358; baseline 0 -14"><span class='ocrx_word' id='word_1_389' title='bbox 178 2310 421 2357; x_wconf 73' lang='lat' dir='ltr'><strong>acceptabilem</strong></span> <span class='ocrx_word' id='word_1_390' title='bbox 446 2315 480 2346; x_wconf 77' lang='lat' dir='ltr'><strong>et</strong></span> <span class='ocrx_word' id='word_1_391' title='bbox 499 2311 586 2345; x_wconf 71' lang='lat' dir='ltr'><strong>diem</strong></span> <span class='ocrx_word' id='word_1_392' title='bbox 610 2310 840 2346; x_wconf 72' lang='lat' dir='ltr'><strong>retributionis</strong></span> <span class='ocrx_word' id='word_1_393' title='bbox 865 2323 958 2346; x_wconf 80' lang='lat' dir='ltr'><strong>omne</strong></span> <span class='ocrx_word' id='word_1_394' title='bbox 974 2312 1252 2357; x_wconf 70' lang='lat' dir='ltr'><strong>praedicationis</strong></span> <span class='ocrx_word' id='word_1_395' title='bbox 1273 2314 1360 2354; x_wconf 76' lang='lat' dir='ltr'><strong>eius,</strong></span> <span class='ocrx_word' id='word_1_396' title='bbox 1388 2325 1450 2358; x_wconf 81' lang='lat' dir='ltr'><strong>quc</strong></span> <span class='ocrx_word' id='word_1_397' title='bbox 1470 2314 1506 2345; x_wconf 77' lang='lat' dir='ltr'><strong>in</strong></span> <span class='ocrx_word' id='word_1_398' title='bbox 1531 2323 1636 2345; x_wconf 77' lang='lat' dir='ltr'><strong>carne</strong></span> <span class='ocrx_word' id='word_1_399' title='bbox 1659 2323 1732 2344; x_wconf 77' lang='lat' dir='ltr'><strong>ver-</strong></span> 
     </span>
     <span class='ocr_line' id='line_1_38' title="bbox 177 2366 1734 2415; baseline 0 -13"><span class='ocrx_word' id='word_1_400' title='bbox 177 2373 272 2402; x_wconf 66' lang='lat' dir='ltr'><strong>saeue</strong></span> <span class='ocrx_word' id='word_1_401' title='bbox 288 2372 354 2410; x_wconf 73' lang='lat' dir='ltr'><strong>est,</strong></span> <span class='ocrx_word' id='word_1_402' title='bbox 371 2372 496 2414; x_wconf 74' lang='lat' dir='ltr'><strong>tempus</strong></span> <span class='ocrx_word' id='word_1_403' title='bbox 510 2366 709 2414; x_wconf 84' lang='lat' dir='ltr'><strong>significare</strong></span> <span class='ocrx_word' id='word_1_404' title='bbox 726 2367 853 2404; x_wconf 87' lang='lat' dir='ltr'><strong>docuit.</strong></span> <span class='ocrx_word' id='word_1_405' title='bbox 877 2367 952 2410; x_wconf 86' lang='lat' dir='ltr'><strong>Quo</strong></span> <span class='ocrx_word' id='word_1_406' title='bbox 969 2371 1004 2403; x_wconf 88' lang='lat' dir='ltr'><strong>et</strong></span> <span class='ocrx_word' id='word_1_407' title='bbox 1019 2369 1196 2414; x_wconf 83' lang='lat' dir='ltr'><strong>apostolus</strong></span> <span class='ocrx_word' id='word_1_408' title='bbox 1209 2368 1336 2404; x_wconf 89' lang='lat' dir='ltr'><strong>Paulus</strong></span> <span class='ocrx_word' id='word_1_409' title='bbox 1353 2369 1523 2415; x_wconf 82' lang='lat' dir='ltr'><strong>respexit,</strong></span> <span class='ocrx_word' id='word_1_410' title='bbox 1539 2379 1620 2403; x_wconf 86' lang='lat' dir='ltr'><strong>cum</strong></span> <span class='ocrx_word' id='word_1_411' title='bbox 1637 2380 1674 2403; x_wconf 85' lang='lat' dir='ltr'><strong>u.</strong></span> <span class='ocrx_word' id='word_1_412' title='bbox 1690 2368 1734 2402; x_wconf 90' lang='lat' dir='ltr'><strong>ad</strong></span> 
     </span>
     <span class='ocr_line' id='line_1_39' title="bbox 178 2423 1734 2471; baseline 0 -12"><span class='ocrx_word' id='word_1_413' title='bbox 178 2423 256 2461; x_wconf 81' lang='lat' dir='ltr'><strong>Cor.</strong></span> <span class='ocrx_word' id='word_1_414' title='bbox 270 2436 318 2459; x_wconf 76' lang='lat' dir='ltr'><strong>vr.</strong></span> <span class='ocrx_word' id='word_1_415' title='bbox 334 2423 440 2466; x_wconf 80' lang='lat' dir='ltr'><strong>dixit,</strong></span> <span class='ocrx_word' id='word_1_416' title='bbox 463 2436 540 2460; x_wconf 77' lang='lat' dir='ltr'><strong>ecee</strong></span> <span class='ocrx_word' id='word_1_417' title='bbox 561 2436 646 2458; x_wconf 75' lang='lat' dir='ltr'><strong>nunc·</strong></span> <span class='ocrx_word' id='word_1_418' title='bbox 663 2431 790 2470; x_wconf 75' lang='lat' dir='ltr'><strong>tempus</strong></span> <span class='ocrx_word' id='word_1_419' title='bbox 805 2425 1028 2471; x_wconf 73' lang='lat' dir='ltr'><strong>acceptabile.</strong></span> <span class='ocrx_word' id='word_1_420' title='bbox 1059 2425 1152 2460; x_wconf 77' lang='lat' dir='ltr'><strong>Haec</strong></span> <span class='ocrx_word' id='word_1_421' title='bbox 1167 2425 1307 2460; x_wconf 82' lang='lat' dir='ltr'><strong>Hieron.</strong></span> <span class='ocrx_word' id='word_1_422' title='bbox 1338 2425 1438 2467; x_wconf 86' lang='lat' dir='ltr'><strong>Quod</strong></span> <span class='ocrx_word' id='word_1_423' title='bbox 1460 2430 1495 2459; x_wconf 90' lang='lat' dir='ltr'><strong>et</strong></span> <span class='ocrx_word' id='word_1_424' title='bbox 1516 2429 1595 2460; x_wconf 82' lang='lat' dir='ltr'><strong>ante</strong></span> <span class='ocrx_word' id='word_1_425' title='bbox 1618 2425 1734 2471; x_wconf 84' lang='lat' dir='ltr'><strong>ipsum</strong></span> 
     </span>
     <span class='ocr_line' id='line_1_40' title="bbox 177 2480 1733 2528; baseline 0.001 -13"><span class='ocrx_word' id='word_1_426' title='bbox 177 2481 266 2517; x_wconf 83' lang='lat' dir='ltr'><strong>Iren.</strong></span> <span class='ocrx_word' id='word_1_427' title='bbox 287 2480 347 2517; x_wconf 88' lang='lat' dir='ltr'><strong>lib.</strong></span> <span class='ocrx_word' id='word_1_428' title='bbox 359 2493 398 2517; x_wconf 86' lang='lat'><strong>11.</strong></span> <span class='ocrx_word' id='word_1_429' title='bbox 418 2491 493 2528; x_wconf 80' lang='lat' dir='ltr'><strong>cap.</strong></span> <span class='ocrx_word' id='word_1_430' title='bbox 507 2493 656 2517; x_wconf 78' lang='lat' dir='ltr'><strong>xxxvnr.</strong></span> <span class='ocrx_word' id='word_1_431' title='bbox 679 2480 860 2524; x_wconf 78' lang='lat' dir='ltr'><strong>docuerat,</strong></span> <span class='ocrx_word' id='word_1_432' title='bbox 883 2492 1015 2517; x_wconf 87' lang='lat' dir='ltr'><strong>annum</strong></span> <span class='ocrx_word' id='word_1_433' title='bbox 1036 2481 1213 2524; x_wconf 82' lang='lat' dir='ltr'><strong>videlicet,</strong></span> <span class='ocrx_word' id='word_1_434' title='bbox 1235 2493 1339 2528; x_wconf 87' lang='lat' dir='ltr'><strong>quem</strong></span> <span class='ocrx_word' id='word_1_435' title='bbox 1362 2481 1531 2528; x_wconf 88' lang='lat' dir='ltr'><strong>propheta</strong></span> <span class='ocrx_word' id='word_1_436' title='bbox 1552 2486 1654 2517; x_wconf 82' lang='lat' dir='ltr'><strong>vocat</strong></span> <span class='ocrx_word' id='word_1_437' title='bbox 1676 2493 1733 2517; x_wconf 88' lang='lat' dir='ltr'><strong>ac-</strong></span> 
     </span>
     <span class='ocr_line' id='line_1_41' title="bbox 178 2537 1733 2585; baseline 0 -11"><span class='ocrx_word' id='word_1_438' title='bbox 178 2537 402 2585; x_wconf 78' lang='lat' dir='ltr'><strong>ceptabilem,</strong></span> <span class='ocrx_word' id='word_1_439' title='bbox 422 2549 527 2574; x_wconf 85' lang='lat' dir='ltr'><strong>omno</strong></span> <span class='ocrx_word' id='word_1_440' title='bbox 548 2537 593 2572; x_wconf 82' lang='lat' dir='ltr'><strong>ab</strong></span> <span class='ocrx_word' id='word_1_441' title='bbox 617 2537 768 2574; x_wconf 85' lang='lat' dir='ltr'><strong>adventu</strong></span> <span class='ocrx_word' id='word_1_442' title='bbox 785 2537 912 2574; x_wconf 79' lang='lat' dir='ltr'><strong>Christi</strong></span> <span class='ocrx_word' id='word_1_443' title='bbox 924 2542 1064 2585; x_wconf 87' lang='lat' dir='ltr'><strong>tempus</strong></span> <span class='ocrx_word' id='word_1_444' title='bbox 1080 2539 1124 2573; x_wconf 84' lang='lat' dir='ltr'><strong>ad</strong></span> <span class='ocrx_word' id='word_1_445' title='bbox 1140 2539 1479 2574; x_wconf 79' lang='lat' dir='ltr'><strong>consummationem</strong></span> <span class='ocrx_word' id='word_1_446' title='bbox 1494 2549 1605 2585; x_wconf 89' lang='lat' dir='ltr'><strong>usque</strong></span> <span class='ocrx_word' id='word_1_447' title='bbox 1624 2539 1733 2584; x_wconf 87' lang='lat' dir='ltr'><strong>signi-</strong></span> 
     </span>
     <span class='ocr_line' id='line_1_42' title="bbox 177 2593 1733 2642; baseline -0.001 -11"><span class='ocrx_word' id='word_1_448' title='bbox 177 2593 291 2631; x_wconf 72' lang='lat' dir='ltr'><strong>fimo:</strong></span> <span class='ocrx_word' id='word_1_449' title='bbox 338 2594 410 2631; x_wconf 85' lang='lat' dir='ltr'><strong>Nec</strong></span> <span class='ocrx_word' id='word_1_450' title='bbox 431 2595 526 2632; x_wconf 85' lang='lat' dir='ltr'><strong>aliud</strong></span> <span class='ocrx_word' id='word_1_451' title='bbox 547 2594 668 2630; x_wconf 83' lang='lat' dir='ltr'><strong>Esaias</strong></span> <span class='ocrx_word' id='word_1_452' title='bbox 685 2595 805 2630; x_wconf 72' lang='lat' dir='ltr'><strong>voluit.</strong></span> <span class='ocrx_word' id='word_1_453' title='bbox 852 2593 964 2636; x_wconf 84' lang='lat' dir='ltr'><strong>Quare</strong></span> <span class='ocrx_word' id='word_1_454' title='bbox 981 2595 1073 2641; x_wconf 86' lang='lat' dir='ltr'><strong>quod</strong></span> <span class='ocrx_word' id='word_1_455' title='bbox 1089 2606 1133 2630; x_wconf 87' lang='lat' dir='ltr'><strong>ex</strong></span> <span class='ocrx_word' id='word_1_456' title='bbox 1150 2606 1191 2630; x_wconf 88' lang='lat' dir='ltr'><strong>eo</strong></span> <span class='ocrx_word' id='word_1_457' title='bbox 1206 2595 1270 2632; x_wconf 85' lang='lat' dir='ltr'><strong>PP.</strong></span> <span class='ocrx_word' id='word_1_458' title='bbox 1288 2595 1428 2641; x_wconf 79' lang='lat' dir='ltr'><strong>quidam</strong></span> <span class='ocrx_word' id='word_1_459' title='bbox 1445 2599 1733 2642; x_wconf 82' lang='lat' dir='ltr'><strong>argumentantur</strong></span> 
     </span>
     <span class='ocr_line' id='line_1_43' title="bbox 179 2650 1733 2698; baseline 0.001 -12"><span class='ocrx_word' id='word_1_460' title='bbox 179 2650 221 2687; x_wconf 83' lang='lat' dir='ltr'><strong>de</strong></span> <span class='ocrx_word' id='word_1_461' title='bbox 234 2658 305 2688; x_wconf 88' lang='lat' dir='ltr'><strong>uno</strong></span> <span class='ocrx_word' id='word_1_462' title='bbox 321 2652 376 2687; x_wconf 75' lang='lat' dir='ltr'><strong>vel</strong></span> <span class='ocrx_word' id='word_1_463' title='bbox 392 2652 499 2688; x_wconf 83' lang='lat' dir='ltr'><strong>altero</strong></span> <span class='ocrx_word' id='word_1_464' title='bbox 519 2650 784 2698; x_wconf 85' lang='lat' dir='ltr'><strong>praedicationis</strong></span> <span class='ocrx_word' id='word_1_465' title='bbox 805 2662 914 2694; x_wconf 86' lang='lat' dir='ltr'><strong>anno,</strong></span> <span class='ocrx_word' id='word_1_466' title='bbox 937 2651 1029 2697; x_wconf 81' lang='lat' dir='ltr'><strong>quod</strong></span> <span class='ocrx_word' id='word_1_467' title='bbox 1050 2663 1121 2687; x_wconf 87' lang='lat' dir='ltr'><strong>non</strong></span> <span class='ocrx_word' id='word_1_468' title='bbox 1144 2652 1219 2687; x_wconf 82' lang='lat' dir='ltr'><strong>sine</strong></span> <span class='ocrx_word' id='word_1_469' title='bbox 1235 2652 1358 2686; x_wconf 84' lang='lat' dir='ltr'><strong>veniae</strong></span> <span class='ocrx_word' id='word_1_470' title='bbox 1374 2652 1588 2698; x_wconf 82' lang='lat' dir='ltr'><strong>praefatione</strong></span> <span class='ocrx_word' id='word_1_471' title='bbox 1603 2652 1733 2688; x_wconf 87' lang='lat' dir='ltr'><strong>dictum</strong></span> 
     </span>
     <span class='ocr_line' id='line_1_44' title="bbox 180 2707 1731 2755; baseline 0.001 -12"><span class='ocrx_word' id='word_1_472' title='bbox 180 2707 242 2752; x_wconf 74' lang='lat' dir='ltr'><strong>sit,</strong></span> <span class='ocrx_word' id='word_1_473' title='bbox 262 2708 307 2744; x_wconf 68' lang='lat' dir='ltr'><strong>ab</strong></span> <span class='ocrx_word' id='word_1_474' title='bbox 324 2707 450 2745; x_wconf 84' lang='lat' dir='ltr'><strong>Esaiae</strong></span> <span class='ocrx_word' id='word_1_475' title='bbox 465 2712 580 2745; x_wconf 85' lang='lat' dir='ltr'><strong>mente</strong></span> <span class='ocrx_word' id='word_1_476' title='bbox 597 2719 738 2755; x_wconf 89' lang='lat' dir='ltr'><strong>prorsus</strong></span> <span class='ocrx_word' id='word_1_477' title='bbox 754 2708 906 2743; x_wconf 79' lang='lat' dir='ltr'><strong>alienum</strong></span> <span class='ocrx_word' id='word_1_478' title='bbox 922 2708 1068 2743; x_wconf 85' lang='lat' dir='ltr'><strong>videtur.</strong></span> <span class='ocrx_word' id='word_1_479' title='bbox 1098 2709 1147 2744; x_wconf 85' lang='lat' dir='ltr'><strong>Ac</strong></span> <span class='ocrx_word' id='word_1_480' title='bbox 1163 2707 1317 2754; x_wconf 78' lang='lat' dir='ltr'><strong>profecto</strong></span> <span class='ocrx_word' id='word_1_481' title='bbox 1334 2709 1364 2742; x_wconf 85' lang='lat' dir='ltr'><strong>si</strong></span> <span class='ocrx_word' id='word_1_482' title='bbox 1381 2709 1448 2744; x_wconf 89' lang='lat' dir='ltr'><strong>duo</strong></span> <span class='ocrx_word' id='word_1_483' title='bbox 1465 2709 1636 2744; x_wconf 81' lang='lat' dir='ltr'><strong>duntaxat</strong></span> <span class='ocrx_word' id='word_1_484' title='bbox 1650 2714 1731 2745; x_wconf 84' lang='lat' dir='ltr'><strong>ante</strong></span> 
     </span>
     <span class='ocr_line' id='line_1_45' title="bbox 179 2763 1733 2813; baseline 0.001 -13"><span class='ocrx_word' id='word_1_485' title='bbox 179 2766 392 2810; x_wconf 70' lang='lat' dir='ltr'><strong>postcomm</strong></span> <span class='ocrx_word' id='word_1_486' title='bbox 411 2765 497 2803; x_wconf 76' lang='lat' dir='ltr'><strong>illud</strong></span> <span class='ocrx_word' id='word_1_487' title='bbox 521 2769 556 2801; x_wconf 86' lang='lat' dir='ltr'><strong>ot</strong></span> <span class='ocrx_word' id='word_1_488' title='bbox 578 2765 806 2811; x_wconf 81' lang='grc' dir='ltr'>σταυρώσιμον</span> <span class='ocrx_word' id='word_1_489' title='bbox 821 2763 989 2811; x_wconf 86' lang='lat' dir='ltr'><strong>paschata</strong></span> <span class='ocrx_word' id='word_1_490' title='bbox 1010 2765 1218 2811; x_wconf 83' lang='lat' dir='ltr'><strong>transegerit</strong></span> <span class='ocrx_word' id='word_1_491' title='bbox 1233 2764 1407 2808; x_wconf 86' lang='lat' dir='ltr'><strong>Christus,</strong></span> <span class='ocrx_word' id='word_1_492' title='bbox 1429 2765 1506 2801; x_wconf 87' lang='lat' dir='ltr'><strong>fieri</strong></span> <span class='ocrx_word' id='word_1_493' title='bbox 1525 2778 1595 2802; x_wconf 90' lang='lat' dir='ltr'><strong>non</strong></span> <span class='ocrx_word' id='word_1_494' title='bbox 1618 2771 1733 2813; x_wconf 85' lang='lat' dir='ltr'><strong>potest</strong></span> 
     </span>
     <span class='ocr_line' id='line_1_46' title="bbox 180 2820 1730 2870; baseline 0.002 -15"><span class='ocrx_word' id='word_1_495' title='bbox 180 2825 219 2855; x_wconf 89' lang='lat' dir='ltr'><strong>ut</strong></span> <span class='ocrx_word' id='word_1_496' title='bbox 232 2821 382 2867; x_wconf 80' lang='lat' dir='ltr'><strong>priorem</strong></span> <span class='ocrx_word' id='word_1_497' title='bbox 392 2832 527 2865; x_wconf 74' lang='lat' dir='ltr'><strong>annum</strong></span> <span class='ocrx_word' id='word_1_498' title='bbox 543 2823 618 2858; x_wconf 88' lang='lat' dir='ltr'><strong>sine</strong></span> <span class='ocrx_word' id='word_1_499' title='bbox 635 2822 738 2857; x_wconf 86' lang='lat' dir='ltr'><strong>ullius</strong></span> <span class='ocrx_word' id='word_1_500' title='bbox 756 2820 946 2856; x_wconf 79' lang='lat' dir='ltr'><strong>offensione</strong></span> <span class='ocrx_word' id='word_1_501' title='bbox 963 2832 1004 2856; x_wconf 83' lang='lat' dir='ltr'><strong>ac</strong></span> <span class='ocrx_word' id='word_1_502' title='bbox 1021 2821 1288 2857; x_wconf 84' lang='lat' dir='ltr'><strong>contradictione</strong></span> <span class='ocrx_word' id='word_1_503' title='bbox 1305 2824 1566 2870; x_wconf 82' lang='lat' dir='ltr'><strong>consumpserit.</strong></span> <span class='ocrx_word' id='word_1_504' title='bbox 1602 2825 1730 2858; x_wconf 81' lang='lat' dir='ltr'><strong>Multas</strong></span> 
     </span>
     <span class='ocr_line' id='line_1_47' title="bbox 180 2875 1729 2921; baseline 0.003 -10"><span class='ocrx_word' id='word_1_505' title='bbox 180 2877 274 2912; x_wconf 88' lang='lat' dir='ltr'><strong>enim</strong></span> <span class='ocrx_word' id='word_1_506' title='bbox 295 2880 331 2912; x_wconf 85' lang='lat' dir='ltr'><strong>et</strong></span> <span class='ocrx_word' id='word_1_507' title='bbox 338 2875 486 2915; x_wconf 79' lang='lat' dir='ltr'><strong>hostiles</strong></span> <span class='ocrx_word' id='word_1_508' title='bbox 495 2879 699 2915; x_wconf 80' lang='lat' dir='ltr'><strong>vexationes</strong></span> <span class='ocrx_word' id='word_1_509' title='bbox 709 2905 717 2921; x_wconf 86' lang='lat'><strong>,</strong></span> <span class='ocrx_word' id='word_1_510' title='bbox 739 2878 900 2920; x_wconf 87' lang='lat' dir='ltr'><strong>insidias,</strong></span> <span class='ocrx_word' id='word_1_511' title='bbox 922 2879 1150 2914; x_wconf 85' lang='lat' dir='ltr'><strong>contumelias</strong></span> <span class='ocrx_word' id='word_1_512' title='bbox 1163 2879 1198 2913; x_wconf 89' lang='lat' dir='ltr'><strong>in</strong></span> <span class='ocrx_word' id='word_1_513' title='bbox 1211 2890 1290 2913; x_wconf 90' lang='lat' dir='ltr'><strong>eum</strong></span> <span class='ocrx_word' id='word_1_514' title='bbox 1303 2890 1433 2916; x_wconf 87' lang='lat' dir='ltr'><strong>annum</strong></span> <span class='ocrx_word' id='word_1_515' title='bbox 1449 2881 1574 2915; x_wconf 89' lang='lat' dir='ltr'><strong>coniici</strong></span> <span class='ocrx_word' id='word_1_516' title='bbox 1588 2892 1729 2916; x_wconf 86' lang='lat' dir='ltr'><strong>necesse</strong></span> 
     </span>
     <span class='ocr_line' id='line_1_48' title="bbox 181 2934 1730 2984; baseline 0.003 -16"><span class='ocrx_word' id='word_1_517' title='bbox 181 2938 252 2977; x_wconf 77' lang='lat' dir='ltr'><strong>est,</strong></span> <span class='ocrx_word' id='word_1_518' title='bbox 268 2937 307 2968; x_wconf 89' lang='lat' dir='ltr'><strong>ut</strong></span> <span class='ocrx_word' id='word_1_519' title='bbox 318 2937 446 2980; x_wconf 72' lang='lat' dir='ltr'><strong>postea</strong></span> <span class='ocrx_word' id='word_1_520' title='bbox 457 2935 696 2973; x_wconf 82' lang='lat' dir='ltr'><strong>declarabitur.</strong></span> <span class='ocrx_word' id='word_1_521' title='bbox 744 2934 951 2981; x_wconf 84' lang='lat' dir='ltr'><strong>Quanquam</strong></span> <span class='ocrx_word' id='word_1_522' title='bbox 970 2946 1014 2970; x_wconf 87' lang='lat' dir='ltr'><strong>ne</strong></span> <span class='ocrx_word' id='word_1_523' title='bbox 1030 2935 1212 2972; x_wconf 85' lang='lat' dir='ltr'><strong>commoda</strong></span> <span class='ocrx_word' id='word_1_524' title='bbox 1229 2936 1366 2982; x_wconf 86' lang='lat' dir='ltr'><strong>quidem</strong></span> <span class='ocrx_word' id='word_1_525' title='bbox 1380 2937 1426 2972; x_wconf 91' lang='lat' dir='ltr'><strong>ab</strong></span> <span class='ocrx_word' id='word_1_526' title='bbox 1442 2937 1510 2973; x_wconf 84' lang='lat' dir='ltr'><strong>illis</strong></span> <span class='ocrx_word' id='word_1_527' title='bbox 1525 2936 1730 2984; x_wconf 83' lang='lat' dir='ltr'><strong>paschatum</strong></span> 
     </span>
     <span class='ocr_line' id='line_1_49' title="bbox 181 2991 1727 3039; baseline 0.003 -15"><span class='ocrx_word' id='word_1_528' title='bbox 181 3001 222 3024; x_wconf 85' lang='lat' dir='ltr'><strong>ac</strong></span> <span class='ocrx_word' id='word_1_529' title='bbox 236 2995 430 3037; x_wconf 83' lang='lat' dir='ltr'><strong>temporum</strong></span> <span class='ocrx_word' id='word_1_530' title='bbox 444 2992 604 3029; x_wconf 74' lang='lat' dir='ltr'><strong>instituta</strong></span> <span class='ocrx_word' id='word_1_531' title='bbox 625 2992 832 3028; x_wconf 82' lang='lat' dir='ltr'><strong>distributio.</strong></span> <span class='ocrx_word' id='word_1_532' title='bbox 875 2991 1038 3027; x_wconf 83' lang='lat' dir='ltr'><strong>Irenaeus</strong></span> <span class='ocrx_word' id='word_1_533' title='bbox 1060 2992 1211 3038; x_wconf 86' lang='lat' dir='ltr'><strong>primum</strong></span> <span class='ocrx_word' id='word_1_534' title='bbox 1230 2992 1361 3039; x_wconf 84' lang='lat' dir='ltr'><strong>pascha</strong></span> <span class='ocrx_word' id='word_1_535' title='bbox 1382 2994 1503 3029; x_wconf 87' lang='lat' dir='ltr'><strong>statuit</strong></span> <span class='ocrx_word' id='word_1_536' title='bbox 1522 2995 1607 3029; x_wconf 86' lang='lat' dir='ltr'><strong>illud</strong></span> <span class='ocrx_word' id='word_1_537' title='bbox 1630 2996 1727 3029; x_wconf 87' lang='lat' dir='ltr'><strong>cuius</strong></span> 
     </span>
     <span class='ocr_line' id='line_1_50' title="bbox 181 3046 1728 3095; baseline 0.003 -14"><span class='ocrx_word' id='word_1_538' title='bbox 181 3046 340 3082; x_wconf 85' lang='lat' dir='ltr'><strong>meminit</strong></span> <span class='ocrx_word' id='word_1_539' title='bbox 360 3046 478 3083; x_wconf 79' lang='lat' dir='ltr'><strong>Ioann.</strong></span> <span class='ocrx_word' id='word_1_540' title='bbox 495 3059 569 3095; x_wconf 86' lang='lat' dir='ltr'><strong>cap.</strong></span> <span class='ocrx_word' id='word_1_541' title='bbox 587 3061 622 3084; x_wconf 86' lang='lat'><strong>11.</strong></span> <span class='ocrx_word' id='word_1_542' title='bbox 638 3060 726 3084; x_wconf 86' lang='lat' dir='ltr'><strong>com.</strong></span> <span class='ocrx_word' id='word_1_543' title='bbox 745 3047 796 3084; x_wconf 86' lang='lat'><strong>13.</strong></span> <span class='ocrx_word' id='word_1_544' title='bbox 846 3047 1044 3083; x_wconf 83' lang='lat' dir='ltr'><strong>Secundum</strong></span> <span class='ocrx_word' id='word_1_545' title='bbox 1066 3060 1146 3084; x_wconf 74' lang='lat' dir='ltr'><strong>vero</strong></span> <span class='ocrx_word' id='word_1_546' title='bbox 1170 3061 1214 3084; x_wconf 83' lang='lat' dir='ltr'><strong>ex</strong></span> <span class='ocrx_word' id='word_1_547' title='bbox 1237 3049 1353 3086; x_wconf 87' lang='lat' dir='ltr'><strong>loann.</strong></span> <span class='ocrx_word' id='word_1_548' title='bbox 1367 3062 1400 3085; x_wconf 86' lang='lat' dir='ltr'><strong>v.</strong></span> <span class='ocrx_word' id='word_1_549' title='bbox 1423 3061 1511 3087; x_wconf 90' lang='lat' dir='ltr'><strong>com.</strong></span> <span class='ocrx_word' id='word_1_550' title='bbox 1527 3051 1557 3087; x_wconf 88' lang='lat'><strong>1.</strong></span> <span class='ocrx_word' id='word_1_551' title='bbox 1582 3051 1728 3093; x_wconf 86' lang='lat' dir='ltr'><strong>deducit,</strong></span> 
     </span>
    </p>
   </div>
   <div class='ocr_carea' id='block_1_3' title="bbox 1790 2324 1869 2349">
    <p class='ocr_par' dir='ltr' id='par_1_6' title="bbox 1790 2324 1869 2349">
     <span class='ocr_line' id='line_1_51' title="bbox 1790 2324 1869 2349; baseline -0.013 0"><span class='ocrx_word' id='word_1_552' title='bbox 1790 2343 1796 2349; x_wconf 87' lang='lat'><strong>.</strong></span> <span class='ocrx_word' id='word_1_553' title='bbox 1810 2324 1869 2348; x_wconf 71' lang='lat'><strong>205.</strong></span> 
     </span>
    </p>
   </div>
  </div>
 </body>
</html>
