2008 3294
1584 219 1712 257 xovn

157 325 238 370 erit,
255 324 339 362 solis
354 337 388 362 x.
398 352 407 369 ‚
423 325 528 362 lunae
543 338 600 369 11.,
616 324 734 363 indict.
753 337 799 362 tv.
829 323 965 361 Natalis
980 335 1063 360 vero
1081 324 1209 360 Christi
1224 325 1308 360 solis
1324 336 1392 367 1¹.,
1411 324 1516 359 lunae
1532 336 1558 360 x.
1569 349 1578 366 ,
1593 323 1711 358 indict.

156 383 270 420 anal.
287 383 445 426 Ian-'ms
463 382 542 418 Non
563 386 681 430 potest
701 386 821 419 autem
839 381 966 428 triplex
987 380 1044 416 hic
1065 386 1262 428 postremus
1285 381 1463 417 character
1484 381 1585 417 alteri
1606 391 1712 427 quam

155 450 237 477 xuv.
261 439 396 476 Iuliano
418 440 543 483 tribui,
568 439 704 487 Olymp.
722 449 841 476 cxorv.
864 449 956 474 anuo
972 449 1019 473 ιν.
1042 439 1199 482 labente,
1224 438 1326 474 Urbis
1350 439 1483 474 Romae
1505 449 1527 473 a
1544 437 1712 473 Palilibus

154 497 379 533 Vsrronianis
390 506 540 535 uocum.
549 522 558 539 ‚
574 497 608 532 id
622 497 732 544 quod,
749 497 779 532 si
795 499 886 532 recte
901 495 1082 542 superiora
1092 496 1208 542 posite.
1219 499 1317 538 sunt,
1333 495 1529 531 necessario
1545 495 1712 542 sequitur.

154 554 394 590 Praetermitto
418 553 541 589 sideris
563 555 741 601 utriusque
764 551 974 590 defectiones
1003 562 1045 587 ac
1067 552 1220 598 reliquos
1242 563 1415 588 annorum
1435 551 1652 588 characteres
1672 562 1714 587 ac

154 614 274 654 netes,
298 611 424 658 quibus
439 611 536 647 velut
553 610 763 647 firmissimis
786 609 968 658 praesidiis
987 613 1185 656 temporum
1206 608 1292 644 haec
1308 610 1465 645 doctrine.
1479 610 1650 652 munitur;
1671 609 1714 644 de

155 668 282 714 quibus
296 667 471 715 plerisque
486 667 552 703 hac
568 671 774 715 tempestate
790 667 890 704 docte
905 670 1095 713 accuteque
1111 665 1335 713 scripserunt.

246 725 297 761 Ac
311 725 355 760 de
369 725 478 772 cyclis
498 729 536 760 et
548 725 583 760 id
600 735 712 771 genus
727 725 805 760 aliis
825 724 1039 760 mentionem
1057 722 1123 758 hoc
1145 723 1222 758 loco
1246 735 1291 758 ne
1307 724 1408 759 litera
1422 725 1562 771 quidem
1578 725 1713 771 attigis-

155 791 228 817 sem
237 806 247 826 ‚
261 781 332 818 nisi
343 791 365 818 a
375 782 554 818 nonnullis
564 785 678 817 totum
689 781 756 817 hoc
766 781 949 828 negotium
959 780 1149 827 improbari
1160 791 1337 816 cernerem
1344 807 1354 823 ,
1370 791 1411 816 sc
1426 786 1596 828 tanquam
1610 782 1713 818 inane

154 842 261 885 atque
275 839 428 875 otiosum
444 839 556 874 rideri.
587 839 668 875 Vidi
688 849 755 885 ego
776 849 888 886 nuper
911 838 971 885 qui
991 837 1073 874 huic
1093 836 1256 872 methodo
1272 838 1409 884 pondus
1426 849 1466 872 ac
1481 839 1586 874 fidem
1602 839 1645 874 iis
1660 849 1714 874 ra-

153 896 308 934 tionibus
322 895 530 932 detraheret.
561 896 716 932 Primum
731 896 908 942 cyclorum
922 895 1092 931 incertam
1113 895 1231 930 aiebat
1251 905 1328 929 esse
1351 895 1630 942 dispositionem,
1653 907 1715 931 ue·

154 962 223 999 que
245 963 446 1000 quenquam
467 963 578 989 unum
600 964 681 988 cum
702 954 812 989 altero
833 953 1034 988 convenire:
1059 951 1152 999 quod
1171 951 1235 987 alii
1253 952 1324 987 alio
1340 952 1425 987 solis
1441 963 1481 987 ac
1496 954 1600 988 lunae
1615 954 1714 999 cyclo

152 1009 364 1047 fabricatum
378 1011 487 1047 velint
502 1011 713 1047 universum.
736 1009 807 1046 Sed
818 1009 899 1045 huic
914 1009 1017 1045 facile
1031 1019 1054 1045 a
1068 1009 1171 1045 uobis
1188 1009 1388 1045 occurritur.
1413 1009 1523 1045 Nemo
1541 1015 1594 1045 est
1609 1011 1714 1053 enim,

154 1067 216 1113 qui
231 1066 377 1114 quidem
387 1067 456 1104 duo
472 1078 512 1103 ac
528 1068 596 1103 tria
610 1077 794 1103 numerare
807 1067 928 1114 possit,
943 1066 1056 1113 quiin
1069 1066 1289 1112 Dionysiana
1304 1066 1511 1113 vulgarique
1527 1068 1641 1103 forma
1655 1077 1714 1114 cy-

154 1124 227 1160 clos
243 1124 343 1160 aliter
357 1128 541 1172 computet
553 1135 659 1171 quam
675 1124 788 1171 quivis
810 1135 830 1160 e
844 1124 963 1171 vulgo.
1009 1123 1128 1159 Potest
1149 1123 1289 1170 quidem
1312 1124 1350 1159 iu
1373 1134 1562 1167 annorum,
1586 1125 1647 1171 qni
1669 1125 1714 1159 ab

154 1181 238 1218 orbe
250 1181 392 1218 condito
408 1181 561 1225 fluxere,
584 1192 728 1217 numero
751 1182 838 1217 ulter
861 1181 905 1216 ab
928 1181 1037 1216 altero
1054 1180 1248 1218 dissentire.
1282 1181 1352 1216 Sed
1374 1182 1435 1228 qui
1450 1181 1492 1216 de
1509 1182 1611 1216 aunis
1626 1182 1715 1217 inter

153 1249 194 1274 se
208 1239 449 1283 convenerint,
464 1238 502 1274 in
518 1239 642 1285 cyclis,
664 1238 735 1274 nisi
747 1238 898 1286 pecudes
914 1238 1002 1281 siut,
1025 1238 1234 1274 convenient
1248 1248 1391 1273 necesse
1407 1242 1472 1275 est.
1504 1238 1618 1274 Habet
1632 1249 1714 1274 vero

153 1305 324 1343 magnum
338 1306 381 1332 ea
395 1306 450 1332 res
467 1295 512 1331 ad
527 1306 638 1332 anuos
653 1295 863 1332 evolvendos
879 1306 982 1331 usum
1006 1299 1043 1331 et
1064 1295 1380 1342 opportunitatem,
1402 1299 1443 1330 ut
1464 1306 1486 1330 n
1508 1297 1621 1343 teipso
1643 1307 1714 1332 non

154 1352 323 1389 dissideas
331 1379 341 1397 ‚
360 1357 398 1388 ut
412 1363 585 1389 annorum
595 1353 798 1395 varietates,
815 1363 904 1400 quae
916 1356 1001 1388 sunt
1009 1363 1073 1400 pro
1084 1353 1268 1389 nationum
1280 1351 1479 1388 diversitate
1495 1353 1715 1400 multiplices,

153 1414 286 1446 certam
301 1410 344 1446 ad
358 1411 519 1457 regulam
535 1420 767 1457 nomenque
791 1410 940 1457 dirigas,
961 1413 1002 1445 ut
1021 1410 1067 1445 ab
1089 1410 1332 1447 astronomicis
1355 1410 1656 1446 observationibus
1678 1412 1715 1446 in

153 1467 393 1517 persequenda
403 1471 602 1515 temporum
614 1467 845 1514 descriptione
857 1479 927 1503 non
939 1466 1136 1503 abhorreas.
1159 1467 1298 1502 Etenim
1314 1466 1344 1502 si
1357 1467 1442 1502 anni
1454 1467 1578 1503 Iuliani
1592 1468 1715 1512 forma,

155 1535 245 1571 quae
260 1527 341 1572 post
355 1524 492 1572 aliquot
505 1535 678 1560 annorum
692 1524 804 1560 millia
818 1526 957 1572 receptu
972 1524 1054 1568 fnit,
1078 1528 1216 1572 propter
1234 1524 1516 1560 commoditatem
1539 1525 1584 1560 ab
1604 1525 1714 1560 omni-

156 1582 220 1617 bns
230 1581 333 1618 hodie
349 1581 570 1628 chronologis
585 1581 631 1618 ud
646 1581 820 1618 anteriora
835 1582 940 1617 etiam
955 1584 1114 1628 tempora
1135 1585 1317 1617 revocatur
1338 1581 1383 1617 ad
1399 1592 1546 1628 eamque
1561 1583 1714 1618 referun—

154 1642 211 1675 tur
225 1639 300 1682 iure
316 1642 490 1683 caeterae,
511 1650 572 1676 cur
592 1650 665 1675 non
687 1639 725 1675 in
743 1639 848 1686 cyclis
870 1649 1039 1686 usurpare
1059 1639 1153 1674 idem
1167 1638 1307 1674 licebit?
1338 1638 1521 1681 Quaeritur
1535 1651 1605 1686 quo
1621 1651 1713 1676 anno

154 1695 267 1742 Cyrus
282 1696 320 1733 iu
334 1695 476 1732 Perside
491 1706 638 1744 regnare
653 1697 816 1744 coeperit.
845 1696 975 1732 Audies
990 1707 1012 1731 a
1027 1696 1248 1742 chronologis
1263 1706 1357 1731 anuo
1372 1696 1485 1743 pn‘mo
1503 1697 1641 1744 Olymp.
1658 1710 1713 1734 nv.

153 1754 340 1800 imperium
363 1754 508 1801 cepisse.
545 1753 615 1790 Sed
638 1764 718 1789 cum
738 1753 960 1800 Olympiades
984 1753 1028 1788 ab
1049 1753 1183 1788 aestivo
1204 1753 1350 1789 solstitio
1372 1753 1507 1797 ineant,
1530 1758 1648 1790 utrum
1672 1755 1714 1790 de

152 1811 327 1857 prioribus
339 1822 386 1848 vr.
402 1812 484 1847 anni
498 1811 593 1846 illius
607 1811 806 1854 mensibus,
822 1821 868 1846 an
879 1810 922 1846 de
937 1810 1189 1858 posterioribus
1199 1811 1398 1857 loquantur,
1413 1810 1480 1846 hoc
1495 1816 1550 1846 est
1564 1812 1607 1846 de
1622 1823 1713 1847 anno

152 1867 287 1919 peffl
306 1868 460 1903 Iulianae
475 1867 596 1911 4154„
619 1878 664 1904 sn
679 1867 798 1911 4155„
820 1867 927 1903 nihilo
949 1868 1066 1914 magis
1087 1878 1271 1914 agnosces.
1305 1867 1405 1910 Quod
1427 1869 1459 1903 si
1481 1867 1714 1915 chronologus

153 1924 229 1968 ille,
249 1924 409 1972 quisquis
433 1927 502 1969 eet,
525 1925 642 1971 cyclos
665 1924 848 1968 addiderit,
871 1925 991 1962 statim
1006 1929 1084 1961 utro
1100 1935 1194 1961 enno
1216 1925 1349 1962 factum
1366 1925 1495 1962 dixerit
1516 1927 1713 1963 necessario

153 1981 362 2019 docebimur.

241 2039 383 2075 Atenim
396 2039 434 2075 iu
449 2047 544 2075 anno
557 2039 677 2086 aliquo
697 2040 851 2086 primum
874 2039 965 2086 cycli
985 2039 1093 2075 defixi
1115 2050 1193 2075 esse
1217 2039 1360 2084 debent,
1384 2051 1454 2088 quo
1478 2052 1525 2077 ex
1547 2052 1639 2078 anno
1662 2053 1714 2078 re-

153 2095 330 2143 liquorum
357 2095 447 2143 cycli
473 2095 660 2143 pendeant.
706 2097 741 2132 Is
762 2101 882 2132 autem
903 2107 1018 2143 neque
1042 2107 1087 2132 ex
1106 2097 1279 2144 scriptura
1306 2108 1420 2144 neque
1438 2098 1580 2134 aliunde
1600 2103 1716 2147 potest

154 2154 283 2200 colligi.
313 2153 413 2189 Itzne
426 2156 535 2190 vero?
565 2152 618 2189 De
632 2154 742 2200 cyclis
757 2155 848 2190 inter
863 2153 1078 2190 christianos
1094 2153 1195 2189 hodie
1211 2165 1283 2190 non
1299 2155 1479 2199 convenit,
1495 2157 1557 2203 qui
1573 2157 1714 2203 quidem

154 2220 376 2247 communem
394 2210 550 2246 matricis
571 2211 755 2253 ecclesiae,
778 2210 845 2248 hoc
868 2215 922 2246 est
936 2211 1132 2254 Romanae,
1154 2222 1259 2247 usum
1282 2212 1455 2248 retinent?
1491 2213 1570 2249 Non
1591 2225 1714 2249 omnes

154 2278 287 2305 annum
300 2267 429 2304 Christi
441 2267 597 2303 natalem
615 2267 654 2303 in
669 2268 805 2315 cyclum
826 2268 911 2304 nolis
926 2280 993 2311 11.,
1013 2268 1118 2304 lunae
1132 2280 1157 2305 x.
1174 2268 1381 2304 conserunt?
1412 2269 1498 2312 Quis
1514 2276 1567 2306 est
1583 2272 1662 2317 qui,
1684 2272 1714 2306 si

153 2325 243 2361 allos
257 2325 295 2360 in
307 2324 377 2361 ista
391 2323 554 2361 methodo
571 2325 690 2371 cyclos
705 2325 882 2368 statuerit,
901 2336 973 2361 uon
985 2326 1041 2361 vel
1062 2326 1108 2361 ab
1130 2326 1294 2372 logistica
1306 2326 1506 2362 refellatur?
1537 2328 1713 2363 Habemus

155 2382 264 2429 igitur
277 2381 315 2418 in
331 2381 646 2428 setanionysisna
659 2384 768 2418 statos
785 2386 820 2418 et
832 2382 926 2418 fixos
947 2393 1120 2418 annorum
1142 2383 1278 2429 cyclos,
1300 2394 1323 2417 a
1344 2383 1470 2430 quibus
1493 2388 1564 2419 tam
1587 2385 1632 2420 ad
1655 2396 1713 2420 su-

153 2439 292 2487 periora
303 2449 411 2486 quam
425 2439 470 2475 ad
484 2439 652 2475 iuferiora
665 2442 824 2486 tempore.
837 2438 1002 2486 progredi
1015 2439 1054 2475 in
1067 2439 1245 2475 infinitum
1256 2440 1355 2475 licet:
1371 2451 1485 2487 neque
1500 2452 1645 2478 necesse
1661 2447 1715 2478 est

154 2497 190 2532 id
205 2507 251 2532 ex
266 2496 373 2532 ullius
396 2496 596 2532 testimonio
619 2495 797 2542 scriptoris
815 2496 872 2531 vel
891 2496 1013 2543 eclipsi
1033 2507 1079 2531 ex
1101 2497 1221 2543 aliqua
1241 2501 1417 2540 constare,
1439 2508 1519 2533 cum
1540 2510 1713 2536 consensu

155 2554 312 2589 omnium
333 2553 492 2590 stabilita
513 2553 560 2589 sit
575 2553 646 2588 istu
660 2551 897 2588 methodus-et
910 2553 948 2588 iu
964 2563 1068 2588 usum
1083 2553 1244 2588 deducta.
1271 2553 1451 2590 Postremo
1466 2555 1552 2591 illud
1568 2558 1712 2604 opponi-

154 2614 223 2654 tur,
244 2610 339 2657 quod
360 2609 406 2646 ad
426 2610 603 2656 cyclorum
624 2619 665 2644 ac
687 2609 889 2645 coelestium
904 2610 1063 2646 omnium
1080 2609 1281 2656 φαινομένων
1297 2611 1501 2647 elevandam
1514 2612 1621 2648 fidem
1637 2625 1712 2660 per·

153 2667 252 2704 tinet.
283 2666 374 2703 Nam
395 2678 478 2703 curu
498 2667 644 2714 eclipsin
664 2666 820 2712 aliquam
834 2666 976 2701 Tacitus
990 2670 1093 2713 putu,
1114 2667 1171 2702 vel
1186 2666 1270 2710 Dio,
1291 2671 1386 2703 certo
1405 2679 1498 2704 anno
1521 2671 1712 2717 contigisse

154 2727 312 2767 narrant,
327 2723 453 2760 horum
464 2724 674 2770 scriptorum
685 2723 924 2758 testimonium
933 2723 1042 2758 fidem
1052 2734 1124 2758 nou
1135 2723 1221 2759 facit
1230 2722 1385 2760 humans
1394 2726 1574 2762 maiorem.
1597 2727 1712 2771 Quare

156 2780 251 2827 quod
268 2779 423 2816 indidem
445 2781 596 2824 elicitur,
623 2784 757 2815 tantam
778 2779 887 2815 habet
905 2779 1164 2823 certitudinem,
1187 2784 1319 2826 quanta
1339 2781 1497 2818 historici
1517 2784 1611 2820 illius
1634 2796 1711 2821 esse

155 2840 286 2884 potest,
301 2837 362 2884 qui
375 2837 412 2873 id
423 2837 593 2883 affirmat,
613 2838 795 2873 autoritas.
827 2836 882 2872 Ex
899 2837 1024 2883 quibus
1041 2847 1113 2872 nou
1128 2836 1347 2873 mediocriter
1359 2839 1521 2876 aberrare
1537 2843 1712 2879 contendit

156 2905 217 2930 eos
233 2904 354 2930 omncs
368 2895 430 2942 qui
444 2906 491 2930 ex
503 2893 703 2931 istiusmodi
723 2894 827 2928 rebus
844 2893 1158 2929 demonstrationes
1178 2894 1385 2940 pollicentur
1405 2901 1441 2932 et
1463 2898 1504 2933 de
1521 2899 1643 2935 diebus
1659 2905 1710 2935 at-

159 2962 228 2998 que
248 2950 343 2987 horis
364 2961 451 2987 sane
477 2951 624 2988 fidenter
648 2950 898 2998 pronuncient,
920 2954 1089 2996 tanquam
1110 2962 1220 2997 nuper
1243 2963 1288 2986 ex
1311 2953 1455 2989 deorum
1479 2956 1626 2992 concilio
1650 2962 1711 2992 aut

156 3007 406 3053 intermundiia
464 3009 553 3046 icuri
567 3007 815 3044 descenderint.
839 3006 894 3042 Ita
909 3007 1001 3042 enim
1017 3008 1124 3043 iocari
1139 3009 1263 3052 voluit,
1279 3009 1372 3056 quod
1388 3023 1531 3048 necesse
1547 3025 1618 3048 non
1633 3014 1709 3050 fuit.

156 3065 286 3101 Verum
300 3064 401 3111 quid&
460 3072 463 3073 ⁷
511 3069 584 3110 est,
606 3076 755 3113 quaeso,
778 3064 870 3111 quod
892 3064 969 3100 istic
990 3064 1118 3100 audio?
1147 3064 1226 3102 Nou
1241 3066 1372 3103 habent
1383 3069 1709 3111 mathematicorum

225 3133 310 3166 corp.
322 3134 488 3162 Haereseol.
500 3135 549 3162 111.
1408 3137 1437 3171 G

1753 1367 1779 1393 p.
1794 1360 1849 1386 107.
