<?xml version="1.0" encoding="UTF-8"?>
<!DOCTYPE html PUBLIC "-//W3C//DTD XHTML 1.0 Transitional//EN"
    "http://www.w3.org/TR/xhtml1/DTD/xhtml1-transitional.dtd">
<html xmlns="http://www.w3.org/1999/xhtml" xml:lang="en" lang="en">
 <head>
  <title>
</title>
<meta http-equiv="Content-Type" content="text/html;charset=utf-8" />
  <meta name='ocr-system' content='tesseract 3.04.00' />
  <meta name='ocr-capabilities' content='ocr_page ocr_carea ocr_par ocr_line ocrx_word'/>
</head>
<body>
  <div class='ocr_page' id='page_1' title='image "./corporishaereseo03epip_0446.png"; bbox 0 0 2008 3294; ppageno 0'>
   <div class='ocr_carea' id='block_1_1' title="bbox 343 211 542 252">
    <p class='ocr_par' dir='ltr' id='par_1_1' title="bbox 343 211 542 252">
     <span class='ocr_line' id='line_1_1' title="bbox 343 211 542 252; baseline 0.01 -1"><span class='ocrx_word' id='word_1_1' title='bbox 343 211 542 252; x_wconf 79' lang='lat' dir='ltr'>CCCXVIII</span> 
     </span>
    </p>
   </div>
   <div class='ocr_carea' id='block_1_2' title="bbox 334 317 1883 2366">
    <p class='ocr_par' dir='ltr' id='par_1_2' title="bbox 338 317 1882 1154">
     <span class='ocr_line' id='line_1_2' title="bbox 340 317 1880 364; baseline 0.001 -10"><span class='ocrx_word' id='word_1_2' title='bbox 340 323 444 355; x_wconf 88' lang='lat' dir='ltr'><strong>retur.</strong></span> <span class='ocrx_word' id='word_1_3' title='bbox 480 319 587 361; x_wconf 82' lang='lat' dir='ltr'><strong>Quasi</strong></span> <span class='ocrx_word' id='word_1_4' title='bbox 600 329 681 354; x_wconf 83' lang='lat' dir='ltr'><strong>vero</strong></span> <span class='ocrx_word' id='word_1_5' title='bbox 703 321 800 354; x_wconf 83' lang='lat' dir='ltr'><strong>tanto</strong></span> <span class='ocrx_word' id='word_1_6' title='bbox 821 321 902 354; x_wconf 86' lang='lat' dir='ltr'><strong>ante</strong></span> <span class='ocrx_word' id='word_1_7' title='bbox 920 317 1160 355; x_wconf 87' lang='lat' dir='ltr'><strong>Innocentium</strong></span> <span class='ocrx_word' id='word_1_8' title='bbox 1179 329 1250 354; x_wconf 92' lang='lat' dir='ltr'><strong>non</strong></span> <span class='ocrx_word' id='word_1_9' title='bbox 1272 318 1358 354; x_wconf 91' lang='lat' dir='ltr'><strong>illud</strong></span> <span class='ocrx_word' id='word_1_10' title='bbox 1373 318 1608 355; x_wconf 84' lang='lat' dir='ltr'><strong>Occidentales</strong></span> <span class='ocrx_word' id='word_1_11' title='bbox 1624 320 1880 364; x_wconf 87' lang='lat' dir='ltr'><strong>consuetudine,</strong></span> 
     </span>
     <span class='ocr_line' id='line_1_3' title="bbox 342 375 1880 422; baseline 0.001 -12"><span class='ocrx_word' id='word_1_12' title='bbox 342 387 430 422; x_wconf 89' lang='lat' dir='ltr'><strong>quae</strong></span> <span class='ocrx_word' id='word_1_13' title='bbox 453 377 577 421; x_wconf 74' lang='lat' dir='ltr'><strong>tacitae</strong></span> <span class='ocrx_word' id='word_1_14' title='bbox 599 376 688 422; x_wconf 89' lang='lat' dir='ltr'><strong>legis</strong></span> <span class='ocrx_word' id='word_1_15' title='bbox 710 376 821 411; x_wconf 89' lang='lat' dir='ltr'><strong>instar</strong></span> <span class='ocrx_word' id='word_1_16' title='bbox 843 379 951 419; x_wconf 89' lang='lat' dir='ltr'><strong>esset,</strong></span> <span class='ocrx_word' id='word_1_17' title='bbox 974 377 1240 411; x_wconf 82' lang='lat' dir='ltr'>observaverint.</span> <span class='ocrx_word' id='word_1_18' title='bbox 1275 375 1395 422; x_wconf 81' lang='lat' dir='ltr'><strong>Neque</strong></span> <span class='ocrx_word' id='word_1_19' title='bbox 1409 387 1489 412; x_wconf 83' lang='lat' dir='ltr'><strong>vero</strong></span> <span class='ocrx_word' id='word_1_20' title='bbox 1512 377 1734 412; x_wconf 82' lang='lat' dir='ltr'><strong>Innocentius</strong></span> <span class='ocrx_word' id='word_1_21' title='bbox 1751 380 1824 412; x_wconf 84' lang='lat' dir='ltr'><strong>tam</strong></span> <span class='ocrx_word' id='word_1_22' title='bbox 1839 377 1880 413; x_wconf 90' lang='lat' dir='ltr'><strong>de</strong></span> 
     </span>
     <span class='ocr_line' id='line_1_4' title="bbox 342 433 1879 480; baseline 0.001 -12"><span class='ocrx_word' id='word_1_23' title='bbox 342 433 479 468; x_wconf 86' lang='lat' dir='ltr'><strong>sabbati</strong></span> <span class='ocrx_word' id='word_1_24' title='bbox 493 433 621 468; x_wconf 84' lang='lat' dir='ltr'><strong>ieiunio</strong></span> <span class='ocrx_word' id='word_1_25' title='bbox 637 433 820 480; x_wconf 85' lang='lat' dir='ltr'><strong>praecepit,</strong></span> <span class='ocrx_word' id='word_1_26' title='bbox 838 443 942 479; x_wconf 88' lang='lat' dir='ltr'><strong>quam</strong></span> <span class='ocrx_word' id='word_1_27' title='bbox 957 444 1098 469; x_wconf 83' lang='lat' dir='ltr'><strong>caussas</strong></span> <span class='ocrx_word' id='word_1_28' title='bbox 1114 434 1230 468; x_wconf 85' lang='lat' dir='ltr'><strong>attulit</strong></span> <span class='ocrx_word' id='word_1_29' title='bbox 1245 444 1305 468; x_wconf 87' lang='lat' dir='ltr'><strong>cur</strong></span> <span class='ocrx_word' id='word_1_30' title='bbox 1317 433 1460 469; x_wconf 84' lang='lat' dir='ltr'><strong>sabbato</strong></span> <span class='ocrx_word' id='word_1_31' title='bbox 1476 434 1702 470; x_wconf 88' lang='lat' dir='ltr'><strong>ieiunandum</strong></span> <span class='ocrx_word' id='word_1_32' title='bbox 1714 434 1879 470; x_wconf 82' lang='lat' dir='ltr'><strong>videatur.</strong></span> 
     </span>
     <span class='ocr_line' id='line_1_5' title="bbox 340 489 1882 537; baseline 0.001 -13"><span class='ocrx_word' id='word_1_33' title='bbox 340 490 394 525; x_wconf 88' lang='lat' dir='ltr'><strong>Ad</strong></span> <span class='ocrx_word' id='word_1_34' title='bbox 409 494 604 525; x_wconf 86' lang='lat' dir='ltr'><strong>extremum</strong></span> <span class='ocrx_word' id='word_1_35' title='bbox 619 489 661 524; x_wconf 89' lang='lat' dir='ltr'><strong>de</strong></span> <span class='ocrx_word' id='word_1_36' title='bbox 677 490 815 525; x_wconf 87' lang='lat' dir='ltr'><strong>sabbati</strong></span> <span class='ocrx_word' id='word_1_37' title='bbox 834 490 1011 536; x_wconf 86' lang='lat' dir='ltr'><strong>religionis</strong></span> <span class='ocrx_word' id='word_1_38' title='bbox 1031 491 1122 526; x_wconf 90' lang='lat' dir='ltr'><strong>inter</strong></span> <span class='ocrx_word' id='word_1_39' title='bbox 1135 490 1427 526; x_wconf 82' lang='lat' dir='ltr'><strong>Pseudodiataxes</strong></span> <span class='ocrx_word' id='word_1_40' title='bbox 1443 490 1658 537; x_wconf 85' lang='lat' dir='ltr'><strong>Apostolicas</strong></span> <span class='ocrx_word' id='word_1_41' title='bbox 1680 495 1778 526; x_wconf 87' lang='lat' dir='ltr'><strong>extat</strong></span> <span class='ocrx_word' id='word_1_42' title='bbox 1790 491 1882 526; x_wconf 79' lang='lat' dir='ltr'><strong>Petri</strong></span> 
     </span>
     <span class='ocr_line' id='line_1_6' title="bbox 341 546 1883 594; baseline 0.001 -13"><span class='ocrx_word' id='word_1_43' title='bbox 341 558 381 581; x_wconf 89' lang='lat' dir='ltr'><strong>ac</strong></span> <span class='ocrx_word' id='word_1_44' title='bbox 403 547 502 582; x_wconf 86' lang='lat' dir='ltr'><strong>Pauli</strong></span> <span class='ocrx_word' id='word_1_45' title='bbox 521 547 662 582; x_wconf 89' lang='grc'>1101111110</span> <span class='ocrx_word' id='word_1_46' title='bbox 686 546 778 581; x_wconf 87' lang='lat' dir='ltr'><strong>edita</strong></span> <span class='ocrx_word' id='word_1_47' title='bbox 798 547 930 582; x_wconf 87' lang='lat' dir='ltr'><strong>sanctio</strong></span> <span class='ocrx_word' id='word_1_48' title='bbox 951 547 1011 583; x_wconf 90' lang='lat' dir='ltr'><strong>lib.</strong></span> <span class='ocrx_word' id='word_1_49' title='bbox 1023 559 1098 582; x_wconf 87' lang='grc'>1111.</span> <span class='ocrx_word' id='word_1_50' title='bbox 1116 558 1189 594; x_wconf 88' lang='lat' dir='ltr'><strong>cap</strong></span> <span class='ocrx_word' id='word_1_51' title='bbox 1203 559 1328 582; x_wconf 85' lang='lat' dir='ltr'><strong>xxxru</strong></span> <span class='ocrx_word' id='word_1_52' title='bbox 1373 547 1417 582; x_wconf 76' lang='lat' dir='ltr'><strong>Ut</strong></span> <span class='ocrx_word' id='word_1_53' title='bbox 1429 560 1466 582; x_wconf 79' lang='lat' dir='ltr'><strong>eo</strong></span> <span class='ocrx_word' id='word_1_54' title='bbox 1482 549 1537 583; x_wconf 79' lang='lat' dir='ltr'><strong>die</strong></span> <span class='ocrx_word' id='word_1_55' title='bbox 1552 560 1596 583; x_wconf 85' lang='lat' dir='ltr'><strong>ac</strong></span> <span class='ocrx_word' id='word_1_56' title='bbox 1613 550 1675 583; x_wconf 81' lang='lat' dir='ltr'><strong>don</strong></span> <span class='ocrx_word' id='word_1_57' title='bbox 1675 551 1777 583; x_wconf 72' lang='lat' dir='ltr'><strong>ainico</strong></span> <span class='ocrx_word' id='word_1_58' title='bbox 1791 550 1883 583; x_wconf 73' lang='lat' dir='ltr'><strong>servs·</strong></span> 
     </span>
     <span class='ocr_line' id='line_1_7' title="bbox 341 602 1880 652; baseline 0.001 -14"><span class='ocrx_word' id='word_1_59' title='bbox 341 605 384 638; x_wconf 85' lang='lat' dir='ltr'><strong>ab</strong></span> <span class='ocrx_word' id='word_1_60' title='bbox 401 616 500 650; x_wconf 83' lang='lat' dir='ltr'><strong>opere</strong></span> <span class='ocrx_word' id='word_1_61' title='bbox 505 607 635 650; x_wconf 65' lang='lat' dir='ltr'><strong>sertata</strong></span> <span class='ocrx_word' id='word_1_62' title='bbox 647 607 732 638; x_wconf 71' lang='lat' dir='ltr'><strong>sint:</strong></span> <span class='ocrx_word' id='word_1_63' title='bbox 748 602 975 650; x_wconf 73' lang='grc' dir='ltr'><strong>ἐγαζέσθωσαν</strong></span> <span class='ocrx_word' id='word_1_64' title='bbox 992 603 1022 638; x_wconf 80' lang='grc' dir='ltr'><strong>οἱ</strong></span> <span class='ocrx_word' id='word_1_65' title='bbox 1038 603 1151 638; x_wconf 89' lang='grc' dir='ltr'><strong>δουλοι</strong></span> <span class='ocrx_word' id='word_1_66' title='bbox 1167 603 1260 638; x_wconf 79' lang='grc' dir='ltr'><strong>πέντε</strong></span> <span class='ocrx_word' id='word_1_67' title='bbox 1273 602 1412 651; x_wconf 79' lang='grc' dir='ltr'><strong>ἡμέρας,</strong></span> <span class='ocrx_word' id='word_1_68' title='bbox 1429 602 1592 650; x_wconf 82' lang='grc' dir='ltr'>σάββατον</span> <span class='ocrx_word' id='word_1_69' title='bbox 1609 604 1644 639; x_wconf 80' lang='grc' dir='ltr'><strong>δὲ</strong></span> <span class='ocrx_word' id='word_1_70' title='bbox 1659 605 1713 639; x_wconf 66' lang='grc' dir='ltr'><strong>καὶ</strong></span> <span class='ocrx_word' id='word_1_71' title='bbox 1729 605 1880 652; x_wconf 77' lang='grc' dir='ltr'><strong>κυριακὴν</strong></span> 
     </span>
     <span class='ocr_line' id='line_1_8' title="bbox 340 659 1882 709; baseline 0.001 -15"><span class='ocrx_word' id='word_1_72' title='bbox 340 660 595 707; x_wconf 80' lang='grc' dir='ltr'><strong>σχολαζέτωσαν</strong></span> <span class='ocrx_word' id='word_1_73' title='bbox 611 659 643 695; x_wconf 78' lang='grc' dir='ltr'><strong>ἐν</strong></span> <span class='ocrx_word' id='word_1_74' title='bbox 654 663 694 708; x_wconf 82' lang='grc' dir='ltr'><strong>τῇ·</strong></span> <span class='ocrx_word' id='word_1_75' title='bbox 710 659 865 708; x_wconf 78' lang='grc' dir='ltr'>ἐκκλησίᾳ</span> <span class='ocrx_word' id='word_1_76' title='bbox 881 660 933 695; x_wconf 83' lang='grc' dir='ltr'><strong>διὰ</strong></span> <span class='ocrx_word' id='word_1_77' title='bbox 947 660 1004 706; x_wconf 79' lang='grc' dir='ltr'><strong>τὴν</strong></span> <span class='ocrx_word' id='word_1_78' title='bbox 1021 660 1232 695; x_wconf 82' lang='grc' dir='ltr'><strong>διδασκαλίαν</strong></span> <span class='ocrx_word' id='word_1_79' title='bbox 1248 662 1304 705; x_wconf 85' lang='grc' dir='ltr'><strong>τῆς</strong></span> <span class='ocrx_word' id='word_1_80' title='bbox 1320 660 1488 706; x_wconf 82' lang='grc' dir='ltr'><strong>εὐσεβείας.</strong></span> <span class='ocrx_word' id='word_1_81' title='bbox 1523 661 1595 697; x_wconf 85' lang='lat' dir='ltr'><strong>Hoc</strong></span> <span class='ocrx_word' id='word_1_82' title='bbox 1605 673 1687 698; x_wconf 73' lang='lat' dir='ltr'><strong>vero</strong></span> <span class='ocrx_word' id='word_1_83' title='bbox 1702 672 1882 709; x_wconf 84' lang='lat' dir='ltr'><strong>nunquam</strong></span> 
     </span>
     <span class='ocr_line' id='line_1_9' title="bbox 339 718 1881 765; baseline 0.001 -13"><span class='ocrx_word' id='word_1_84' title='bbox 339 718 384 752; x_wconf 84' lang='lat' dir='ltr'><strong>ab</strong></span> <span class='ocrx_word' id='word_1_85' title='bbox 399 718 566 764; x_wconf 88' lang='lat' dir='ltr'><strong>apostolis</strong></span> <span class='ocrx_word' id='word_1_86' title='bbox 581 728 741 753; x_wconf 89' lang='lat' dir='ltr'><strong>manasse</strong></span> <span class='ocrx_word' id='word_1_87' title='bbox 753 718 928 754; x_wconf 90' lang='lat' dir='ltr'><strong>decretum</strong></span> <span class='ocrx_word' id='word_1_88' title='bbox 942 722 1085 765; x_wconf 87' lang='lat' dir='ltr'><strong>apparet</strong></span> <span class='ocrx_word' id='word_1_89' title='bbox 1100 729 1144 752; x_wconf 89' lang='lat' dir='ltr'><strong>ex</strong></span> <span class='ocrx_word' id='word_1_90' title='bbox 1160 729 1211 761; x_wconf 93' lang='lat' dir='ltr'><strong>e0‚</strong></span> <span class='ocrx_word' id='word_1_91' title='bbox 1228 718 1321 764; x_wconf 91' lang='lat' dir='ltr'><strong>quod</strong></span> <span class='ocrx_word' id='word_1_92' title='bbox 1332 718 1543 754; x_wconf 89' lang='lat' dir='ltr'><strong>Laodicense</strong></span> <span class='ocrx_word' id='word_1_93' title='bbox 1558 719 1679 756; x_wconf 88' lang='lat' dir='ltr'><strong>concil.</strong></span> <span class='ocrx_word' id='word_1_94' title='bbox 1692 719 1881 756; x_wconf 87' lang='lat' dir='ltr'><strong>Gan.xxrx.</strong></span> 
     </span>
     <span class='ocr_line' id='line_1_10' title="bbox 339 772 1881 822; baseline 0.001 -13"><span class='ocrx_word' id='word_1_95' title='bbox 339 774 465 810; x_wconf 88' lang='lat' dir='ltr'><strong>diserte</strong></span> <span class='ocrx_word' id='word_1_96' title='bbox 479 779 573 810; x_wconf 81' lang='lat' dir='ltr'><strong>vetat</strong></span> <span class='ocrx_word' id='word_1_97' title='bbox 587 775 732 811; x_wconf 83' lang='lat' dir='ltr'><strong>sabbato</strong></span> <span class='ocrx_word' id='word_1_98' title='bbox 748 775 878 811; x_wconf 87' lang='lat' dir='ltr'><strong>otiosos</strong></span> <span class='ocrx_word' id='word_1_99' title='bbox 894 786 970 811; x_wconf 89' lang='lat' dir='ltr'><strong>esse</strong></span> <span class='ocrx_word' id='word_1_100' title='bbox 986 775 1210 811; x_wconf 85' lang='lat' dir='ltr'><strong>Christianos.</strong></span> <span class='ocrx_word' id='word_1_101' title='bbox 1244 773 1324 810; x_wconf 85' lang='grc' dir='ltr'><strong>Ὅτι</strong></span> <span class='ocrx_word' id='word_1_102' title='bbox 1346 775 1384 809; x_wconf 80' lang='grc' dir='ltr'><strong>οὗ</strong></span> <span class='ocrx_word' id='word_1_103' title='bbox 1401 775 1450 809; x_wconf 77' lang='grc' dir='ltr'><strong>δεῖ</strong></span> <span class='ocrx_word' id='word_1_104' title='bbox 1464 776 1670 822; x_wconf 73' lang='grc' dir='ltr'><strong>Χριστιανοὺς</strong></span> <span class='ocrx_word' id='word_1_105' title='bbox 1685 772 1881 822; x_wconf 71' lang='grc' dir='ltr'><strong>Ἰουδαΐζειν,</strong></span> 
     </span>
     <span class='ocr_line' id='line_1_11' title="bbox 339 830 1882 881; baseline 0.001 -15"><span class='ocrx_word' id='word_1_106' title='bbox 339 831 393 866; x_wconf 69' lang='grc' dir='ltr'><strong>καὶ</strong></span> <span class='ocrx_word' id='word_1_107' title='bbox 409 830 441 866; x_wconf 82' lang='grc' dir='ltr'><strong>ἐν</strong></span> <span class='ocrx_word' id='word_1_108' title='bbox 457 835 507 878; x_wconf 81' lang='grc' dir='ltr'><strong>τῷ</strong></span> <span class='ocrx_word' id='word_1_109' title='bbox 524 831 680 879; x_wconf 80' lang='grc' dir='ltr'><strong>σαββάτῳ</strong></span> <span class='ocrx_word' id='word_1_110' title='bbox 697 831 882 879; x_wconf 79' lang='grc' dir='ltr'><strong>σχολάζειν,</strong></span> <span class='ocrx_word' id='word_1_111' title='bbox 906 831 992 867; x_wconf 77' lang='grc' dir='ltr'><strong>ἀλλὰ</strong></span> <span class='ocrx_word' id='word_1_112' title='bbox 1013 831 1202 879; x_wconf 81' lang='grc' dir='ltr'><strong>ἐργάζεσθαι</strong></span> <span class='ocrx_word' id='word_1_113' title='bbox 1218 831 1335 872; x_wconf 79' lang='grc' dir='ltr'><strong>αὐτοὺς</strong></span> <span class='ocrx_word' id='word_1_114' title='bbox 1354 830 1385 866; x_wconf 79' lang='grc' dir='ltr'><strong>ἐν</strong></span> <span class='ocrx_word' id='word_1_115' title='bbox 1402 835 1441 880; x_wconf 79' lang='grc' dir='ltr'><strong>τῇ·</strong></span> <span class='ocrx_word' id='word_1_116' title='bbox 1458 832 1538 879; x_wconf 75' lang='grc' dir='ltr'><strong>αὐτῇ</strong></span> <span class='ocrx_word' id='word_1_117' title='bbox 1553 832 1675 881; x_wconf 75' lang='grc' dir='ltr'><strong>ἡμέρᾳ,</strong></span> <span class='ocrx_word' id='word_1_118' title='bbox 1697 832 1754 878; x_wconf 83' lang='grc' dir='ltr'><strong>τὴν</strong></span> <span class='ocrx_word' id='word_1_119' title='bbox 1770 832 1810 878; x_wconf 88' lang='grc' dir='ltr'><strong>δὴ</strong></span> <span class='ocrx_word' id='word_1_120' title='bbox 1827 845 1882 867; x_wconf 79' lang='grc' dir='ltr'><strong>κυ-</strong></span> 
     </span>
     <span class='ocr_line' id='line_1_12' title="bbox 340 879 1882 936; baseline 0.001 -13"><span class='ocrx_word' id='word_1_121' title='bbox 340 887 451 934; x_wconf 79' lang='grc' dir='ltr'><strong>ριακὴν</strong></span> <span class='ocrx_word' id='word_1_122' title='bbox 475 891 718 936; x_wconf 81' lang='grc' dir='ltr'><strong>προτιμῶντας,</strong></span> <span class='ocrx_word' id='word_1_123' title='bbox 742 889 769 924; x_wconf 87' lang='grc' dir='ltr'><strong>εἷ</strong></span> <span class='ocrx_word' id='word_1_124' title='bbox 790 901 828 936; x_wconf 78' lang='grc' dir='ltr'><strong>γε</strong></span> <span class='ocrx_word' id='word_1_125' title='bbox 851 889 1000 924; x_wconf 77' lang='grc' dir='ltr'><strong>δύναιντο</strong></span> <span class='ocrx_word' id='word_1_126' title='bbox 1023 888 1207 936; x_wconf 80' lang='grc' dir='ltr'><strong>σχολάζειν,</strong></span> <span class='ocrx_word' id='word_1_127' title='bbox 1235 887 1280 930; x_wconf 84' lang='grc' dir='ltr'><strong>ὡς</strong></span> <span class='ocrx_word' id='word_1_128' title='bbox 1302 889 1502 935; x_wconf 70' lang='grc' dir='ltr'><strong>Χριστιανοὶ,</strong></span> <span class='ocrx_word' id='word_1_129' title='bbox 1527 888 1553 924; x_wconf 81' lang='grc' dir='ltr'><strong>εἰ</strong></span> <span class='ocrx_word' id='word_1_130' title='bbox 1567 879 1610 924; x_wconf 60' lang='lat' dir='ltr'><strong>&#39;Bk</strong></span> <span class='ocrx_word' id='word_1_131' title='bbox 1633 889 1782 936; x_wconf 79' lang='grc' dir='ltr'><strong>εὑρεθεῖεν</strong></span> <span class='ocrx_word' id='word_1_132' title='bbox 1797 889 1882 924; x_wconf 84' lang='grc' dir='ltr'><strong>Ἰου-</strong></span> 
     </span>
     <span class='ocr_line' id='line_1_13' title="bbox 339 944 1881 993; baseline 0.001 -13"><span class='ocrx_word' id='word_1_133' title='bbox 339 946 484 989; x_wconf 71' lang='grc' dir='ltr'><strong>δαῖσταὶ,</strong></span> <span class='ocrx_word' id='word_1_134' title='bbox 503 944 650 980; x_wconf 82' lang='grc' dir='ltr'><strong>ἔστωσαν</strong></span> <span class='ocrx_word' id='word_1_135' title='bbox 665 945 808 993; x_wconf 78' lang='grc' dir='ltr'><strong>ἀνάθεμα</strong></span> <span class='ocrx_word' id='word_1_136' title='bbox 823 946 912 993; x_wconf 77' lang='grc' dir='ltr'><strong>παρὰ</strong></span> <span class='ocrx_word' id='word_1_137' title='bbox 925 947 1066 993; x_wconf 85' lang='grc' dir='ltr'><strong>Χριστῷ.</strong></span> <span class='ocrx_word' id='word_1_138' title='bbox 1104 946 1295 981; x_wconf 84' lang='lat' dir='ltr'><strong>Dominicis</strong></span> <span class='ocrx_word' id='word_1_139' title='bbox 1317 947 1433 993; x_wconf 89' lang='lat' dir='ltr'><strong>potius</strong></span> <span class='ocrx_word' id='word_1_140' title='bbox 1457 957 1562 993; x_wconf 86' lang='lat' dir='ltr'><strong>quam</strong></span> <span class='ocrx_word' id='word_1_141' title='bbox 1585 947 1737 982; x_wconf 77' lang='lat' dir='ltr'><strong>sabbatis</strong></span> <span class='ocrx_word' id='word_1_142' title='bbox 1759 957 1881 982; x_wconf 81' lang='lat' dir='ltr'><strong>vacare</strong></span> 
     </span>
     <span class='ocr_line' id='line_1_14' title="bbox 338 1003 1881 1051; baseline 0.001 -12"><span class='ocrx_word' id='word_1_143' title='bbox 338 1004 444 1047; x_wconf 88' lang='lat' dir='ltr'><strong>iubet,</strong></span> <span class='ocrx_word' id='word_1_144' title='bbox 460 1008 495 1039; x_wconf 90' lang='lat' dir='ltr'><strong>et</strong></span> <span class='ocrx_word' id='word_1_145' title='bbox 509 1003 604 1039; x_wconf 80' lang='lat' dir='ltr'><strong>addit</strong></span> <span class='ocrx_word' id='word_1_146' title='bbox 616 1007 748 1047; x_wconf 85' lang='lat' dir='ltr'><strong>tamen,</strong></span> <span class='ocrx_word' id='word_1_147' title='bbox 765 1004 796 1038; x_wconf 89' lang='lat' dir='ltr'><strong>si</strong></span> <span class='ocrx_word' id='word_1_148' title='bbox 810 1004 949 1039; x_wconf 89' lang='lat' dir='ltr'><strong>illorum</strong></span> <span class='ocrx_word' id='word_1_149' title='bbox 964 1003 1146 1039; x_wconf 89' lang='lat' dir='ltr'><strong>commodo</strong></span> <span class='ocrx_word' id='word_1_150' title='bbox 1162 1003 1237 1038; x_wconf 90' lang='lat' dir='ltr'><strong>fieri</strong></span> <span class='ocrx_word' id='word_1_151' title='bbox 1251 1007 1375 1050; x_wconf 90' lang='lat' dir='ltr'><strong>potest.</strong></span> <span class='ocrx_word' id='word_1_152' title='bbox 1405 1003 1452 1038; x_wconf 88' lang='lat' dir='ltr'><strong>Ut</strong></span> <span class='ocrx_word' id='word_1_153' title='bbox 1465 1004 1620 1040; x_wconf 88' lang='lat' dir='ltr'><strong>nondum</strong></span> <span class='ocrx_word' id='word_1_154' title='bbox 1634 1005 1704 1039; x_wconf 90' lang='lat' dir='ltr'><strong>illis</strong></span> <span class='ocrx_word' id='word_1_155' title='bbox 1719 1004 1881 1051; x_wconf 87' lang='lat' dir='ltr'><strong>tempori-</strong></span> 
     </span>
     <span class='ocr_line' id='line_1_15' title="bbox 338 1060 1882 1130; baseline 0 -34"><span class='ocrx_word' id='word_1_156' title='bbox 338 1062 404 1096; x_wconf 89' lang='lat' dir='ltr'><strong>bus</strong></span> <span class='ocrx_word' id='word_1_157' title='bbox 420 1061 464 1096; x_wconf 93' lang='lat' dir='ltr'><strong>ab</strong></span> <span class='ocrx_word' id='word_1_158' title='bbox 481 1061 577 1096; x_wconf 89' lang='lat' dir='ltr'><strong>omni</strong></span> <span class='ocrx_word' id='word_1_159' title='bbox 592 1071 694 1108; x_wconf 90' lang='lat' dir='ltr'><strong>opere</strong></span> <span class='ocrx_word' id='word_1_160' title='bbox 708 1060 851 1096; x_wconf 76' lang='lat' dir='ltr'><strong>feriatos</strong></span> <span class='ocrx_word' id='word_1_161' title='bbox 869 1072 943 1096; x_wconf 86' lang='lat' dir='ltr'><strong>esse</strong></span> <span class='ocrx_word' id='word_1_162' title='bbox 959 1061 1096 1108; x_wconf 82' lang='lat' dir='ltr'><strong>penitus</strong></span> <span class='ocrx_word' id='word_1_163' title='bbox 1113 1061 1339 1096; x_wconf 86' lang='lat' dir='ltr'><strong>constitutum</strong></span> <span class='ocrx_word' id='word_1_164' title='bbox 1360 1060 1552 1130; x_wconf 68' lang='grc' dir='ltr'>1110111,οᾒ</span> <span class='ocrx_word' id='word_1_165' title='bbox 1573 1061 1723 1097; x_wconf 81' lang='lat' dir='ltr'><strong>Zonaras</strong></span> <span class='ocrx_word' id='word_1_166' title='bbox 1747 1064 1782 1096; x_wconf 90' lang='lat' dir='ltr'><strong>et</strong></span> <span class='ocrx_word' id='word_1_167' title='bbox 1801 1060 1882 1096; x_wconf 90' lang='lat' dir='ltr'><strong>Bal-</strong></span> 
     </span>
     <span class='ocr_line' id='line_1_16' title="bbox 338 1118 982 1154; baseline -0.002 -1"><span class='ocrx_word' id='word_1_168' title='bbox 338 1129 434 1154; x_wconf 87' lang='lat' dir='ltr'><strong>samo</strong></span> <span class='ocrx_word' id='word_1_169' title='bbox 451 1118 494 1153; x_wconf 83' lang='lat' dir='ltr'><strong>ad</strong></span> <span class='ocrx_word' id='word_1_170' title='bbox 508 1118 607 1153; x_wconf 89' lang='lat' dir='ltr'><strong>illum</strong></span> <span class='ocrx_word' id='word_1_171' title='bbox 621 1128 791 1154; x_wconf 85' lang='lat' dir='ltr'><strong>canonem</strong></span> <span class='ocrx_word' id='word_1_172' title='bbox 805 1118 982 1154; x_wconf 86' lang='lat' dir='ltr'><strong>adnotant.</strong></span> 
     </span>
    </p>

    <p class='ocr_par' dir='ltr' id='par_1_3' title="bbox 334 1174 1882 2366">
     <span class='ocr_line' id='line_1_17' title="bbox 427 1174 1881 1222; baseline 0.001 -12"><span class='ocrx_word' id='word_1_173' title='bbox 427 1174 494 1220; x_wconf 84' lang='grc' dir='ltr'><strong>Τὴν</strong></span> <span class='ocrx_word' id='word_1_174' title='bbox 510 1174 546 1210; x_wconf 79' lang='grc' dir='ltr'><strong>δὲ</strong></span> <span class='ocrx_word' id='word_1_175' title='bbox 560 1176 848 1221; x_wconf 76' lang='grc' dir='ltr'><strong>τεσσαρακοστήν.]</strong></span> <span class='ocrx_word' id='word_1_176' title='bbox 877 1175 928 1210; x_wconf 86' lang='lat' dir='ltr'><strong>Ad</strong></span> <span class='ocrx_word' id='word_1_177' title='bbox 944 1175 1280 1222; x_wconf 87' lang='lat' dir='ltr'><strong>quadragesimalis</strong></span> <span class='ocrx_word' id='word_1_178' title='bbox 1270 1175 1391 1210; x_wconf 77' lang='lat' dir='ltr'><strong>ieiunii</strong></span> <span class='ocrx_word' id='word_1_179' title='bbox 1405 1175 1689 1211; x_wconf 89' lang='lat' dir='ltr'><strong>consuetudinem</strong></span> <span class='ocrx_word' id='word_1_180' title='bbox 1704 1176 1749 1211; x_wconf 87' lang='lat' dir='ltr'><strong>ab</strong></span> <span class='ocrx_word' id='word_1_181' title='bbox 1764 1175 1881 1212; x_wconf 85' lang='lat' dir='ltr'><strong>haere-</strong></span> 
     </span>
     <span class='ocr_line' id='line_1_18' title="bbox 337 1231 1882 1280; baseline 0 -12"><span class='ocrx_word' id='word_1_182' title='bbox 337 1233 484 1268; x_wconf 84' lang='lat' dir='ltr'><strong>ticorum</strong></span> <span class='ocrx_word' id='word_1_183' title='bbox 500 1233 672 1268; x_wconf 87' lang='lat' dir='ltr'><strong>calumnia</strong></span> <span class='ocrx_word' id='word_1_184' title='bbox 686 1232 928 1267; x_wconf 81' lang='lat' dir='ltr'><strong>vindicandam</strong></span> <span class='ocrx_word' id='word_1_185' title='bbox 947 1232 1095 1279; x_wconf 88' lang='lat' dir='ltr'><strong>insignis</strong></span> <span class='ocrx_word' id='word_1_186' title='bbox 1115 1231 1170 1266; x_wconf 91' lang='lat' dir='ltr'><strong>hic</strong></span> <span class='ocrx_word' id='word_1_187' title='bbox 1186 1231 1370 1278; x_wconf 87' lang='lat' dir='ltr'><strong>Epiphanii</strong></span> <span class='ocrx_word' id='word_1_188' title='bbox 1389 1233 1486 1268; x_wconf 89' lang='lat' dir='ltr'><strong>locus</strong></span> <span class='ocrx_word' id='word_1_189' title='bbox 1510 1236 1572 1268; x_wconf 89' lang='lat' dir='ltr'><strong>est.</strong></span> <span class='ocrx_word' id='word_1_190' title='bbox 1611 1232 1818 1280; x_wconf 85' lang='lat' dir='ltr'><strong>Quanquam</strong></span> <span class='ocrx_word' id='word_1_191' title='bbox 1840 1243 1882 1268; x_wconf 84' lang='lat' dir='ltr'><strong>ea</strong></span> 
     </span>
     <span class='ocr_line' id='line_1_19' title="bbox 337 1289 1881 1336; baseline 0.001 -11"><span class='ocrx_word' id='word_1_192' title='bbox 337 1301 392 1325; x_wconf 88' lang='lat' dir='ltr'><strong>res</strong></span> <span class='ocrx_word' id='word_1_193' title='bbox 407 1289 551 1325; x_wconf 86' lang='lat' dir='ltr'><strong>infinitis</strong></span> <span class='ocrx_word' id='word_1_194' title='bbox 566 1289 789 1336; x_wconf 86' lang='lat' dir='ltr'><strong>antiquorum</strong></span> <span class='ocrx_word' id='word_1_195' title='bbox 810 1293 948 1336; x_wconf 86' lang='lat' dir='ltr'><strong>patrum</strong></span> <span class='ocrx_word' id='word_1_196' title='bbox 969 1300 1010 1324; x_wconf 85' lang='lat' dir='ltr'><strong>ac</strong></span> <span class='ocrx_word' id='word_1_197' title='bbox 1033 1289 1257 1324; x_wconf 88' lang='lat' dir='ltr'><strong>conciliorum</strong></span> <span class='ocrx_word' id='word_1_198' title='bbox 1280 1290 1486 1325; x_wconf 83' lang='lat' dir='ltr'><strong>testimoniis</strong></span> <span class='ocrx_word' id='word_1_199' title='bbox 1510 1291 1688 1336; x_wconf 85' lang='lat' dir='ltr'><strong>explorata</strong></span> <span class='ocrx_word' id='word_1_200' title='bbox 1709 1291 1795 1326; x_wconf 81' lang='lat' dir='ltr'><strong>adeo</strong></span> <span class='ocrx_word' id='word_1_201' title='bbox 1819 1294 1881 1334; x_wconf 89' lang='lat' dir='ltr'><strong>est,</strong></span> 
     </span>
     <span class='ocr_line' id='line_1_20' title="bbox 336 1345 1880 1394; baseline 0.001 -12"><span class='ocrx_word' id='word_1_202' title='bbox 336 1346 423 1382; x_wconf 89' lang='lat' dir='ltr'><strong>nihil</strong></span> <span class='ocrx_word' id='word_1_203' title='bbox 437 1350 476 1382; x_wconf 86' lang='grc'><strong>111</strong></span> <span class='ocrx_word' id='word_1_204' title='bbox 489 1346 724 1393; x_wconf 87' lang='lat' dir='ltr'><strong>impudentius</strong></span> <span class='ocrx_word' id='word_1_205' title='bbox 740 1347 785 1382; x_wconf 92' lang='lat' dir='ltr'><strong>ab</strong></span> <span class='ocrx_word' id='word_1_206' title='bbox 797 1345 971 1382; x_wconf 83' lang='lat' dir='ltr'><strong>hodiernis</strong></span> <span class='ocrx_word' id='word_1_207' title='bbox 986 1345 1167 1381; x_wconf 80' lang='lat' dir='ltr'><strong>haereticis</strong></span> <span class='ocrx_word' id='word_1_208' title='bbox 1183 1346 1315 1381; x_wconf 85' lang='lat' dir='ltr'><strong>irrideri</strong></span> <span class='ocrx_word' id='word_1_209' title='bbox 1331 1347 1571 1394; x_wconf 83' lang='lat' dir='ltr'><strong>repudiarique</strong></span> <span class='ocrx_word' id='word_1_210' title='bbox 1588 1348 1706 1383; x_wconf 85' lang='lat' dir='ltr'><strong>soleat.</strong></span> <span class='ocrx_word' id='word_1_211' title='bbox 1731 1347 1880 1383; x_wconf 85' lang='lat' dir='ltr'><strong>Consule</strong></span> 
     </span>
     <span class='ocr_line' id='line_1_21' title="bbox 337 1403 1880 1452; baseline 0.001 -13"><span class='ocrx_word' id='word_1_212' title='bbox 337 1414 425 1450; x_wconf 88' lang='lat' dir='ltr'><strong>quae</strong></span> <span class='ocrx_word' id='word_1_213' title='bbox 440 1404 476 1439; x_wconf 89' lang='lat' dir='ltr'><strong>in</strong></span> <span class='ocrx_word' id='word_1_214' title='bbox 488 1404 627 1450; x_wconf 86' lang='lat' dir='ltr'><strong>magnis</strong></span> <span class='ocrx_word' id='word_1_215' title='bbox 636 1403 828 1439; x_wconf 82' lang='lat' dir='ltr'><strong>Annalibus</strong></span> <span class='ocrx_word' id='word_1_216' title='bbox 840 1407 944 1450; x_wconf 85' lang='lat' dir='ltr'><strong>atque</strong></span> <span class='ocrx_word' id='word_1_217' title='bbox 961 1403 1005 1438; x_wconf 89' lang='lat' dir='ltr'><strong>ab</strong></span> <span class='ocrx_word' id='word_1_218' title='bbox 1022 1403 1098 1438; x_wconf 85' lang='lat' dir='ltr'><strong>aliis</strong></span> <span class='ocrx_word' id='word_1_219' title='bbox 1116 1403 1268 1438; x_wconf 84' lang='lat' dir='ltr'><strong>studiose</strong></span> <span class='ocrx_word' id='word_1_220' title='bbox 1284 1405 1429 1439; x_wconf 84' lang='lat' dir='ltr'><strong>collecta</strong></span> <span class='ocrx_word' id='word_1_221' title='bbox 1445 1408 1535 1448; x_wconf 82' lang='lat' dir='ltr'><strong>sunt,</strong></span> <span class='ocrx_word' id='word_1_222' title='bbox 1551 1405 1612 1452; x_wconf 89' lang='lat' dir='ltr'><strong>qui</strong></span> <span class='ocrx_word' id='word_1_223' title='bbox 1623 1404 1788 1440; x_wconf 79' lang='lat' dir='ltr'><strong>adversus</strong></span> <span class='ocrx_word' id='word_1_224' title='bbox 1798 1403 1880 1440; x_wconf 85' lang='lat' dir='ltr'><strong>hae—</strong></span> 
     </span>
     <span class='ocr_line' id='line_1_22' title="bbox 334 1459 1880 1508; baseline 0.001 -12"><span class='ocrx_word' id='word_1_225' title='bbox 334 1462 459 1496; x_wconf 88' lang='lat' dir='ltr'><strong>reticos</strong></span> <span class='ocrx_word' id='word_1_226' title='bbox 476 1461 699 1507; x_wconf 85' lang='lat' dir='ltr'><strong>scripserunt.</strong></span> <span class='ocrx_word' id='word_1_227' title='bbox 737 1459 806 1496; x_wconf 88' lang='lat' dir='ltr'><strong>Sed</strong></span> <span class='ocrx_word' id='word_1_228' title='bbox 826 1461 915 1496; x_wconf 86' lang='lat' dir='ltr'><strong>mira</strong></span> <span class='ocrx_word' id='word_1_229' title='bbox 935 1460 1106 1507; x_wconf 84' lang='lat' dir='ltr'><strong>quaedam</strong></span> <span class='ocrx_word' id='word_1_230' title='bbox 1125 1460 1162 1495; x_wconf 91' lang='grc'><strong>111</strong></span> <span class='ocrx_word' id='word_1_231' title='bbox 1185 1460 1491 1507; x_wconf 83' lang='lat' dir='ltr'><strong>quadragesimalis</strong></span> <span class='ocrx_word' id='word_1_232' title='bbox 1506 1461 1627 1496; x_wconf 90' lang='lat' dir='ltr'><strong>ieiunii</strong></span> <span class='ocrx_word' id='word_1_233' title='bbox 1641 1462 1808 1508; x_wconf 85' lang='lat' dir='ltr'><strong>religione</strong></span> <span class='ocrx_word' id='word_1_234' title='bbox 1822 1472 1880 1498; x_wconf 81' lang='lat' dir='ltr'><strong>va-</strong></span> 
     </span>
     <span class='ocr_line' id='line_1_23' title="bbox 336 1516 1882 1566; baseline 0.001 -13"><span class='ocrx_word' id='word_1_235' title='bbox 336 1519 441 1554; x_wconf 85' lang='lat' dir='ltr'><strong>rietas</strong></span> <span class='ocrx_word' id='word_1_236' title='bbox 457 1518 549 1565; x_wconf 88' lang='lat' dir='ltr'><strong>apud</strong></span> <span class='ocrx_word' id='word_1_237' title='bbox 565 1518 726 1564; x_wconf 86' lang='lat' dir='ltr'><strong>antiquos</strong></span> <span class='ocrx_word' id='word_1_238' title='bbox 742 1518 873 1561; x_wconf 80' lang='lat' dir='ltr'><strong>extitit,</strong></span> <span class='ocrx_word' id='word_1_239' title='bbox 893 1517 934 1552; x_wconf 87' lang='lat' dir='ltr'><strong>de</strong></span> <span class='ocrx_word' id='word_1_240' title='bbox 950 1527 1020 1564; x_wconf 87' lang='lat' dir='ltr'><strong>qua</strong></span> <span class='ocrx_word' id='word_1_241' title='bbox 1034 1516 1193 1553; x_wconf 79' lang='lat' dir='ltr'><strong>irenaeus</strong></span> <span class='ocrx_word' id='word_1_242' title='bbox 1209 1518 1300 1565; x_wconf 87' lang='lat' dir='ltr'><strong>apud</strong></span> <span class='ocrx_word' id='word_1_243' title='bbox 1315 1518 1502 1554; x_wconf 86' lang='lat' dir='ltr'><strong>Eusebium</strong></span> <span class='ocrx_word' id='word_1_244' title='bbox 1517 1519 1576 1555; x_wconf 93' lang='lat' dir='ltr'><strong>lib.</strong></span> <span class='ocrx_word' id='word_1_245' title='bbox 1589 1531 1621 1556; x_wconf 82' lang='lat' dir='ltr'><strong>v.</strong></span> <span class='ocrx_word' id='word_1_246' title='bbox 1638 1529 1712 1566; x_wconf 87' lang='lat' dir='ltr'><strong>cap.</strong></span> <span class='ocrx_word' id='word_1_247' title='bbox 1724 1530 1832 1563; x_wconf 67' lang='lat' dir='ltr'><strong>xxm,</strong></span> <span class='ocrx_word' id='word_1_248' title='bbox 1847 1522 1882 1555; x_wconf 89' lang='lat' dir='ltr'><strong>et</strong></span> 
     </span>
     <span class='ocr_line' id='line_1_24' title="bbox 337 1574 1880 1622; baseline 0.001 -11"><span class='ocrx_word' id='word_1_249' title='bbox 337 1575 496 1611; x_wconf 84' lang='lat' dir='ltr'><strong>Socrates</strong></span> <span class='ocrx_word' id='word_1_250' title='bbox 512 1575 571 1611; x_wconf 91' lang='lat' dir='ltr'><strong>lib.</strong></span> <span class='ocrx_word' id='word_1_251' title='bbox 583 1588 617 1612; x_wconf 85' lang='lat' dir='ltr'><strong>v.</strong></span> <span class='ocrx_word' id='word_1_252' title='bbox 635 1586 709 1622; x_wconf 88' lang='lat' dir='ltr'><strong>cap.</strong></span> <span class='ocrx_word' id='word_1_253' title='bbox 722 1587 809 1612; x_wconf 83' lang='lat' dir='ltr'><strong>xxrr.</strong></span> <span class='ocrx_word' id='word_1_254' title='bbox 838 1574 905 1618; x_wconf 89' lang='lat' dir='ltr'><strong>Qui</strong></span> <span class='ocrx_word' id='word_1_255' title='bbox 920 1574 1058 1621; x_wconf 89' lang='lat' dir='ltr'><strong>quidem</strong></span> <span class='ocrx_word' id='word_1_256' title='bbox 1074 1574 1256 1621; x_wconf 82' lang='lat' dir='ltr'><strong>insigniter</strong></span> <span class='ocrx_word' id='word_1_257' title='bbox 1271 1575 1419 1619; x_wconf 83' lang='lat' dir='ltr'><strong>aberrat,</strong></span> <span class='ocrx_word' id='word_1_258' title='bbox 1435 1576 1517 1611; x_wconf 92' lang='lat' dir='ltr'><strong>dum</strong></span> <span class='ocrx_word' id='word_1_259' title='bbox 1532 1576 1662 1612; x_wconf 85' lang='lat' dir='ltr'><strong>Romae</strong></span> <span class='ocrx_word' id='word_1_260' title='bbox 1678 1576 1796 1612; x_wconf 85' lang='lat' dir='ltr'><strong>scribit</strong></span> <span class='ocrx_word' id='word_1_261' title='bbox 1809 1579 1880 1611; x_wconf 87' lang='lat' dir='ltr'><strong>tres</strong></span> 
     </span>
     <span class='ocr_line' id='line_1_25' title="bbox 336 1631 1880 1680; baseline 0 -12"><span class='ocrx_word' id='word_1_262' title='bbox 336 1633 506 1668; x_wconf 82' lang='lat' dir='ltr'><strong>duntaxat</strong></span> <span class='ocrx_word' id='word_1_263' title='bbox 519 1631 752 1668; x_wconf 85' lang='lat' dir='ltr'><strong>hebdomadas</strong></span> <span class='ocrx_word' id='word_1_264' title='bbox 769 1637 848 1668; x_wconf 84' lang='lat' dir='ltr'><strong>ante</strong></span> <span class='ocrx_word' id='word_1_265' title='bbox 864 1631 997 1667; x_wconf 86' lang='lat' dir='ltr'><strong>Pascha</strong></span> <span class='ocrx_word' id='word_1_266' title='bbox 1012 1632 1177 1667; x_wconf 87' lang='lat' dir='ltr'><strong>continuo</strong></span> <span class='ocrx_word' id='word_1_267' title='bbox 1192 1631 1355 1676; x_wconf 77' lang='grc'>1011111011,</span> <span class='ocrx_word' id='word_1_268' title='bbox 1377 1637 1521 1680; x_wconf 89' lang='lat' dir='ltr'><strong>excepto</strong></span> <span class='ocrx_word' id='word_1_269' title='bbox 1543 1633 1685 1668; x_wconf 85' lang='lat' dir='ltr'><strong>sabbato</strong></span> <span class='ocrx_word' id='word_1_270' title='bbox 1709 1643 1750 1669; x_wconf 86' lang='lat' dir='ltr'><strong>ac</strong></span> <span class='ocrx_word' id='word_1_271' title='bbox 1773 1633 1880 1668; x_wconf 84' lang='lat' dir='ltr'><strong>domi·</strong></span> 
     </span>
     <span class='ocr_line' id='line_1_26' title="bbox 335 1688 1880 1737; baseline 0 -11"><span class='ocrx_word' id='word_1_272' title='bbox 335 1691 425 1727; x_wconf 87' lang='lat' dir='ltr'><strong>nica.</strong></span> <span class='ocrx_word' id='word_1_273' title='bbox 458 1689 557 1733; x_wconf 87' lang='lat' dir='ltr'><strong>Quod</strong></span> <span class='ocrx_word' id='word_1_274' title='bbox 578 1701 683 1737; x_wconf 88' lang='lat' dir='ltr'><strong>supra</strong></span> <span class='ocrx_word' id='word_1_275' title='bbox 704 1690 891 1725; x_wconf 78' lang='lat' dir='ltr'><strong>refutatum</strong></span> <span class='ocrx_word' id='word_1_276' title='bbox 913 1693 976 1725; x_wconf 88' lang='lat' dir='ltr'><strong>est.</strong></span> <span class='ocrx_word' id='word_1_277' title='bbox 1013 1689 1160 1725; x_wconf 87' lang='lat' dir='ltr'><strong>Subiicit</strong></span> <span class='ocrx_word' id='word_1_278' title='bbox 1174 1688 1296 1724; x_wconf 89' lang='lat' dir='ltr'><strong>deinde</strong></span> <span class='ocrx_word' id='word_1_279' title='bbox 1319 1701 1382 1725; x_wconf 88' lang='lat' dir='ltr'><strong>sex</strong></span> <span class='ocrx_word' id='word_1_280' title='bbox 1398 1690 1443 1725; x_wconf 90' lang='lat' dir='ltr'><strong>ab</strong></span> <span class='ocrx_word' id='word_1_281' title='bbox 1459 1691 1535 1726; x_wconf 88' lang='lat' dir='ltr'><strong>aliis</strong></span> <span class='ocrx_word' id='word_1_282' title='bbox 1550 1689 1785 1726; x_wconf 84' lang='lat' dir='ltr'><strong>hebdomadas</strong></span> <span class='ocrx_word' id='word_1_283' title='bbox 1801 1693 1880 1726; x_wconf 81' lang='lat' dir='ltr'><strong>ante</strong></span> 
     </span>
     <span class='ocr_line' id='line_1_27' title="bbox 336 1746 1880 1795; baseline 0 -12"><span class='ocrx_word' id='word_1_284' title='bbox 336 1747 480 1795; x_wconf 85' lang='lat' dir='ltr'><strong>pascha,</strong></span> <span class='ocrx_word' id='word_1_285' title='bbox 496 1748 541 1783; x_wconf 91' lang='lat' dir='ltr'><strong>ab</strong></span> <span class='ocrx_word' id='word_1_286' title='bbox 558 1747 635 1783; x_wconf 87' lang='lat' dir='ltr'><strong>aliis</strong></span> <span class='ocrx_word' id='word_1_287' title='bbox 650 1750 799 1794; x_wconf 78' lang='lat' dir='ltr'><strong>septem,</strong></span> <span class='ocrx_word' id='word_1_288' title='bbox 813 1747 943 1782; x_wconf 90' lang='lat' dir='ltr'><strong>ieiunio</strong></span> <span class='ocrx_word' id='word_1_289' title='bbox 959 1746 1163 1782; x_wconf 86' lang='lat' dir='ltr'><strong>consecrari.</strong></span> <span class='ocrx_word' id='word_1_290' title='bbox 1185 1747 1280 1782; x_wconf 85' lang='lat' dir='ltr'><strong>Alios</strong></span> <span class='ocrx_word' id='word_1_291' title='bbox 1297 1759 1343 1782; x_wconf 84' lang='lat' dir='ltr'><strong>xv</strong></span> <span class='ocrx_word' id='word_1_292' title='bbox 1359 1747 1452 1782; x_wconf 88' lang='lat' dir='ltr'><strong>solos</strong></span> <span class='ocrx_word' id='word_1_293' title='bbox 1468 1747 1540 1783; x_wconf 87' lang='lat' dir='ltr'><strong>dies</strong></span> <span class='ocrx_word' id='word_1_294' title='bbox 1555 1758 1616 1795; x_wconf 85' lang='lat' dir='ltr'><strong>per</strong></span> <span class='ocrx_word' id='word_1_295' title='bbox 1630 1759 1680 1785; x_wconf 88' lang='grc'><strong>111</strong></span> <span class='ocrx_word' id='word_1_296' title='bbox 1694 1746 1880 1784; x_wconf 90' lang='lat' dir='ltr'><strong>hebdoma-</strong></span> 
     </span>
     <span class='ocr_line' id='line_1_28' title="bbox 337 1803 1881 1853; baseline 0 -13"><span class='ocrx_word' id='word_1_297' title='bbox 337 1805 398 1840; x_wconf 84' lang='lat' dir='ltr'><strong>das</strong></span> <span class='ocrx_word' id='word_1_298' title='bbox 414 1805 623 1851; x_wconf 88' lang='lat' dir='ltr'><strong>dispensare.</strong></span> <span class='ocrx_word' id='word_1_299' title='bbox 660 1803 726 1846; x_wconf 87' lang='lat' dir='ltr'><strong>Qui</strong></span> <span class='ocrx_word' id='word_1_300' title='bbox 742 1815 861 1839; x_wconf 89' lang='lat' dir='ltr'><strong>omnes</strong></span> <span class='ocrx_word' id='word_1_301' title='bbox 877 1814 980 1839; x_wconf 90' lang='grc'>01111111</span> <span class='ocrx_word' id='word_1_302' title='bbox 994 1803 1094 1839; x_wconf 89' lang='grc'>11111111</span> <span class='ocrx_word' id='word_1_303' title='bbox 1109 1803 1243 1839; x_wconf 88' lang='lat' dir='ltr'><strong>dierum</strong></span> <span class='ocrx_word' id='word_1_304' title='bbox 1257 1815 1439 1840; x_wconf 85' lang='lat' dir='ltr'><strong>numerum</strong></span> <span class='ocrx_word' id='word_1_305' title='bbox 1455 1803 1716 1852; x_wconf 80' lang='grc' dir='ltr'><strong>τεσσαρακοστὴν</strong></span> <span class='ocrx_word' id='word_1_306' title='bbox 1730 1804 1881 1853; x_wconf 86' lang='lat' dir='ltr'><strong>appella-</strong></span> 
     </span>
     <span class='ocr_line' id='line_1_29' title="bbox 336 1859 1880 1908; baseline 0.001 -11"><span class='ocrx_word' id='word_1_307' title='bbox 336 1863 430 1898; x_wconf 89' lang='lat' dir='ltr'><strong>bant.</strong></span> <span class='ocrx_word' id='word_1_308' title='bbox 465 1862 558 1897; x_wconf 88' lang='lat' dir='ltr'><strong>Sane</strong></span> <span class='ocrx_word' id='word_1_309' title='bbox 579 1861 671 1908; x_wconf 83' lang='lat' dir='ltr'><strong>apud</strong></span> <span class='ocrx_word' id='word_1_310' title='bbox 691 1860 851 1897; x_wconf 87' lang='lat' dir='ltr'><strong>Photium</strong></span> <span class='ocrx_word' id='word_1_311' title='bbox 872 1872 968 1898; x_wconf 88' lang='lat' dir='ltr'><strong>num.</strong></span> <span class='ocrx_word' id='word_1_312' title='bbox 983 1871 1066 1897; x_wconf 85' lang='grc'>0111.</span> <span class='ocrx_word' id='word_1_313' title='bbox 1082 1859 1233 1896; x_wconf 84' lang='lat' dir='ltr'><strong>Basilius</strong></span> <span class='ocrx_word' id='word_1_314' title='bbox 1249 1861 1340 1896; x_wconf 86' lang='lat' dir='ltr'><strong>Gilix</strong></span> <span class='ocrx_word' id='word_1_315' title='bbox 1356 1861 1579 1897; x_wconf 88' lang='lat' dir='ltr'><strong>Nestorianus</strong></span> <span class='ocrx_word' id='word_1_316' title='bbox 1601 1861 1767 1897; x_wconf 85' lang='lat' dir='ltr'><strong>adversus</strong></span> <span class='ocrx_word' id='word_1_317' title='bbox 1781 1861 1880 1898; x_wconf 87' lang='lat' dir='ltr'><strong>Ioan-</strong></span> 
     </span>
     <span class='ocr_line' id='line_1_30' title="bbox 336 1908 1880 1966; baseline -0.001 -12"><span class='ocrx_word' id='word_1_318' title='bbox 336 1930 416 1954; x_wconf 90' lang='lat' dir='ltr'><strong>nem</strong></span> <span class='ocrx_word' id='word_1_319' title='bbox 431 1918 756 1965; x_wconf 75' lang='lat' dir='ltr'><strong>Scythopolitanum</strong></span> <span class='ocrx_word' id='word_1_320' title='bbox 776 1918 929 1954; x_wconf 87' lang='lat' dir='ltr'><strong>scribens</strong></span> <span class='ocrx_word' id='word_1_321' title='bbox 954 1918 1073 1953; x_wconf 87' lang='lat' dir='ltr'><strong>obiicit</strong></span> <span class='ocrx_word' id='word_1_322' title='bbox 1091 1918 1182 1953; x_wconf 86' lang='grc'>111101</span> <span class='ocrx_word' id='word_1_323' title='bbox 1197 1922 1349 1954; x_wconf 84' lang='lat' dir='ltr'><strong>caetera:</strong></span> <span class='ocrx_word' id='word_1_324' title='bbox 1372 1917 1421 1953; x_wconf 73' lang='grc' dir='ltr'><strong>ὅτι</strong></span> <span class='ocrx_word' id='word_1_325' title='bbox 1436 1908 1493 1963; x_wconf 61' lang='lat' dir='ltr'><strong>‘div</strong></span> <span class='ocrx_word' id='word_1_326' title='bbox 1510 1918 1603 1966; x_wconf 83' lang='grc' dir='ltr'><strong>ἁγίαν</strong></span> <span class='ocrx_word' id='word_1_327' title='bbox 1619 1917 1880 1966; x_wconf 75' lang='grc' dir='ltr'><strong>τεσσαρακοστὴν</strong></span> 
     </span>
     <span class='ocr_line' id='line_1_31' title="bbox 336 1973 1879 2024; baseline 0.001 -14"><span class='ocrx_word' id='word_1_328' title='bbox 336 1974 378 2016; x_wconf 81' lang='grc' dir='ltr'><strong>εἰς</strong></span> <span class='ocrx_word' id='word_1_329' title='bbox 394 1978 476 2023; x_wconf 59' lang='lat' dir='ltr'><strong>epa&lt;</strong></span> <span class='ocrx_word' id='word_1_330' title='bbox 493 1974 675 2022; x_wconf 76' lang='grc' dir='ltr'><strong>ίβδομάδας</strong></span> <span class='ocrx_word' id='word_1_331' title='bbox 691 1974 882 2022; x_wconf 77' lang='grc' dir='ltr'><strong>συγκλεὶων,</strong></span> <span class='ocrx_word' id='word_1_332' title='bbox 905 1974 982 2010; x_wconf 59' lang='lat' dir='ltr'><strong>ozai</strong></span> <span class='ocrx_word' id='word_1_333' title='bbox 1005 1973 1037 2009; x_wconf 78' lang='grc' dir='ltr'><strong>ἔν</strong></span> <span class='ocrx_word' id='word_1_334' title='bbox 1053 1974 1181 2016; x_wconf 75' lang='grc' dir='ltr'><strong>ταύταις</strong></span> <span class='ocrx_word' id='word_1_335' title='bbox 1198 1977 1255 2020; x_wconf 82' lang='grc' dir='ltr'><strong>τῆς</strong></span> <span class='ocrx_word' id='word_1_336' title='bbox 1270 1977 1335 2010; x_wconf 82' lang='grc' dir='ltr'><strong>τῶν</strong></span> <span class='ocrx_word' id='word_1_337' title='bbox 1351 1977 1480 2019; x_wconf 85' lang='grc' dir='ltr'><strong>πτηνῶν</strong></span> <span class='ocrx_word' id='word_1_338' title='bbox 1497 1975 1701 2023; x_wconf 77' lang='grc' dir='ltr'><strong>κρεωφαγίας</strong></span> <span class='ocrx_word' id='word_1_339' title='bbox 1717 1974 1879 2024; x_wconf 81' lang='grc' dir='ltr'><strong>ἀπείχετο.</strong></span> 
     </span>
     <span class='ocr_line' id='line_1_32' title="bbox 335 2031 1880 2080; baseline 0 -11"><span class='ocrx_word' id='word_1_340' title='bbox 335 2033 415 2069; x_wconf 83' lang='lat' dir='ltr'><strong>Fuit</strong></span> <span class='ocrx_word' id='word_1_341' title='bbox 429 2033 522 2068; x_wconf 89' lang='lat' dir='ltr'><strong>enim</strong></span> <span class='ocrx_word' id='word_1_342' title='bbox 537 2043 608 2068; x_wconf 89' lang='grc'><strong>000</strong></span> <span class='ocrx_word' id='word_1_343' title='bbox 623 2032 738 2067; x_wconf 88' lang='lat' dir='ltr'><strong>minor</strong></span> <span class='ocrx_word' id='word_1_344' title='bbox 753 2032 790 2068; x_wconf 91' lang='lat' dir='ltr'><strong>in</strong></span> <span class='ocrx_word' id='word_1_345' title='bbox 805 2032 961 2068; x_wconf 86' lang='lat' dir='ltr'><strong>ciborum</strong></span> <span class='ocrx_word' id='word_1_346' title='bbox 978 2031 1113 2068; x_wconf 88' lang='lat' dir='ltr'><strong>delectu</strong></span> <span class='ocrx_word' id='word_1_347' title='bbox 1129 2032 1404 2079; x_wconf 81' lang='lat' dir='ltr'><strong>abstinentiaque</strong></span> <span class='ocrx_word' id='word_1_348' title='bbox 1420 2032 1599 2068; x_wconf 86' lang='lat' dir='ltr'><strong>diversitas</strong></span> <span class='ocrx_word' id='word_1_349' title='bbox 1609 2059 1618 2076; x_wconf 90' lang='lat'><strong>,</strong></span> <span class='ocrx_word' id='word_1_350' title='bbox 1641 2033 1682 2068; x_wconf 94' lang='lat' dir='ltr'><strong>de</strong></span> <span class='ocrx_word' id='word_1_351' title='bbox 1704 2043 1775 2080; x_wconf 87' lang='lat' dir='ltr'><strong>qua</strong></span> <span class='ocrx_word' id='word_1_352' title='bbox 1787 2032 1880 2069; x_wconf 88' lang='lat' dir='ltr'><strong>idem</strong></span> 
     </span>
     <span class='ocr_line' id='line_1_33' title="bbox 335 2088 1879 2137; baseline 0 -11"><span class='ocrx_word' id='word_1_353' title='bbox 335 2091 505 2126; x_wconf 80' lang='lat' dir='ltr'><strong>Socrates.</strong></span> <span class='ocrx_word' id='word_1_354' title='bbox 528 2089 614 2125; x_wconf 84' lang='lat' dir='ltr'><strong>Vide</strong></span> <span class='ocrx_word' id='word_1_355' title='bbox 629 2093 664 2124; x_wconf 89' lang='grc'><strong>01</strong></span> <span class='ocrx_word' id='word_1_356' title='bbox 679 2089 883 2125; x_wconf 85' lang='lat' dir='ltr'><strong>Cassianum</strong></span> <span class='ocrx_word' id='word_1_357' title='bbox 900 2090 1014 2125; x_wconf 85' lang='lat' dir='ltr'><strong>collat.</strong></span> <span class='ocrx_word' id='word_1_358' title='bbox 1024 2101 1108 2133; x_wconf 87' lang='lat' dir='ltr'><strong>xxr.,</strong></span> <span class='ocrx_word' id='word_1_359' title='bbox 1123 2089 1346 2125; x_wconf 86' lang='lat' dir='ltr'><strong>Ambrosium</strong></span> <span class='ocrx_word' id='word_1_360' title='bbox 1362 2088 1580 2125; x_wconf 85' lang='lat' dir='ltr'><strong>Serm.xx111.</strong></span> <span class='ocrx_word' id='word_1_361' title='bbox 1597 2094 1631 2125; x_wconf 88' lang='lat' dir='ltr'><strong>et</strong></span> <span class='ocrx_word' id='word_1_362' title='bbox 1645 2090 1879 2137; x_wconf 87' lang='lat' dir='ltr'><strong>sequentibus.</strong></span> 
     </span>
     <span class='ocr_line' id='line_1_34' title="bbox 335 2143 1879 2194; baseline 0 -11"><span class='ocrx_word' id='word_1_363' title='bbox 335 2148 472 2184; x_wconf 82' lang='lat' dir='ltr'><strong>Sosom.</strong></span> <span class='ocrx_word' id='word_1_364' title='bbox 489 2147 546 2183; x_wconf 90' lang='lat' dir='ltr'><strong>lib.</strong></span> <span class='ocrx_word' id='word_1_365' title='bbox 559 2158 620 2182; x_wconf 88' lang='grc'>111.</span> <span class='ocrx_word' id='word_1_366' title='bbox 636 2156 712 2193; x_wconf 82' lang='lat' dir='ltr'><strong>cap.</strong></span> <span class='ocrx_word' id='word_1_367' title='bbox 725 2157 798 2182; x_wconf 86' lang='lat' dir='ltr'><strong>xrx.</strong></span> <span class='ocrx_word' id='word_1_368' title='bbox 822 2145 1035 2193; x_wconf 79' lang='lat' dir='ltr'><strong>Epiphanius</strong></span> <span class='ocrx_word' id='word_1_369' title='bbox 1050 2157 1152 2193; x_wconf 90' lang='lat' dir='ltr'><strong>porro</strong></span> <span class='ocrx_word' id='word_1_370' title='bbox 1166 2157 1228 2193; x_wconf 88' lang='lat' dir='ltr'><strong>per</strong></span> <span class='ocrx_word' id='word_1_371' title='bbox 1244 2143 1324 2181; x_wconf 68' lang='grc' dir='ltr'><strong>ἔπτὰ</strong></span> <span class='ocrx_word' id='word_1_372' title='bbox 1339 2145 1459 2193; x_wconf 73' lang='grc' dir='ltr'><strong>ἡμέρας</strong></span> <span class='ocrx_word' id='word_1_373' title='bbox 1475 2149 1533 2181; x_wconf 82' lang='grc' dir='ltr'><strong>τοῦ</strong></span> <span class='ocrx_word' id='word_1_374' title='bbox 1550 2147 1682 2194; x_wconf 81' lang='grc' dir='ltr'><strong>πάσχα,</strong></span> <span class='ocrx_word' id='word_1_375' title='bbox 1697 2150 1777 2182; x_wconf 83' lang='grc'>11010</span> <span class='ocrx_word' id='word_1_376' title='bbox 1793 2157 1879 2194; x_wconf 84' lang='lat' dir='ltr'><strong>quas</strong></span> 
     </span>
     <span class='ocr_line' id='line_1_35' title="bbox 335 2202 1880 2252; baseline 0.001 -13"><span class='ocrx_word' id='word_1_377' title='bbox 335 2204 393 2249; x_wconf 82' lang='grc' dir='ltr'><strong>τὴν</strong></span> <span class='ocrx_word' id='word_1_378' title='bbox 407 2202 669 2251; x_wconf 76' lang='grc' dir='ltr'><strong>τεσσαρακοστὴν</strong></span> <span class='ocrx_word' id='word_1_379' title='bbox 685 2203 851 2240; x_wconf 85' lang='lat' dir='ltr'><strong>celebrari</strong></span> <span class='ocrx_word' id='word_1_380' title='bbox 871 2203 970 2246; x_wconf 83' lang='lat' dir='ltr'><strong>dicit,</strong></span> <span class='ocrx_word' id='word_1_381' title='bbox 993 2214 1064 2239; x_wconf 91' lang='lat' dir='ltr'><strong>non</strong></span> <span class='ocrx_word' id='word_1_382' title='bbox 1086 2214 1164 2239; x_wconf 85' lang='lat' dir='ltr'><strong>eam</strong></span> <span class='ocrx_word' id='word_1_383' title='bbox 1187 2202 1436 2239; x_wconf 86' lang='lat' dir='ltr'><strong>hebdomadem</strong></span> <span class='ocrx_word' id='word_1_384' title='bbox 1458 2203 1621 2251; x_wconf 81' lang='lat' dir='ltr'><strong>intelligit</strong></span> <span class='ocrx_word' id='word_1_385' title='bbox 1643 2214 1730 2251; x_wconf 85' lang='lat' dir='ltr'><strong>quae</strong></span> <span class='ocrx_word' id='word_1_386' title='bbox 1752 2203 1880 2252; x_wconf 83' lang='lat' dir='ltr'><strong>pascha</strong></span> 
     </span>
     <span class='ocr_line' id='line_1_36' title="bbox 334 2255 1878 2309; baseline 0 -12"><span class='ocrx_word' id='word_1_387' title='bbox 334 2261 523 2309; x_wconf 87' lang='lat' dir='ltr'><strong>praecedit,</strong></span> <span class='ocrx_word' id='word_1_388' title='bbox 544 2261 596 2296; x_wconf 82' lang='lat' dir='ltr'><strong>uti</strong></span> <span class='ocrx_word' id='word_1_389' title='bbox 615 2261 738 2308; x_wconf 70' lang='lat' dir='ltr'><strong>postea</strong></span> <span class='ocrx_word' id='word_1_390' title='bbox 757 2270 838 2300; x_wconf 69' lang='lat' dir='ltr'><strong>enm</strong></span> <span class='ocrx_word' id='word_1_391' title='bbox 852 2258 909 2301; x_wconf 68' lang='grc' dir='ltr'><strong>τὰς</strong></span> <span class='ocrx_word' id='word_1_392' title='bbox 923 2259 957 2302; x_wconf 61' lang='lat' dir='ltr'><strong>l}</strong></span> <span class='ocrx_word' id='word_1_393' title='bbox 972 2258 1093 2308; x_wconf 68' lang='grc' dir='ltr'><strong>ἡμέρας</strong></span> <span class='ocrx_word' id='word_1_394' title='bbox 1109 2263 1168 2295; x_wconf 78' lang='grc' dir='ltr'><strong>τοῦ</strong></span> <span class='ocrx_word' id='word_1_395' title='bbox 1185 2258 1299 2307; x_wconf 77' lang='grc' dir='ltr'><strong>πάσχα</strong></span> <span class='ocrx_word' id='word_1_396' title='bbox 1318 2261 1492 2303; x_wconf 81' lang='lat' dir='ltr'><strong>nominat,</strong></span> <span class='ocrx_word' id='word_1_397' title='bbox 1514 2260 1574 2297; x_wconf 87' lang='lat' dir='ltr'><strong>sed</strong></span> <span class='ocrx_word' id='word_1_398' title='bbox 1595 2260 1636 2296; x_wconf 91' lang='lat' dir='ltr'><strong>de</strong></span> <span class='ocrx_word' id='word_1_399' title='bbox 1659 2255 1878 2308; x_wconf 83' lang='lat' dir='ltr'><strong>paschalibus</strong></span> 
     </span>
     <span class='ocr_line' id='line_1_37' title="bbox 334 2316 1879 2366; baseline -0.001 -11"><span class='ocrx_word' id='word_1_400' title='bbox 334 2330 384 2355; x_wconf 83' lang='grc'><strong>111</strong></span> <span class='ocrx_word' id='word_1_401' title='bbox 404 2318 500 2355; x_wconf 73' lang='lat' dir='ltr'><strong>{eriis</strong></span> <span class='ocrx_word' id='word_1_402' title='bbox 522 2318 684 2365; x_wconf 80' lang='lat' dir='ltr'><strong>loquitur,</strong></span> <span class='ocrx_word' id='word_1_403' title='bbox 707 2324 796 2366; x_wconf 68' lang='lat' dir='ltr'><strong>quas</strong></span> <span class='ocrx_word' id='word_1_404' title='bbox 804 2316 990 2355; x_wconf 66' lang='lat' dir='ltr'><strong>mtecedit</strong></span> <span class='ocrx_word' id='word_1_405' title='bbox 1011 2317 1311 2364; x_wconf 77' lang='lat' dir='ltr'><strong>quadragesimale</strong></span> <span class='ocrx_word' id='word_1_406' title='bbox 1334 2317 1511 2353; x_wconf 89' lang='lat' dir='ltr'><strong>ieiunium.</strong></span> <span class='ocrx_word' id='word_1_407' title='bbox 1546 2317 1669 2353; x_wconf 86' lang='lat' dir='ltr'><strong>Utrum</strong></span> <span class='ocrx_word' id='word_1_408' title='bbox 1684 2328 1765 2354; x_wconf 86' lang='lat' dir='ltr'><strong>vero</strong></span> <span class='ocrx_word' id='word_1_409' title='bbox 1788 2318 1879 2366; x_wconf 86' lang='lat' dir='ltr'><strong>apud</strong></span> 
     </span>
    </p>
   </div>
   <div class='ocr_carea' id='block_1_3' title="bbox 289 2372 1879 2423">
    <p class='ocr_par' dir='ltr' id='par_1_4' title="bbox 289 2372 1879 2423">
     <span class='ocr_line' id='line_1_38' title="bbox 289 2372 1879 2423; baseline 0.001 -13"><span class='ocrx_word' id='word_1_410' title='bbox 289 2402 297 2410; x_wconf 85' lang='lat'><strong>.</strong></span> <span class='ocrx_word' id='word_1_411' title='bbox 334 2376 496 2423; x_wconf 79' lang='lat' dir='ltr'><strong>Cyprios,</strong></span> <span class='ocrx_word' id='word_1_412' title='bbox 518 2375 580 2411; x_wconf 89' lang='lat' dir='ltr'><strong>ubi</strong></span> <span class='ocrx_word' id='word_1_413' title='bbox 594 2374 678 2412; x_wconf 84' lang='lat' dir='ltr'><strong>haee</strong></span> <span class='ocrx_word' id='word_1_414' title='bbox 692 2373 868 2413; x_wconf 68' lang='lat' dir='ltr'><strong>scrihebat</strong></span> <span class='ocrx_word' id='word_1_415' title='bbox 880 2372 1110 2422; x_wconf 70' lang='lat' dir='ltr'><strong>Epiphanius,</strong></span> <span class='ocrx_word' id='word_1_416' title='bbox 1133 2374 1281 2411; x_wconf 81' lang='lat' dir='ltr'><strong>sabbata</strong></span> <span class='ocrx_word' id='word_1_417' title='bbox 1296 2374 1651 2422; x_wconf 79' lang='lat' dir='ltr'><strong>quadragesimalibus</strong></span> <span class='ocrx_word' id='word_1_418' title='bbox 1666 2374 1802 2411; x_wconf 89' lang='lat' dir='ltr'><strong>ieiuniis</strong></span> <span class='ocrx_word' id='word_1_419' title='bbox 1819 2386 1879 2411; x_wconf 82' lang='lat' dir='ltr'><strong>ex-</strong></span> 
     </span>
    </p>
   </div>
   <div class='ocr_carea' id='block_1_4' title="bbox 332 2431 1879 3107">
    <p class='ocr_par' dir='ltr' id='par_1_5' title="bbox 332 2431 1879 3051">
     <span class='ocr_line' id='line_1_39' title="bbox 334 2431 1879 2481; baseline 0 -12"><span class='ocrx_word' id='word_1_420' title='bbox 334 2437 451 2480; x_wconf 86' lang='lat' dir='ltr'><strong>empta</strong></span> <span class='ocrx_word' id='word_1_421' title='bbox 465 2433 552 2476; x_wconf 86' lang='lat' dir='ltr'><strong>sint,</strong></span> <span class='ocrx_word' id='word_1_422' title='bbox 574 2443 645 2469; x_wconf 89' lang='lat' dir='ltr'><strong>non</strong></span> <span class='ocrx_word' id='word_1_423' title='bbox 666 2432 751 2469; x_wconf 79' lang='lat' dir='ltr'><strong>satis</strong></span> <span class='ocrx_word' id='word_1_424' title='bbox 773 2435 926 2481; x_wconf 78' lang='lat' dir='ltr'><strong>apparet.</strong></span> <span class='ocrx_word' id='word_1_425' title='bbox 960 2432 1009 2468; x_wconf 80' lang='lat' dir='ltr'><strong>Ac</strong></span> <span class='ocrx_word' id='word_1_426' title='bbox 1025 2431 1182 2467; x_wconf 77' lang='lat' dir='ltr'><strong>videntur</strong></span> <span class='ocrx_word' id='word_1_427' title='bbox 1198 2443 1241 2468; x_wconf 87' lang='lat' dir='ltr'><strong>ex</strong></span> <span class='ocrx_word' id='word_1_428' title='bbox 1259 2432 1493 2468; x_wconf 80' lang='lat' dir='ltr'><strong>Romanorum</strong></span> <span class='ocrx_word' id='word_1_429' title='bbox 1507 2432 1721 2479; x_wconf 85' lang='lat' dir='ltr'><strong>aliorumque</strong></span> <span class='ocrx_word' id='word_1_430' title='bbox 1737 2443 1879 2469; x_wconf 89' lang='lat' dir='ltr'><strong>consue-</strong></span> 
     </span>
     <span class='ocr_line' id='line_1_40' title="bbox 333 2488 1877 2536; baseline -0.001 -10"><span class='ocrx_word' id='word_1_431' title='bbox 333 2490 452 2526; x_wconf 82' lang='lat' dir='ltr'><strong>tudine</strong></span> <span class='ocrx_word' id='word_1_432' title='bbox 468 2491 571 2526; x_wconf 85' lang='lat' dir='ltr'><strong>etiam</strong></span> <span class='ocrx_word' id='word_1_433' title='bbox 588 2490 709 2526; x_wconf 90' lang='lat' dir='ltr'><strong>diebus</strong></span> <span class='ocrx_word' id='word_1_434' title='bbox 724 2490 794 2526; x_wconf 87' lang='lat' dir='ltr'><strong>illis</strong></span> <span class='ocrx_word' id='word_1_435' title='bbox 809 2489 998 2532; x_wconf 85' lang='lat' dir='ltr'><strong>ieiunasse,</strong></span> <span class='ocrx_word' id='word_1_436' title='bbox 1021 2499 1100 2525; x_wconf 86' lang='lat' dir='ltr'><strong>cum</strong></span> <span class='ocrx_word' id='word_1_437' title='bbox 1120 2490 1214 2525; x_wconf 88' lang='lat' dir='ltr'><strong>solos</strong></span> <span class='ocrx_word' id='word_1_438' title='bbox 1231 2488 1422 2525; x_wconf 87' lang='lat' dir='ltr'><strong>dominicos</strong></span> <span class='ocrx_word' id='word_1_439' title='bbox 1438 2488 1510 2525; x_wconf 85' lang='lat' dir='ltr'><strong>dies</strong></span> <span class='ocrx_word' id='word_1_440' title='bbox 1526 2489 1686 2536; x_wconf 86' lang='lat' dir='ltr'><strong>excipiat.</strong></span> <span class='ocrx_word' id='word_1_441' title='bbox 1720 2489 1877 2525; x_wconf 73' lang='lat' dir='ltr'><strong>Profecto</strong></span> 
     </span>
     <span class='ocr_line' id='line_1_41' title="bbox 333 2545 1877 2593; baseline -0.001 -10"><span class='ocrx_word' id='word_1_442' title='bbox 333 2548 426 2583; x_wconf 88' lang='lat' dir='ltr'><strong>enim</strong></span> <span class='ocrx_word' id='word_1_443' title='bbox 447 2548 489 2583; x_wconf 91' lang='lat' dir='ltr'><strong>de</strong></span> <span class='ocrx_word' id='word_1_444' title='bbox 510 2547 665 2583; x_wconf 81' lang='lat' dir='ltr'><strong>sabbatis</strong></span> <span class='ocrx_word' id='word_1_445' title='bbox 685 2546 828 2583; x_wconf 87' lang='lat' dir='ltr'><strong>minime</strong></span> <span class='ocrx_word' id='word_1_446' title='bbox 850 2546 1024 2582; x_wconf 83' lang='lat' dir='ltr'><strong>tacuisset.</strong></span> <span class='ocrx_word' id='word_1_447' title='bbox 1063 2545 1270 2593; x_wconf 84' lang='lat' dir='ltr'><strong>Quanquam</strong></span> <span class='ocrx_word' id='word_1_448' title='bbox 1293 2545 1516 2583; x_wconf 80' lang='lat' dir='ltr'><strong>sabbatorum</strong></span> <span class='ocrx_word' id='word_1_449' title='bbox 1538 2546 1614 2582; x_wconf 89' lang='lat' dir='ltr'><strong>ideo</strong></span> <span class='ocrx_word' id='word_1_450' title='bbox 1638 2546 1784 2583; x_wconf 68' lang='grc'>10110000</span> <span class='ocrx_word' id='word_1_451' title='bbox 1806 2557 1877 2583; x_wconf 87' lang='lat' dir='ltr'><strong>non</strong></span> 
     </span>
     <span class='ocr_line' id='line_1_42' title="bbox 333 2602 1878 2652; baseline -0.001 -12"><span class='ocrx_word' id='word_1_452' title='bbox 333 2605 506 2648; x_wconf 85' lang='lat' dir='ltr'><strong>meminit,</strong></span> <span class='ocrx_word' id='word_1_453' title='bbox 529 2604 620 2652; x_wconf 90' lang='lat' dir='ltr'><strong>quod</strong></span> <span class='ocrx_word' id='word_1_454' title='bbox 643 2615 713 2641; x_wconf 87' lang='lat' dir='ltr'><strong>nou</strong></span> <span class='ocrx_word' id='word_1_455' title='bbox 734 2603 878 2640; x_wconf 87' lang='lat' dir='ltr'><strong>eandem</strong></span> <span class='ocrx_word' id='word_1_456' title='bbox 901 2603 992 2651; x_wconf 86' lang='lat' dir='ltr'><strong>apud</strong></span> <span class='ocrx_word' id='word_1_457' title='bbox 1008 2613 1128 2639; x_wconf 88' lang='lat' dir='ltr'><strong>omnes</strong></span> <span class='ocrx_word' id='word_1_458' title='bbox 1143 2603 1306 2639; x_wconf 88' lang='lat' dir='ltr'><strong>ecclesias</strong></span> <span class='ocrx_word' id='word_1_459' title='bbox 1322 2603 1470 2639; x_wconf 74' lang='lat' dir='ltr'><strong>formam</strong></span> <span class='ocrx_word' id='word_1_460' title='bbox 1485 2613 1562 2639; x_wconf 87' lang='lat' dir='ltr'><strong>esse</strong></span> <span class='ocrx_word' id='word_1_461' title='bbox 1578 2602 1878 2639; x_wconf 88' lang='lat' dir='ltr'><strong>consuetudinem-</strong></span> 
     </span>
     <span class='ocr_line' id='line_1_43' title="bbox 334 2659 1877 2708; baseline 0.001 -12"><span class='ocrx_word' id='word_1_462' title='bbox 334 2672 400 2707; x_wconf 87' lang='lat' dir='ltr'><strong>que</strong></span> <span class='ocrx_word' id='word_1_463' title='bbox 416 2666 586 2705; x_wconf 88' lang='lat' dir='ltr'><strong>cerneret,</strong></span> <span class='ocrx_word' id='word_1_464' title='bbox 609 2671 722 2708; x_wconf 87' lang='lat' dir='ltr'><strong>neque</strong></span> <span class='ocrx_word' id='word_1_465' title='bbox 737 2661 922 2708; x_wconf 85' lang='lat' dir='ltr'><strong>quicquam</strong></span> <span class='ocrx_word' id='word_1_466' title='bbox 938 2671 1042 2708; x_wconf 86' lang='lat' dir='ltr'><strong>super</strong></span> <span class='ocrx_word' id='word_1_467' title='bbox 1057 2671 1098 2697; x_wconf 92' lang='lat' dir='ltr'><strong>ea</strong></span> <span class='ocrx_word' id='word_1_468' title='bbox 1113 2671 1150 2697; x_wconf 91' lang='lat' dir='ltr'><strong>re</strong></span> <span class='ocrx_word' id='word_1_469' title='bbox 1165 2661 1269 2697; x_wconf 87' lang='lat' dir='ltr'><strong>sciret</strong></span> <span class='ocrx_word' id='word_1_470' title='bbox 1283 2660 1327 2696; x_wconf 84' lang='lat' dir='ltr'><strong>ab</strong></span> <span class='ocrx_word' id='word_1_471' title='bbox 1343 2659 1509 2708; x_wconf 81' lang='lat' dir='ltr'><strong>apostolis</strong></span> <span class='ocrx_word' id='word_1_472' title='bbox 1525 2670 1601 2696; x_wconf 88' lang='lat' dir='ltr'><strong>esse</strong></span> <span class='ocrx_word' id='word_1_473' title='bbox 1617 2660 1877 2708; x_wconf 82' lang='lat' dir='ltr'><strong>praescriptum.</strong></span> 
     </span>
     <span class='ocr_line' id='line_1_44' title="bbox 333 2716 1878 2765; baseline 0.001 -13"><span class='ocrx_word' id='word_1_474' title='bbox 333 2718 394 2753; x_wconf 80' lang='lat' dir='ltr'><strong>iiic</strong></span> <span class='ocrx_word' id='word_1_475' title='bbox 411 2722 526 2754; x_wconf 78' lang='lat' dir='ltr'><strong>autem</strong></span> <span class='ocrx_word' id='word_1_476' title='bbox 542 2719 628 2754; x_wconf 78' lang='lat' dir='ltr'><strong>ritus</strong></span> <span class='ocrx_word' id='word_1_477' title='bbox 645 2730 706 2754; x_wconf 86' lang='lat' dir='ltr'><strong>eos</strong></span> <span class='ocrx_word' id='word_1_478' title='bbox 718 2718 812 2754; x_wconf 88' lang='grc'>00100</span> <span class='ocrx_word' id='word_1_479' title='bbox 829 2718 1010 2765; x_wconf 85' lang='lat' dir='ltr'><strong>complecti</strong></span> <span class='ocrx_word' id='word_1_480' title='bbox 1026 2717 1152 2762; x_wconf 81' lang='lat' dir='ltr'><strong>voluit,</strong></span> <span class='ocrx_word' id='word_1_481' title='bbox 1175 2728 1263 2765; x_wconf 90' lang='lat' dir='ltr'><strong>quos</strong></span> <span class='ocrx_word' id='word_1_482' title='bbox 1285 2718 1328 2753; x_wconf 87' lang='lat' dir='ltr'><strong>ab</strong></span> <span class='ocrx_word' id='word_1_483' title='bbox 1353 2716 1518 2765; x_wconf 86' lang='lat' dir='ltr'><strong>apostolis</strong></span> <span class='ocrx_word' id='word_1_484' title='bbox 1540 2717 1603 2753; x_wconf 90' lang='lat' dir='ltr'><strong>toti</strong></span> <span class='ocrx_word' id='word_1_485' title='bbox 1626 2717 1790 2754; x_wconf 88' lang='lat' dir='ltr'><strong>ecclesiae</strong></span> <span class='ocrx_word' id='word_1_486' title='bbox 1810 2722 1878 2754; x_wconf 84' lang='lat' dir='ltr'><strong>tra-</strong></span> 
     </span>
     <span class='ocr_line' id='line_1_45' title="bbox 333 2774 1876 2822; baseline 0.001 -13"><span class='ocrx_word' id='word_1_487' title='bbox 333 2774 438 2818; x_wconf 79' lang='lat' dir='ltr'><strong>ditos,</strong></span> <span class='ocrx_word' id='word_1_488' title='bbox 461 2787 528 2811; x_wconf 86' lang='lat' dir='ltr'><strong>non</strong></span> <span class='ocrx_word' id='word_1_489' title='bbox 551 2780 721 2811; x_wconf 83' lang='lat' dir='ltr'><strong>certorum</strong></span> <span class='ocrx_word' id='word_1_490' title='bbox 745 2777 898 2811; x_wconf 85' lang='lat' dir='ltr'><strong>locorum</strong></span> <span class='ocrx_word' id='word_1_491' title='bbox 915 2775 1105 2822; x_wconf 85' lang='lat' dir='ltr'><strong>peculiares</strong></span> <span class='ocrx_word' id='word_1_492' title='bbox 1121 2786 1199 2811; x_wconf 87' lang='lat' dir='ltr'><strong>esse</strong></span> <span class='ocrx_word' id='word_1_493' title='bbox 1214 2774 1376 2812; x_wconf 82' lang='lat' dir='ltr'><strong>crederet.</strong></span> <span class='ocrx_word' id='word_1_494' title='bbox 1410 2774 1591 2822; x_wconf 79' lang='lat' dir='ltr'><strong>Perperam</strong></span> <span class='ocrx_word' id='word_1_495' title='bbox 1607 2785 1687 2811; x_wconf 85' lang='lat' dir='ltr'><strong>vero</strong></span> <span class='ocrx_word' id='word_1_496' title='bbox 1704 2774 1876 2811; x_wconf 84' lang='lat' dir='ltr'><strong>Pamelius</strong></span> 
     </span>
     <span class='ocr_line' id='line_1_46' title="bbox 332 2830 1876 2880; baseline 0 -14"><span class='ocrx_word' id='word_1_497' title='bbox 332 2830 374 2866; x_wconf 88' lang='lat' dir='ltr'><strong>ad</strong></span> <span class='ocrx_word' id='word_1_498' title='bbox 390 2831 530 2869; x_wconf 79' lang='lat' dir='ltr'><strong>Tertull.</strong></span> <span class='ocrx_word' id='word_1_499' title='bbox 553 2833 678 2868; x_wconf 86' lang='lat' dir='ltr'><strong>librum</strong></span> <span class='ocrx_word' id='word_1_500' title='bbox 700 2832 865 2868; x_wconf 80' lang='lat' dir='ltr'><strong>adversus</strong></span> <span class='ocrx_word' id='word_1_501' title='bbox 887 2832 1010 2879; x_wconf 76' lang='lat' dir='ltr'><strong>Psych.</strong></span> <span class='ocrx_word' id='word_1_502' title='bbox 1029 2843 1101 2880; x_wconf 82' lang='lat' dir='ltr'><strong>cap.</strong></span> <span class='ocrx_word' id='word_1_503' title='bbox 1114 2844 1170 2868; x_wconf 83' lang='lat' dir='ltr'><strong>xv.</strong></span> <span class='ocrx_word' id='word_1_504' title='bbox 1187 2830 1278 2868; x_wconf 85' lang='lat' dir='ltr'><strong>hunc</strong></span> <span class='ocrx_word' id='word_1_505' title='bbox 1299 2832 1413 2880; x_wconf 86' lang='lat' dir='ltr'><strong>ipsum</strong></span> <span class='ocrx_word' id='word_1_506' title='bbox 1434 2830 1616 2879; x_wconf 79' lang='lat' dir='ltr'><strong>Epiphanii</strong></span> <span class='ocrx_word' id='word_1_507' title='bbox 1638 2832 1751 2868; x_wconf 90' lang='lat' dir='ltr'><strong>locum</strong></span> <span class='ocrx_word' id='word_1_508' title='bbox 1773 2832 1876 2867; x_wconf 87' lang='lat' dir='ltr'><strong>inter·</strong></span> 
     </span>
     <span class='ocr_line' id='line_1_47' title="bbox 333 2887 1875 2937; baseline 0 -14"><span class='ocrx_word' id='word_1_509' title='bbox 333 2889 445 2934; x_wconf 68' lang='lat' dir='ltr'><strong>point,</strong></span> <span class='ocrx_word' id='word_1_510' title='bbox 466 2893 500 2923; x_wconf 84' lang='lat' dir='ltr'><strong>et</strong></span> <span class='ocrx_word' id='word_1_511' title='bbox 522 2900 584 2935; x_wconf 81' lang='lat' dir='ltr'><strong>pro</strong></span> <span class='ocrx_word' id='word_1_512' title='bbox 600 2897 722 2936; x_wconf 70' lang='lat' dir='ltr'><strong>septem</strong></span> <span class='ocrx_word' id='word_1_513' title='bbox 740 2891 827 2932; x_wconf 72' lang='lat' dir='ltr'><strong>dieu,</strong></span> <span class='ocrx_word' id='word_1_514' title='bbox 849 2888 941 2925; x_wconf 70' lang='lat' dir='ltr'><strong>haud</strong></span> <span class='ocrx_word' id='word_1_515' title='bbox 965 2889 1067 2925; x_wconf 82' lang='lat' dir='ltr'><strong>dubie</strong></span> <span class='ocrx_word' id='word_1_516' title='bbox 1090 2889 1291 2936; x_wconf 77' lang='lat' dir='ltr'><strong>legendum,</strong></span> <span class='ocrx_word' id='word_1_517' title='bbox 1312 2894 1433 2937; x_wconf 71' lang='lat' dir='ltr'><strong>septem</strong></span> <span class='ocrx_word' id='word_1_518' title='bbox 1450 2887 1693 2932; x_wconf 72' lang='lat' dir='ltr'><strong>hebdomadas,</strong></span> <span class='ocrx_word' id='word_1_519' title='bbox 1715 2888 1875 2925; x_wconf 73' lang='lat' dir='ltr'><strong>affirmat.</strong></span> 
     </span>
     <span class='ocr_line' id='line_1_48' title="bbox 332 2943 1875 2994; baseline 0.001 -14"><span class='ocrx_word' id='word_1_520' title='bbox 332 2945 473 2981; x_wconf 75' lang='lat' dir='ltr'><strong>Frustra</strong></span> <span class='ocrx_word' id='word_1_521' title='bbox 487 2950 551 2989; x_wconf 83' lang='grc'>001,</span> <span class='ocrx_word' id='word_1_522' title='bbox 568 2947 718 2993; x_wconf 87' lang='lat' dir='ltr'><strong>inquam.</strong></span> <span class='ocrx_word' id='word_1_523' title='bbox 748 2946 884 2982; x_wconf 77' lang='lat' dir='ltr'><strong>Etenim</strong></span> <span class='ocrx_word' id='word_1_524' title='bbox 900 2945 1021 2993; x_wconf 68' lang='grc' dir='ltr'><strong>ἡμέρας</strong></span> <span class='ocrx_word' id='word_1_525' title='bbox 1039 2951 1092 2982; x_wconf 87' lang='grc'><strong>001</strong></span> <span class='ocrx_word' id='word_1_526' title='bbox 1107 2946 1141 2982; x_wconf 85' lang='grc'><strong>111</strong></span> <span class='ocrx_word' id='word_1_527' title='bbox 1159 2945 1303 2990; x_wconf 84' lang='lat' dir='ltr'><strong>Graeco,</strong></span> <span class='ocrx_word' id='word_1_528' title='bbox 1319 2956 1389 2982; x_wconf 89' lang='lat' dir='ltr'><strong>non</strong></span> <span class='ocrx_word' id='word_1_529' title='bbox 1404 2943 1599 2992; x_wconf 66' lang='grc' dir='ltr'><strong>ἐβδομάδας.</strong></span> <span class='ocrx_word' id='word_1_530' title='bbox 1631 2946 1674 2981; x_wconf 87' lang='lat' dir='ltr'><strong>Et</strong></span> <span class='ocrx_word' id='word_1_531' title='bbox 1689 2945 1810 2994; x_wconf 67' lang='grc' dir='ltr'><strong>ἡμέρας</strong></span> <span class='ocrx_word' id='word_1_532' title='bbox 1825 2946 1875 2981; x_wconf 91' lang='lat' dir='ltr'><strong>in-</strong></span> 
     </span>
     <span class='ocr_line' id='line_1_49' title="bbox 333 3001 1875 3051; baseline 0.001 -14"><span class='ocrx_word' id='word_1_533' title='bbox 333 3003 470 3049; x_wconf 69' lang='lat' dir='ltr'><strong>telligit,</strong></span> <span class='ocrx_word' id='word_1_534' title='bbox 485 3013 573 3049; x_wconf 86' lang='lat' dir='ltr'><strong>quae</strong></span> <span class='ocrx_word' id='word_1_535' title='bbox 589 3013 609 3038; x_wconf 92' lang='lat' dir='ltr'><strong>a</strong></span> <span class='ocrx_word' id='word_1_536' title='bbox 627 3004 760 3039; x_wconf 87' lang='lat' dir='ltr'><strong>solenni</strong></span> <span class='ocrx_word' id='word_1_537' title='bbox 777 3002 950 3051; x_wconf 79' lang='lat' dir='ltr'><strong>paschatis</strong></span> <span class='ocrx_word' id='word_1_538' title='bbox 967 3003 1098 3047; x_wconf 83' lang='lat' dir='ltr'><strong>ineunt,</strong></span> <span class='ocrx_word' id='word_1_539' title='bbox 1114 3007 1195 3039; x_wconf 87' lang='lat' dir='ltr'><strong>aute</strong></span> <span class='ocrx_word' id='word_1_540' title='bbox 1212 3014 1298 3051; x_wconf 85' lang='lat' dir='ltr'><strong>quas</strong></span> <span class='ocrx_word' id='word_1_541' title='bbox 1310 3002 1330 3048; x_wconf 78' lang='grc' dir='ltr'><strong>ἡ</strong></span> <span class='ocrx_word' id='word_1_542' title='bbox 1342 3001 1583 3051; x_wconf 76' lang='grc' dir='ltr'><strong>τισσαρακοστὴ</strong></span> <span class='ocrx_word' id='word_1_543' title='bbox 1597 3002 1707 3040; x_wconf 86' lang='lat' dir='ltr'><strong>solida</strong></span> <span class='ocrx_word' id='word_1_544' title='bbox 1718 3002 1875 3039; x_wconf 85' lang='lat' dir='ltr'><strong>decurrit.</strong></span> 
     </span>
    </p>

    <p class='ocr_par' dir='ltr' id='par_1_6' title="bbox 422 3058 1875 3107">
     <span class='ocr_line' id='line_1_50' title="bbox 422 3058 1875 3107; baseline 0.001 -14"><span class='ocrx_word' id='word_1_545' title='bbox 422 3058 487 3100; x_wconf 78' lang='grc' dir='ltr'><strong>Τὰς</strong></span> <span class='ocrx_word' id='word_1_546' title='bbox 505 3059 539 3094; x_wconf 71' lang='lat' dir='ltr'><strong>n</strong></span> <span class='ocrx_word' id='word_1_547' title='bbox 555 3059 587 3100; x_wconf 76' lang='grc' dir='ltr'><strong>ΙΕ</strong></span> <span class='ocrx_word' id='word_1_548' title='bbox 603 3059 722 3106; x_wconf 56' lang='lat' dir='ltr'><strong>{napae</strong></span> <span class='ocrx_word' id='word_1_549' title='bbox 740 3063 797 3095; x_wconf 79' lang='grc' dir='ltr'><strong>τοῦ</strong></span> <span class='ocrx_word' id='word_1_550' title='bbox 814 3058 955 3107; x_wconf 60' lang='grc' dir='ltr'><strong>πάσχα]</strong></span> <span class='ocrx_word' id='word_1_551' title='bbox 995 3061 1065 3096; x_wconf 76' lang='lat' dir='ltr'><strong>Sex</strong></span> <span class='ocrx_word' id='word_1_552' title='bbox 1088 3060 1155 3096; x_wconf 87' lang='lat' dir='ltr'><strong>illis</strong></span> <span class='ocrx_word' id='word_1_553' title='bbox 1178 3060 1348 3096; x_wconf 77' lang='lat' dir='ltr'><strong>duntaxat</strong></span> <span class='ocrx_word' id='word_1_554' title='bbox 1368 3059 1486 3095; x_wconf 78' lang='lat' dir='ltr'><strong>diebus</strong></span> <span class='ocrx_word' id='word_1_555' title='bbox 1509 3060 1665 3104; x_wconf 84' lang='lat' dir='ltr'><strong>maioris,</strong></span> <span class='ocrx_word' id='word_1_556' title='bbox 1689 3064 1725 3095; x_wconf 87' lang='grc'><strong>111</strong></span> <span class='ocrx_word' id='word_1_557' title='bbox 1742 3063 1875 3103; x_wconf 83' lang='lat' dir='ltr'><strong>vocant,</strong></span> 
     </span>
    </p>
   </div>
  </div>
 </body>
</html>
