2008 3294
1476 138 1692 175 ccxxxlx

146 243 390 280 correctionem
406 243 545 290 scripsit
559 242 696 283 Ribera,
722 242 831 279 Hodie
846 252 927 278 vero
942 251 1023 277 cum
1039 242 1205 278 Hebraeis
1221 246 1256 278 et
1272 242 1413 278 Graecis
1427 242 1542 278 Latini
1557 243 1693 278 codices

145 301 252 336 verba
265 301 344 343 illa,
359 301 498 335 lucerna
515 301 642 335 domini
657 307 833 346 antequam
849 301 1108 344 exsuperetur,
1124 300 1224 335 alteri
1239 300 1403 335 commati
1417 300 1584 335 tribuunt.
1613 300 1692 335 Hie-

144 369 312 404 ronymus
326 357 364 402 in
379 356 506 393 Tradit.
522 357 626 394 Hebr.
642 356 734 393 hunc
747 357 863 404 ipsum
878 356 994 392 locum
1010 355 1207 399 declarans,
1229 355 1315 392 haec
1331 356 1468 392 scribit:
1502 357 1602 398 Quod
1614 369 1692 393 vero

145 418 213 450 ait:
234 415 284 449 Et
303 420 479 460 antequam
501 415 641 448 lucerna
659 415 715 450 den·
729 417 977 459 exunqueremr
999 415 1035 447 in
1059 415 1178 459 templo
1194 415 1335 455 domiui,
1357 414 1416 448 aba·
1430 420 1508 449 erat
1521 425 1610 449 arca
1626 415 1692 455 dei,

143 471 281 507 Samuel
294 471 490 507 dormiebat.
534 471 725 516 Antequam
746 472 886 507 lucerna
908 471 965 505 dei
986 472 1246 514 eaerinqueretur,
1269 472 1417 523 int-elliqa'
1431 477 1577 518 oportet,
1599 478 1692 506 anre·

145 540 243 574 quam
259 529 316 563 lux
331 529 456 563 diurna
464 528 582 573 fieret,
605 530 738 574 quando
758 528 875 564 eadem
898 528 1123 571 erebique-uda
1144 534 1221 562 erat
1235 528 1387 564 lucerna.
1417 527 1476 563 Sic
1493 531 1580 563 enim
1595 542 1619 563 a
1635 529 1693 564 do-

143 587 232 620 mino
246 596 310 631 per
323 584 461 628 Moysen
476 587 600 619 iussum
617 591 709 620 erat:
723 591 762 620 ut
774 586 890 620 eadent
904 584 1046 618 lucerna
1063 584 1191 619 luceret
1203 596 1303 629 usque
1319 597 1427 621 mane.
1462 585 1573 631 Igitur
1587 588 1692 621 noctu

144 640 314 677 duntaxat
329 641 496 677 ardebant
511 642 690 685 lucernae,
707 652 795 689 quae
810 641 874 677 sub
890 651 1072 687 vesperam
1087 640 1374 684 accendebantur,
1391 652 1493 678 mane
1508 653 1692 689 compone-

143 698 282 734 bantur.
315 697 409 740 Quae
425 698 493 733 duo
509 698 699 745 plurimum
714 699 919 747 discrepant.
950 697 1072 740 Aliud,
1091 698 1255 743 inquam,
1270 702 1324 733 est
1340 700 1509 734 collocare
1523 701 1692 742 lucernae,

143 754 237 791 aliud
249 767 453 802 componere.
477 755 576 790 Prius
590 756 675 792 illud
687 759 741 792 est
754 755 957 793 candelabro
969 755 1128 790 lucernas
1144 755 1323 801 imponere
1339 759 1374 791 et
1389 756 1586 794 accendere.
1611 757 1692 793 Ideo

143 822 218 858 cap.
234 811 294 847 illo
310 824 420 848 xxvn.
436 812 548 848 Exodi
563 823 650 849 com.
668 812 734 857 21„
749 813 808 849 nbi
823 812 945 849 Latine
961 812 1011 847 sic
1027 812 1170 858 legitur-2
1188 812 1236 848 Et
1251 814 1463 848 collocabunt
1477 826 1551 849 eam
1568 814 1692 849 Aaron

144 869 254 915 etfilii
268 871 355 911 eius,
376 869 543 906 Hebraico
564 870 731 916 scriptum
752 873 806 905 est
827 871 935 926 ''f-19⁸
955 869 1144 912 ordinabit,
1164 869 1201 904 in
1218 869 1426 905 candelabro
1441 871 1617 906 nimirum.
1647 871 1693 906 At

145 930 276 967 Graece
291 932 401 966 καύσει
418 931 497 966 αὐτὸ
514 932 689 979 (videlicet
711 931 839 977 oleum)
856 929 996 978 Ἀαρὼν»,
1021 931 1074 966 καὶ
1098 931 1159 966 ὕιοὶ
1175 931 1277 967 αὐτοῦ
1297 931 1353 978 ἀφ’
1365 930 1500 979 ἑσπέρας
1518 933 1578 973 ἕως
1595 930 1690 980 πρωΐ.

144 987 214 1023 Sed
228 989 264 1023 in
282 989 342 1024 illo
362 989 456 1032 loco,
479 998 583 1036 quern
598 989 781 1024 Abulensis
803 999 848 1024 ex
863 999 940 1035 cap.
954 1001 1038 1025 xxx.
1056 1000 1145 1024 com.
1158 988 1190 1024 8.
1207 989 1354 1036 profert,
1374 1001 1437 1036 pro
1460 989 1583 1025 Latino
1606 1003 1692 1026 com-

138 1047 289 1092 ponendi
302 1046 484 1089 vocabulo,
500 1046 667 1082 Hebraice
683 1050 822 1087 vnn-1
833 1073 842 1089 ,
859 1045 952 1092 quod
967 1050 1020 1081 est
1035 1050 1154 1093 aptare
1169 1057 1209 1081 ac
1226 1057 1430 1093 repurgare,
1447 1047 1501 1081 vel
1514 1047 1628 1093 potius
1640 1059 1692 1082 re-

143 1102 307 1146 condere,
325 1102 456 1138 Graece
471 1101 694 1149 δπισκευάσαι,
709 1102 776 1138 hoc
791 1103 894 1138 estin
910 1103 986 1139 loco
1002 1114 1067 1138 sno
1079 1113 1120 1138 ac
1135 1102 1237 1138 theca
1251 1104 1307 1138 vel
1323 1104 1411 1139 cella
1426 1115 1601 1150 reponere.
1633 1104 1691 1139 Sic

143 1170 348 1206 componere
365 1164 541 1195 mortuum
557 1161 714 1203 inlecto,
737 1160 830 1207 quod
852 1171 916 1195 nos
938 1160 1084 1196 dicimus
1101 1173 1258 1206 ayeneer.
1305 1160 1436 1196 Ibidem
1460 1171 1540 1196 vero
1564 1173 1626 1207 pro
1650 1172 1691 1196 eo

142 1216 236 1263 quod
242 1216 385 1252 Latinus
397 1217 564 1264 interpres
575 1217 694 1253 babet:
711 1218 844 1263 quando
856 1218 1000 1252 collocat
1012 1230 1071 1252 eas
1083 1220 1133 1252 ad
1142 1230 1314 1264 vesperum
1323 1244 1332 1260 ‚
1346 1218 1513 1252 Hebraice
1526 1219 1692 1264 scriptum

142 1277 196 1308 est
211 1254 364 1322 nwbyfl
381 1273 446 1310 hoc
461 1278 515 1309 est
525 1274 698 1316 attollere,
713 1274 890 1320 imponere
902 1275 1127 1310 candelabro:
1145 1287 1226 1311 Lxx.
1240 1273 1395 1320 ἐξάπτειν,
1412 1275 1609 1310 accendere.
1633 1275 1690 1311 Sic

141 1330 202 1367 lib.
215 1342 239 1367 r.
260 1330 346 1377 Reg.
372 1341 412 1366 eo
434 1331 528 1374 loco,
549 1341 652 1378 quem
673 1330 899 1367 adduximus:
931 1331 1094 1367 Lucerna
1110 1334 1167 1367 dei
1181 1338 1359 1378 antequam
1376 1335 1634 1377 extingueretur,
1655 1333 1691 1368 in

142 1386 229 1434 Reg.
253 1391 308 1422 est
329 1387 594 1434 κατασβεσθῆναι.
640 1388 680 1423 In
702 1387 860 1424 Editione
883 1388 975 1424 Sixti
997 1387 1275 1432 ἐπισκευασθῆναι.
1321 1389 1375 1424 Ex
1399 1389 1525 1436 quibus
1548 1395 1694 1437 apparet

142 1443 234 1479 idem
255 1455 331 1480 esse
354 1445 523 1480 collocare
542 1445 719 1488 lucernas,
743 1445 836 1492 qnod
859 1446 1015 1481 attollere
1038 1457 1143 1493 super
1165 1446 1409 1482 candelabrum
1432 1451 1468 1482 et
1489 1447 1691 1482 accendere:

142 1506 263 1537 contra
272 1513 353 1537 vero
369 1512 576 1549 componere
589 1502 683 1538 idem
697 1513 774 1538 esee
789 1506 893 1549 atque
909 1503 1081 1538 extinctas
1098 1502 1275 1538 detrahere
1291 1507 1327 1539 et
1341 1514 1405 1539 suo
1421 1504 1498 1539 loco
1513 1515 1690 1551 reponere.

141 1557 250 1594 Erant
260 1559 353 1594 enim
366 1559 568 1606 exemptiles
580 1559 756 1603 lucernae,
773 1569 862 1606 quae
875 1559 1080 1595 candelabro
1093 1561 1160 1595 snb
1172 1564 1309 1595 noctem
1321 1561 1506 1607 impositae
1515 1588 1523 1604 ‚
1540 1561 1691 1597 diluculo

143 1615 372 1652 demerentur.
401 1615 511 1652 Exod.
518 1628 599 1653 xxv.
617 1627 884 1652 comm.xxxvr¹.
915 1617 1042 1652 Facies
1058 1623 1091 1652 et
1105 1619 1264 1652 lucernae
1275 1630 1335 1654 vu.
1353 1625 1386 1653 et
1395 1631 1501 1665 pones
1515 1631 1575 1654 eas
1589 1631 1692 1666 cuper

144 1673 396 1710 candelabrum.
427 1672 502 1709 Lib.
514 1685 553 1710 n.
570 1673 646 1710 Par.
664 1683 739 1720 cap.
751 1685 840 1717 xm„
859 1673 929 1709 11.=
962 1673 1088 1721 Estque
1110 1676 1206 1720 apud
1220 1686 1278 1709 noe
1293 1676 1536 1711 candelabrum
1553 1689 1691 1711 aureum

143 1736 176 1764 er
189 1730 349 1765 lucernae
364 1732 449 1772 eius,
465 1737 503 1766 ue
516 1732 750 1766 accendantur
763 1742 892 1777 semper
908 1732 958 1766 ad
971 1743 1156 1778 vesperam.
1203 1731 1243 1766 Si
1264 1731 1308 1766 ad
1323 1742 1503 1779 vesperam
1525 1733 1691 1769 accendes

141 1786 278 1831 bantur,
293 1797 376 1834 ergo
390 1787 539 1822 interdiu
554 1791 652 1823 erant
666 1788 851 1831 extinctae,
867 1799 937 1823 non
950 1787 1054 1824 modo
1065 1800 1112 1825 rv.
1130 1792 1169 1823 ut
1181 1787 1348 1835 Iosephus
1360 1789 1478 1834 credit,
1493 1790 1553 1826 sed
1569 1802 1690 1826 omnes

141 1847 284 1891 septem.

231 1900 281 1936 Οὐ
297 1900 411 1948 γέγονε
426 1899 488 1948 γὰρ
505 1900 542 1935 τὸ
562 1899 754 1947 σάββατον]
800 1903 888 1938 Huic
915 1902 1021 1938 affine
1047 1906 1100 1938 est
1127 1903 1219 1950 quod
1246 1903 1288 1939 R.
1313 1903 1413 1939 Mose
1442 1904 1508 1939 ben
1534 1905 1690 1941 Maimon

141 1966 239 2010 parte
253 1975 277 2000 1.
294 1963 365 2001 lad.
381 1963 494 2000 Tract.
509 1963 551 1999 de
567 1963 720 2000 Sabbato
737 1975 810 2012 cap.
823 1977 861 2001 n.
879 1967 909 2010 ξ.
922 1978 974 2002 111.
992 1966 1112 2000 scribit
1132 1970 1304 2007 enom
1327 1968 1437 2026 'pm
1461 1948 1592 2015 nm}
1617 1972 1688 2010 κη

141 2012 287 2081 nbw:
309 2013 454 2080 nub-ar·
476 2028 597 2081 *seru
621 2035 774 2074 wan-a
799 2013 895 2080 aba
915 2013 1062 2082 :ib-w:
1082 2037 1209 2092 περ»
1229 2038 1404 2076 mann.
1440 2035 1550 2078 Ecce,
1566 2037 1688 2083 inquit,

141 2090 308 2132 didicisti,
325 2089 429 2135 leyen·
444 2091 609 2137 nunquam
624 2093 754 2125 omnino
771 2091 938 2125 crudelem
954 2097 987 2125 et
1000 2091 1217 2126 italeumanam
1235 2103 1321 2135 esee,
1343 2093 1406 2127 red
1419 2095 1687 2135 misen'cordiae,

140 2146 356 2199 benignita&
371 2158 414 2181 ac
424 2147 781 2194 pacieplenieeincam.
824 2146 876 2182 De
897 2147 1042 2183 sabbato
1058 2159 1139 2183 vero
1163 2148 1327 2195 loquitur,
1349 2149 1442 2196 quod
1465 2154 1688 2196 aegrotorum

141 2212 266 2239 caussa
279 2198 322 2239 ac
332 2206 474 2251 propter
485 2203 544 2252 pia
558 2203 729 2250 quaedam
744 2204 937 2240 ministeria
951 2205 1039 2241 solvi
1054 2216 1157 2252 posse
1173 2205 1330 2252 pluribus
1346 2206 1507 2242 declarat.

481 2328 540 2369 AD
564 2329 794 2367 HAERESIM
815 2330 965 2374 LXVII„
986 2329 1341 2368 mERAGITARUM.

228 2408 368 2445 Actoris
382 2407 484 2446 huius
497 2413 614 2450 sectae
629 2420 757 2445 nomen
771 2410 866 2445 varie
880 2410 1070 2457 concipitur
1085 2411 1191 2447 etiam
1205 2411 1261 2447 bic
1277 2412 1322 2446 ab
1342 2410 1549 2458 Epiphanio.
1596 2412 1687 2449 Nam

140 2469 201 2502 aut
213 2466 343 2502 Hierax
358 2470 418 2502 aut
431 2466 594 2503 Hieracas
611 2470 761 2502 vocatur.
804 2465 880 2509 Qua
899 2468 1082 2513 posteriori
1097 2468 1329 2514 appellatione
1345 2473 1505 2504 censetur
1520 2469 1612 2516 apud
1627 2470 1686 2506 Hi·

139 2522 264 2560 larium
277 2523 337 2559 lib.
350 2535 397 2561 vr.
413 2523 454 2559 de
466 2523 587 2560 Trinit.
605 2528 640 2558 et
651 2523 740 2569 Aug.
758 2523 816 2558 lib.
833 2523 875 2558 de
890 2524 1028 2559 Haeres.
1053 2523 1146 2559 Sane
1162 2525 1193 2559 si
1208 2524 1370 2560 Hieracas
1387 2526 1612 2572 appellandus
1628 2527 1685 2570 sit,

143 2578 273 2618 Graece
286 2580 434 2616 fortasse
449 2580 667 2616 scribendum
682 2580 747 2614 erit
761 2578 914 2625 Ἶερακᾶς.
944 2580 1013 2615 Sed
1030 2579 1116 2616 nihil
1130 2581 1167 2616 in
1183 2581 1332 2616 editione
1348 2586 1467 2618 nostra
1481 2584 1685 2620 mutandum

142 2637 348 2673 censuimus.
395 2637 515 2683 Neque
531 2648 611 2672 vero
628 2637 713 2671 satis
728 2640 820 2672 recte
836 2636 880 2670 ad
895 2647 975 2672 eum
991 2636 1133 2672 modum
1148 2636 1281 2674 inflecti
1294 2642 1414 2685 putem
1428 2651 1532 2686 posse
1549 2638 1567 2675 ὃ
1584 2639 1683 2688 Ἱέρα-

143 2703 200 2733 κας
215 2695 274 2728 τοῦ
289 2691 426 2740 ‘upum
457 2693 526 2730 Sed
540 2695 596 2730 vel
612 2691 752 2739 Ἱερὰκας
768 2695 827 2727 τοῦ
843 2691 987 2739 Ἱεράκα,
1003 2694 1060 2728 vel
1075 2692 1217 2740 Ἱερακόἰς
1233 2697 1291 2728 τοῦ
1308 2694 1445 2742 ‘ispani

463 2795 524 2832 AD
547 2795 777 2832 HAERESIM
799 2795 964 2838 LXVIII„
986 2795 1356 2835 MELETIANORUM.

232 2862 284 2898 De
297 2863 490 2901 Meletianis
509 2865 593 2900 actis
615 2875 655 2900 ac
670 2867 743 2899 tota
757 2863 951 2899 schismatis
967 2863 1126 2906 historia,
1148 2876 1254 2912 quam
1275 2865 1330 2902 hic
1351 2869 1512 2915 proponit
1531 2869 1681 2916 Epipha-

143 2919 240 2961 nius,
256 2919 339 2966 quid
353 2920 568 2957 sentiendum
583 2922 646 2965 sit,
661 2922 698 2956 in
713 2920 918 2956 Batonianis
933 2921 1126 2957 Annalibus
1141 2923 1333 2969 explicatur
1348 2936 1439 2961 anno
1457 2936 1585 2970 cccvr„
1607 2928 1680 2972 qui-

1727 543 1756 568 ρ.
1767 534 1826 563 2¹1³.

145 2976 211 3012 bus
225 2976 530 3022 egolibentissime
544 2978 733 3018 subscribo,
765 2977 1002 3013 certissimum
1019 2979 1110 3014 enim
1126 2982 1194 3022 est,
1214 2991 1235 3015 a
1255 2981 1442 3019 Meletiano
1466 2983 1582 3029 aliquo
1599 2985 1681 3018 scri·
1716 3004 1744 3028 p.
1756 2995 1815 3023 2⁷4.
