<?xml version="1.0" encoding="UTF-8"?>
<!DOCTYPE html PUBLIC "-//W3C//DTD XHTML 1.0 Transitional//EN"
    "http://www.w3.org/TR/xhtml1/DTD/xhtml1-transitional.dtd">
<html xmlns="http://www.w3.org/1999/xhtml" xml:lang="en" lang="en">
 <head>
  <title>
</title>
<meta http-equiv="Content-Type" content="text/html;charset=utf-8" />
  <meta name='ocr-system' content='tesseract 3.04.00' />
  <meta name='ocr-capabilities' content='ocr_page ocr_carea ocr_par ocr_line ocrx_word'/>
</head>
<body>
  <div class='ocr_page' id='page_1' title='image "./corporishaereseo03epip_0434.png"; bbox 0 0 2008 3294; ppageno 0'>
   <div class='ocr_carea' id='block_1_1' title="bbox 187 2019 287 2053">
    <p class='ocr_par' dir='ltr' id='par_1_1' title="bbox 187 2019 287 2053">
     <span class='ocr_line' id='line_1_1' title="bbox 187 2019 287 2053; baseline 0 -6"><span class='ocrx_word' id='word_1_1' title='bbox 187 2027 215 2053; x_wconf 78' lang='lat' dir='ltr'><strong>p.</strong></span> <span class='ocrx_word' id='word_1_2' title='bbox 228 2019 287 2047; x_wconf 72' lang='lat'><strong>³47.</strong></span> 
     </span>
    </p>
   </div>
   <div class='ocr_carea' id='block_1_2' title="bbox 331 177 463 215">
    <p class='ocr_par' dir='ltr' id='par_1_2' title="bbox 331 177 463 215">
     <span class='ocr_line' id='line_1_2' title="bbox 331 177 463 215; baseline 0.015 -1"><span class='ocrx_word' id='word_1_3' title='bbox 331 177 463 215; x_wconf 85' lang='lat' dir='ltr'><strong>CCCVI</strong></span> 
     </span>
    </p>
   </div>
   <div class='ocr_carea' id='block_1_3' title="bbox 321 277 1884 3011">
    <p class='ocr_par' dir='ltr' id='par_1_3' title="bbox 321 277 1884 3011">
     <span class='ocr_line' id='line_1_3' title="bbox 330 277 1882 328; baseline 0 -13"><span class='ocrx_word' id='word_1_4' title='bbox 330 295 420 325; x_wconf 73' lang='lat' dir='ltr'><strong>vero,</strong></span> <span class='ocrx_word' id='word_1_5' title='bbox 435 281 558 328; x_wconf 85' lang='lat' dir='ltr'><strong>inquit,</strong></span> <span class='ocrx_word' id='word_1_6' title='bbox 573 282 606 314; x_wconf 78' lang='lat' dir='ltr'><strong>si</strong></span> <span class='ocrx_word' id='word_1_7' title='bbox 620 281 780 326; x_wconf 78' lang='lat' dir='ltr'><strong>quiforte</strong></span> <span class='ocrx_word' id='word_1_8' title='bbox 793 282 965 314; x_wconf 74' lang='lat' dir='ltr'><strong>tacuerint</strong></span> <span class='ocrx_word' id='word_1_9' title='bbox 978 282 1056 314; x_wconf 80' lang='lat' dir='ltr'><strong>etin</strong></span> <span class='ocrx_word' id='word_1_10' title='bbox 1069 280 1281 314; x_wconf 75' lang='lat' dir='ltr'><strong>ordinatione</strong></span> <span class='ocrx_word' id='word_1_11' title='bbox 1290 290 1491 324; x_wconf 82' lang='lat' dir='ltr'><strong>permanere</strong></span> <span class='ocrx_word' id='word_1_12' title='bbox 1501 281 1538 317; x_wconf 73' lang='lat' dir='ltr'><strong>in</strong></span> <span class='ocrx_word' id='word_1_13' title='bbox 1548 280 1625 326; x_wconf 56' lang='lat' dir='ltr'><strong>ipso</strong></span> <span class='ocrx_word' id='word_1_14' title='bbox 1636 277 1882 326; x_wconf 65' lang='lat' dir='ltr'><strong>(continentiae</strong></span> 
     </span>
     <span class='ocr_line' id='line_1_4' title="bbox 330 333 1883 384; baseline -0.002 -10"><span class='ocrx_word' id='word_1_15' title='bbox 330 339 477 384; x_wconf 88' lang='lat' dir='ltr'><strong>scilicet)</strong></span> <span class='ocrx_word' id='word_1_16' title='bbox 492 344 583 372; x_wconf 80' lang='lat' dir='ltr'><strong>statu</strong></span> <span class='ocrx_word' id='word_1_17' title='bbox 599 339 843 378; x_wconf 79' lang='lat' dir='ltr'><strong>consenserint,</strong></span> <span class='ocrx_word' id='word_1_18' title='bbox 867 348 941 371; x_wconf 86' lang='lat' dir='ltr'><strong>cum</strong></span> <span class='ocrx_word' id='word_1_19' title='bbox 957 337 1078 371; x_wconf 78' lang='lat' dir='ltr'><strong>deinde</strong></span> <span class='ocrx_word' id='word_1_20' title='bbox 1095 338 1232 382; x_wconf 78' lang='lat' dir='ltr'><strong>nuptias</strong></span> <span class='ocrx_word' id='word_1_21' title='bbox 1246 337 1400 378; x_wconf 77' lang='lat' dir='ltr'><strong><em>inierint,</em></strong></span> <span class='ocrx_word' id='word_1_22' title='bbox 1423 349 1446 373; x_wconf 85' lang='lat' dir='ltr'><strong>a</strong></span> <span class='ocrx_word' id='word_1_23' title='bbox 1462 333 1883 384; x_wconf 40' lang='lat' dir='ltr'><strong>diaconamffepellanmr.</strong></span> 
     </span>
     <span class='ocr_line' id='line_1_5' title="bbox 330 387 1882 439; baseline -0.001 -9"><span class='ocrx_word' id='word_1_24' title='bbox 330 396 405 438; x_wconf 87' lang='lat' dir='ltr'><strong>Quo</strong></span> <span class='ocrx_word' id='word_1_25' title='bbox 422 407 467 430; x_wconf 86' lang='lat' dir='ltr'><strong>ex</strong></span> <span class='ocrx_word' id='word_1_26' title='bbox 484 405 615 430; x_wconf 87' lang='lat' dir='ltr'><strong>canone</strong></span> <span class='ocrx_word' id='word_1_27' title='bbox 631 393 718 428; x_wconf 87' lang='lat' dir='ltr'><strong>illud</strong></span> <span class='ocrx_word' id='word_1_28' title='bbox 734 393 848 428; x_wconf 84' lang='lat' dir='ltr'><strong>evinci</strong></span> <span class='ocrx_word' id='word_1_29' title='bbox 862 396 989 439; x_wconf 85' lang='lat' dir='ltr'><strong>potest,</strong></span> <span class='ocrx_word' id='word_1_30' title='bbox 1005 393 1206 428; x_wconf 88' lang='lat' dir='ltr'><strong>clericorum</strong></span> <span class='ocrx_word' id='word_1_31' title='bbox 1222 393 1410 436; x_wconf 86' lang='lat' dir='ltr'><strong>maiorum,</strong></span> <span class='ocrx_word' id='word_1_32' title='bbox 1431 390 1478 428; x_wconf 83' lang='lat' dir='ltr'><strong>ad</strong></span> <span class='ocrx_word' id='word_1_33' title='bbox 1499 392 1663 429; x_wconf 81' lang='lat' dir='ltr'><strong>diaconos</strong></span> <span class='ocrx_word' id='word_1_34' title='bbox 1682 387 1810 434; x_wconf 64' lang='lat' dir='ltr'><strong>salum</strong></span> <span class='ocrx_word' id='word_1_35' title='bbox 1824 404 1882 429; x_wconf 83' lang='lat' dir='ltr'><strong>ns-</strong></span> 
     </span>
     <span class='ocr_line' id='line_1_6' title="bbox 329 448 1882 498; baseline -0.001 -11"><span class='ocrx_word' id='word_1_36' title='bbox 329 464 408 498; x_wconf 85' lang='lat' dir='ltr'><strong>que,</strong></span> <span class='ocrx_word' id='word_1_37' title='bbox 425 451 723 487; x_wconf 82' lang='lat' dir='ltr'><strong>consecrationem</strong></span> <span class='ocrx_word' id='word_1_38' title='bbox 738 450 946 497; x_wconf 90' lang='lat' dir='ltr'><strong>implicitum</strong></span> <span class='ocrx_word' id='word_1_39' title='bbox 955 477 964 493; x_wconf 95' lang='lat'><strong>,</strong></span> <span class='ocrx_word' id='word_1_40' title='bbox 980 453 1020 485; x_wconf 89' lang='lat' dir='ltr'><strong>ut</strong></span> <span class='ocrx_word' id='word_1_41' title='bbox 1034 451 1143 494; x_wconf 90' lang='lat' dir='ltr'><strong>aiunt,</strong></span> <span class='ocrx_word' id='word_1_42' title='bbox 1158 453 1280 492; x_wconf 81' lang='lat' dir='ltr'><strong>votum</strong></span> <span class='ocrx_word' id='word_1_43' title='bbox 1294 450 1366 484; x_wconf 88' lang='lat' dir='ltr'><strong>iam</strong></span> <span class='ocrx_word' id='word_1_44' title='bbox 1377 454 1453 485; x_wconf 86' lang='lat' dir='ltr'><strong>tum</strong></span> <span class='ocrx_word' id='word_1_45' title='bbox 1462 448 1629 496; x_wconf 80' lang='lat' dir='ltr'><strong>habuisse</strong></span> <span class='ocrx_word' id='word_1_46' title='bbox 1638 450 1882 487; x_wconf 66' lang='lat' dir='ltr'><strong>continentiae.</strong></span> 
     </span>
     <span class='ocr_line' id='line_1_7' title="bbox 329 505 1882 560; baseline -0.001 -17"><span class='ocrx_word' id='word_1_47' title='bbox 329 510 418 544; x_wconf 86' lang='lat' dir='ltr'><strong>Nam</strong></span> <span class='ocrx_word' id='word_1_48' title='bbox 440 519 520 543; x_wconf 89' lang='lat' dir='ltr'><strong>cum</strong></span> <span class='ocrx_word' id='word_1_49' title='bbox 542 519 620 543; x_wconf 87' lang='lat' dir='ltr'><strong>eam</strong></span> <span class='ocrx_word' id='word_1_50' title='bbox 642 507 876 543; x_wconf 89' lang='lat' dir='ltr'><strong>conditionem</strong></span> <span class='ocrx_word' id='word_1_51' title='bbox 897 507 1057 554; x_wconf 89' lang='lat' dir='ltr'><strong>apponit,</strong></span> <span class='ocrx_word' id='word_1_52' title='bbox 1081 506 1107 541; x_wconf 82' lang='grc' dir='ltr'><strong>εἷ</strong></span> <span class='ocrx_word' id='word_1_53' title='bbox 1126 518 1205 547; x_wconf 85' lang='grc' dir='ltr'><strong>τινες</strong></span> <span class='ocrx_word' id='word_1_54' title='bbox 1222 506 1442 550; x_wconf 72' lang='grc' dir='ltr'><strong>σεωπήσαντες</strong></span> <span class='ocrx_word' id='word_1_55' title='bbox 1458 506 1513 541; x_wconf 69' lang='grc' dir='ltr'><strong>καὶ</strong></span> <span class='ocrx_word' id='word_1_56' title='bbox 1528 505 1779 560; x_wconf 64' lang='grc' dir='ltr'><strong>καταδεξᾶιμενοι</strong></span> <span class='ocrx_word' id='word_1_57' title='bbox 1795 507 1827 542; x_wconf 80' lang='grc' dir='ltr'><strong>ἐν</strong></span> <span class='ocrx_word' id='word_1_58' title='bbox 1842 510 1882 554; x_wconf 81' lang='grc' dir='ltr'><strong>τῇ</strong></span> 
     </span>
     <span class='ocr_line' id='line_1_8' title="bbox 328 563 1882 612; baseline 0.001 -13"><span class='ocrx_word' id='word_1_59' title='bbox 328 565 512 612; x_wconf 78' lang='grc' dir='ltr'>χειροτονίᾳ</span> <span class='ocrx_word' id='word_1_60' title='bbox 529 564 631 611; x_wconf 79' lang='grc' dir='ltr'><strong>μένειν</strong></span> <span class='ocrx_word' id='word_1_61' title='bbox 648 564 770 610; x_wconf 75' lang='grc' dir='ltr'>οὔτως,</span> <span class='ocrx_word' id='word_1_62' title='bbox 785 564 907 611; x_wconf 87' lang='lat' dir='ltr'><strong>procul</strong></span> <span class='ocrx_word' id='word_1_63' title='bbox 921 564 1025 600; x_wconf 89' lang='lat' dir='ltr'><strong>dubio</strong></span> <span class='ocrx_word' id='word_1_64' title='bbox 1042 564 1234 611; x_wconf 86' lang='lat' dir='ltr'><strong>significat,</strong></span> <span class='ocrx_word' id='word_1_65' title='bbox 1252 574 1331 598; x_wconf 89' lang='lat' dir='ltr'><strong>cum</strong></span> <span class='ocrx_word' id='word_1_66' title='bbox 1347 563 1563 600; x_wconf 84' lang='lat' dir='ltr'><strong>ordinatione</strong></span> <span class='ocrx_word' id='word_1_67' title='bbox 1576 564 1656 612; x_wconf 77' lang='lat' dir='ltr'><strong>ipsa</strong></span> <span class='ocrx_word' id='word_1_68' title='bbox 1667 565 1882 612; x_wconf 72' lang='lat' dir='ltr'><strong>implicatam</strong></span> 
     </span>
     <span class='ocr_line' id='line_1_9' title="bbox 329 621 1882 668; baseline -0.001 -10"><span class='ocrx_word' id='word_1_69' title='bbox 329 634 405 658; x_wconf 84' lang='lat' dir='ltr'><strong>esse</strong></span> <span class='ocrx_word' id='word_1_70' title='bbox 420 623 563 658; x_wconf 80' lang='lat' dir='ltr'><strong>tacitam</strong></span> <span class='ocrx_word' id='word_1_71' title='bbox 578 622 805 656; x_wconf 81' lang='lat' dir='ltr'><strong>castimoniae</strong></span> <span class='ocrx_word' id='word_1_72' title='bbox 820 621 954 668; x_wconf 87' lang='lat' dir='ltr'><strong>legem,</strong></span> <span class='ocrx_word' id='word_1_73' title='bbox 970 632 1059 668; x_wconf 88' lang='lat' dir='ltr'><strong>quae</strong></span> <span class='ocrx_word' id='word_1_74' title='bbox 1074 621 1215 657; x_wconf 91' lang='lat' dir='ltr'><strong>nonnisi</strong></span> <span class='ocrx_word' id='word_1_75' title='bbox 1230 624 1397 667; x_wconf 87' lang='lat' dir='ltr'><strong>concepta</strong></span> <span class='ocrx_word' id='word_1_76' title='bbox 1411 621 1617 656; x_wconf 88' lang='lat' dir='ltr'><strong>nominatim</strong></span> <span class='ocrx_word' id='word_1_77' title='bbox 1633 622 1882 657; x_wconf 79' lang='lat' dir='ltr'><strong>contestatione</strong></span> 
     </span>
     <span class='ocr_line' id='line_1_10' title="bbox 329 677 1882 726; baseline 0 -12"><span class='ocrx_word' id='word_1_78' title='bbox 329 680 474 715; x_wconf 82' lang='lat' dir='ltr'><strong>devitari</strong></span> <span class='ocrx_word' id='word_1_79' title='bbox 489 682 618 726; x_wconf 85' lang='lat' dir='ltr'><strong>posset.</strong></span> <span class='ocrx_word' id='word_1_80' title='bbox 649 678 851 714; x_wconf 86' lang='lat' dir='ltr'><strong>Cuiusmodi</strong></span> <span class='ocrx_word' id='word_1_81' title='bbox 867 682 902 713; x_wconf 89' lang='lat' dir='ltr'><strong>et</strong></span> <span class='ocrx_word' id='word_1_82' title='bbox 916 679 954 714; x_wconf 89' lang='lat' dir='ltr'><strong>in</strong></span> <span class='ocrx_word' id='word_1_83' title='bbox 969 680 1173 726; x_wconf 86' lang='lat' dir='ltr'><strong>episcopatu</strong></span> <span class='ocrx_word' id='word_1_84' title='bbox 1188 677 1406 724; x_wconf 88' lang='lat' dir='ltr'><strong>suscipiendo</strong></span> <span class='ocrx_word' id='word_1_85' title='bbox 1421 678 1531 713; x_wconf 86' lang='lat' dir='ltr'><strong>fuisse</strong></span> <span class='ocrx_word' id='word_1_86' title='bbox 1547 689 1592 713; x_wconf 88' lang='lat' dir='ltr'><strong>ex</strong></span> <span class='ocrx_word' id='word_1_87' title='bbox 1608 678 1747 725; x_wconf 78' lang='lat' dir='ltr'><strong>Synesii</strong></span> <span class='ocrx_word' id='word_1_88' title='bbox 1762 689 1882 714; x_wconf 86' lang='lat' dir='ltr'><strong>causa-</strong></span> 
     </span>
     <span class='ocr_line' id='line_1_11' title="bbox 326 735 1882 783; baseline -0.001 -11"><span class='ocrx_word' id='word_1_89' title='bbox 326 738 421 772; x_wconf 87' lang='lat' dir='ltr'><strong>tione</strong></span> <span class='ocrx_word' id='word_1_90' title='bbox 437 737 556 783; x_wconf 91' lang='lat' dir='ltr'><strong>liquet,</strong></span> <span class='ocrx_word' id='word_1_91' title='bbox 575 737 634 782; x_wconf 90' lang='lat' dir='ltr'><strong>qui</strong></span> <span class='ocrx_word' id='word_1_92' title='bbox 649 735 757 782; x_wconf 81' lang='lat' dir='ltr'><strong>Epist.</strong></span> <span class='ocrx_word' id='word_1_93' title='bbox 771 746 826 771; x_wconf 88' lang='lat' dir='ltr'><strong>cv.</strong></span> <span class='ocrx_word' id='word_1_94' title='bbox 842 747 922 776; x_wconf 70' lang='lat' dir='ltr'><strong>cum</strong></span> <span class='ocrx_word' id='word_1_95' title='bbox 938 747 960 770; x_wconf 89' lang='lat' dir='ltr'><strong>a</strong></span> <span class='ocrx_word' id='word_1_96' title='bbox 970 736 1269 771; x_wconf 87' lang='lat' dir='ltr'><strong>Ptolemaensibus</strong></span> <span class='ocrx_word' id='word_1_97' title='bbox 1284 735 1322 770; x_wconf 89' lang='lat' dir='ltr'><strong>in</strong></span> <span class='ocrx_word' id='word_1_98' title='bbox 1332 735 1544 782; x_wconf 82' lang='lat' dir='ltr'><strong>Episcopum</strong></span> <span class='ocrx_word' id='word_1_99' title='bbox 1558 739 1768 782; x_wconf 83' lang='lat' dir='ltr'><strong>posceretur,</strong></span> <span class='ocrx_word' id='word_1_100' title='bbox 1784 747 1882 783; x_wconf 84' lang='lat' dir='ltr'><strong>prae-</strong></span> 
     </span>
     <span class='ocr_line' id='line_1_12' title="bbox 328 792 1883 840; baseline -0.001 -11"><span class='ocrx_word' id='word_1_101' title='bbox 328 795 439 829; x_wconf 87' lang='lat' dir='ltr'><strong>dicere</strong></span> <span class='ocrx_word' id='word_1_102' title='bbox 456 805 494 828; x_wconf 88' lang='lat' dir='ltr'><strong>se</strong></span> <span class='ocrx_word' id='word_1_103' title='bbox 510 804 550 828; x_wconf 85' lang='lat' dir='ltr'><strong>ac</strong></span> <span class='ocrx_word' id='word_1_104' title='bbox 566 793 686 828; x_wconf 85' lang='lat' dir='ltr'><strong>testari</strong></span> <span class='ocrx_word' id='word_1_105' title='bbox 699 793 793 828; x_wconf 86' lang='lat' dir='ltr'><strong>istud</strong></span> <span class='ocrx_word' id='word_1_106' title='bbox 807 797 994 836; x_wconf 79' lang='lat' dir='ltr'><strong>asseverat,</strong></span> <span class='ocrx_word' id='word_1_107' title='bbox 1009 794 1101 828; x_wconf 89' lang='lat' dir='ltr'><strong>nolle</strong></span> <span class='ocrx_word' id='word_1_108' title='bbox 1118 803 1140 827; x_wconf 82' lang='lat' dir='ltr'><strong>a</strong></span> <span class='ocrx_word' id='word_1_109' title='bbox 1155 793 1304 839; x_wconf 86' lang='lat' dir='ltr'><strong>coniuge</strong></span> <span class='ocrx_word' id='word_1_110' title='bbox 1320 792 1484 839; x_wconf 86' lang='lat' dir='ltr'><strong>separari.</strong></span> <span class='ocrx_word' id='word_1_111' title='bbox 1508 792 1578 828; x_wconf 87' lang='lat' dir='ltr'><strong>Sed</strong></span> <span class='ocrx_word' id='word_1_112' title='bbox 1593 793 1634 828; x_wconf 90' lang='lat' dir='ltr'><strong>de</strong></span> <span class='ocrx_word' id='word_1_113' title='bbox 1650 793 1822 840; x_wconf 81' lang='lat' dir='ltr'><strong>episcopis</strong></span> <span class='ocrx_word' id='word_1_114' title='bbox 1837 793 1883 828; x_wconf 88' lang='lat' dir='ltr'><strong>ri-</strong></span> 
     </span>
     <span class='ocr_line' id='line_1_13' title="bbox 327 849 1881 896; baseline -0.001 -10"><span class='ocrx_word' id='word_1_115' title='bbox 327 852 439 886; x_wconf 89' lang='lat' dir='ltr'><strong>dicule</strong></span> <span class='ocrx_word' id='word_1_116' title='bbox 456 861 477 885; x_wconf 89' lang='lat' dir='ltr'><strong>a</strong></span> <span class='ocrx_word' id='word_1_117' title='bbox 494 850 635 886; x_wconf 84' lang='lat' dir='ltr'><strong>Graecis</strong></span> <span class='ocrx_word' id='word_1_118' title='bbox 650 849 823 886; x_wconf 88' lang='lat' dir='ltr'><strong>hodiernis</strong></span> <span class='ocrx_word' id='word_1_119' title='bbox 839 850 1020 896; x_wconf 84' lang='lat' dir='ltr'><strong>excipitur,</strong></span> <span class='ocrx_word' id='word_1_120' title='bbox 1038 850 1163 896; x_wconf 88' lang='lat' dir='ltr'><strong>quibus</strong></span> <span class='ocrx_word' id='word_1_121' title='bbox 1179 850 1264 885; x_wconf 87' lang='lat' dir='ltr'><strong>solis</strong></span> <span class='ocrx_word' id='word_1_122' title='bbox 1279 850 1410 896; x_wconf 84' lang='lat' dir='ltr'><strong>nuptiis</strong></span> <span class='ocrx_word' id='word_1_123' title='bbox 1426 849 1644 893; x_wconf 79' lang='lat' dir='ltr'><strong>interdicunt.</strong></span> <span class='ocrx_word' id='word_1_124' title='bbox 1678 850 1750 885; x_wconf 88' lang='lat' dir='ltr'><strong>Nee</strong></span> <span class='ocrx_word' id='word_1_125' title='bbox 1765 851 1881 885; x_wconf 84' lang='lat' dir='ltr'><strong>minus</strong></span> 
     </span>
     <span class='ocr_line' id='line_1_14' title="bbox 326 906 1883 955; baseline -0.001 -11"><span class='ocrx_word' id='word_1_126' title='bbox 326 910 443 955; x_wconf 89' lang='lat' dir='ltr'><strong>inepte</strong></span> <span class='ocrx_word' id='word_1_127' title='bbox 458 920 495 944; x_wconf 91' lang='grc' dir='ltr'><strong>ιι.</strong></span> <span class='ocrx_word' id='word_1_128' title='bbox 509 907 654 943; x_wconf 90' lang='lat' dir='ltr'><strong>Concilii</strong></span> <span class='ocrx_word' id='word_1_129' title='bbox 663 906 826 954; x_wconf 86' lang='lat' dir='ltr'><strong>Carthag.</strong></span> <span class='ocrx_word' id='word_1_130' title='bbox 840 907 960 943; x_wconf 90' lang='lat' dir='ltr'><strong>Canon</strong></span> <span class='ocrx_word' id='word_1_131' title='bbox 971 908 1029 942; x_wconf 88' lang='lat' dir='ltr'><strong>ille</strong></span> <span class='ocrx_word' id='word_1_132' title='bbox 1042 919 1093 943; x_wconf 84' lang='lat'><strong>111.</strong></span> <span class='ocrx_word' id='word_1_133' title='bbox 1111 907 1293 954; x_wconf 87' lang='lat' dir='ltr'><strong>accipitur:</strong></span> <span class='ocrx_word' id='word_1_134' title='bbox 1310 907 1883 954; x_wconf 75' lang='lat' dir='ltr'><strong>Placuitepiscoposetpresbyteros</strong></span> 
     </span>
     <span class='ocr_line' id='line_1_15' title="bbox 328 964 1881 1011; baseline 0 -11"><span class='ocrx_word' id='word_1_135' title='bbox 328 973 360 1001; x_wconf 85' lang='lat' dir='ltr'><strong>et</strong></span> <span class='ocrx_word' id='word_1_136' title='bbox 375 967 537 1000; x_wconf 85' lang='lat' dir='ltr'><strong>diaconos</strong></span> <span class='ocrx_word' id='word_1_137' title='bbox 551 966 730 999; x_wconf 72' lang='lat' dir='ltr'><strong>secundum</strong></span> <span class='ocrx_word' id='word_1_138' title='bbox 740 967 891 1011; x_wconf 81' lang='lat' dir='ltr'><strong>propria</strong></span> <span class='ocrx_word' id='word_1_139' title='bbox 907 965 967 1011; x_wconf 87' lang='lat' dir='ltr'><strong>(al.</strong></span> <span class='ocrx_word' id='word_1_140' title='bbox 977 969 1119 1011; x_wconf 80' lang='lat' dir='ltr'><strong>priora)</strong></span> <span class='ocrx_word' id='word_1_141' title='bbox 1134 970 1264 999; x_wconf 80' lang='lat' dir='ltr'><strong>statuta</strong></span> <span class='ocrx_word' id='word_1_142' title='bbox 1281 967 1382 998; x_wconf 79' lang='lat' dir='ltr'><strong>etiam</strong></span> <span class='ocrx_word' id='word_1_143' title='bbox 1400 964 1443 998; x_wconf 82' lang='lat' dir='ltr'><strong>ab</strong></span> <span class='ocrx_word' id='word_1_144' title='bbox 1459 964 1619 999; x_wconf 76' lang='lat' dir='ltr'><strong>uxoribus</strong></span> <span class='ocrx_word' id='word_1_145' title='bbox 1634 967 1804 999; x_wconf 75' lang='lat' dir='ltr'><strong>continere</strong></span> <span class='ocrx_word' id='word_1_146' title='bbox 1820 970 1881 1000; x_wconf 77' lang='lat' dir='ltr'><strong>eto.</strong></span> 
     </span>
     <span class='ocr_line' id='line_1_16' title="bbox 326 1020 1884 1069; baseline -0.001 -11"><span class='ocrx_word' id='word_1_147' title='bbox 326 1024 367 1058; x_wconf 90' lang='lat' dir='ltr'><strong>In</strong></span> <span class='ocrx_word' id='word_1_148' title='bbox 389 1033 457 1069; x_wconf 91' lang='lat' dir='ltr'><strong>quo</strong></span> <span class='ocrx_word' id='word_1_149' title='bbox 481 1033 615 1057; x_wconf 88' lang='lat' dir='ltr'><strong>canone</strong></span> <span class='ocrx_word' id='word_1_150' title='bbox 637 1021 843 1068; x_wconf 88' lang='lat' dir='ltr'><strong>iampridem</strong></span> <span class='ocrx_word' id='word_1_151' title='bbox 865 1021 990 1057; x_wconf 90' lang='lat' dir='ltr'><strong>eruditi</strong></span> <span class='ocrx_word' id='word_1_152' title='bbox 1003 1022 1069 1056; x_wconf 84' lang='lat' dir='ltr'><strong>viri</strong></span> <span class='ocrx_word' id='word_1_153' title='bbox 1086 1021 1298 1057; x_wconf 89' lang='lat' dir='ltr'><strong>Graecorum</strong></span> <span class='ocrx_word' id='word_1_154' title='bbox 1319 1025 1423 1068; x_wconf 87' lang='lat' dir='ltr'><strong>atque</strong></span> <span class='ocrx_word' id='word_1_155' title='bbox 1438 1020 1692 1056; x_wconf 81' lang='lat' dir='ltr'><strong>haereticorum</strong></span> <span class='ocrx_word' id='word_1_156' title='bbox 1708 1021 1884 1057; x_wconf 85' lang='lat' dir='ltr'><strong>inscitiam</strong></span> 
     </span>
     <span class='ocr_line' id='line_1_17' title="bbox 325 1077 1884 1126; baseline -0.001 -11"><span class='ocrx_word' id='word_1_157' title='bbox 325 1080 536 1122; x_wconf 73' lang='lat' dir='ltr'><strong>refutarunt,</strong></span> <span class='ocrx_word' id='word_1_158' title='bbox 558 1082 594 1114; x_wconf 91' lang='lat' dir='ltr'><strong>et</strong></span> <span class='ocrx_word' id='word_1_159' title='bbox 612 1078 833 1114; x_wconf 85' lang='lat' dir='ltr'><strong>Balsamonis</strong></span> <span class='ocrx_word' id='word_1_160' title='bbox 856 1079 1044 1126; x_wconf 82' lang='lat' dir='ltr'><strong>imprimis,</strong></span> <span class='ocrx_word' id='word_1_161' title='bbox 1069 1079 1128 1125; x_wconf 89' lang='lat' dir='ltr'><strong>qui</strong></span> <span class='ocrx_word' id='word_1_162' title='bbox 1151 1078 1196 1114; x_wconf 90' lang='lat' dir='ltr'><strong>ad</strong></span> <span class='ocrx_word' id='word_1_163' title='bbox 1212 1077 1356 1115; x_wconf 86' lang='lat' dir='ltr'><strong>Can.1v.</strong></span> <span class='ocrx_word' id='word_1_164' title='bbox 1372 1077 1506 1124; x_wconf 81' lang='lat' dir='ltr'><strong>Synodi</strong></span> <span class='ocrx_word' id='word_1_165' title='bbox 1521 1077 1697 1125; x_wconf 67' lang='lat' dir='ltr'><strong>Carthag„</strong></span> <span class='ocrx_word' id='word_1_166' title='bbox 1721 1089 1884 1125; x_wconf 84' lang='lat' dir='ltr'><strong>quaese-</strong></span> 
     </span>
     <span class='ocr_line' id='line_1_18' title="bbox 325 1134 1881 1182; baseline 0 -10"><span class='ocrx_word' id='word_1_167' title='bbox 325 1137 439 1172; x_wconf 86' lang='lat' dir='ltr'><strong>cunda</strong></span> <span class='ocrx_word' id='word_1_168' title='bbox 451 1137 559 1182; x_wconf 77' lang='lat' dir='ltr'><strong>vulgo</strong></span> <span class='ocrx_word' id='word_1_169' title='bbox 581 1139 750 1179; x_wconf 88' lang='lat' dir='ltr'><strong>censetur,</strong></span> <span class='ocrx_word' id='word_1_170' title='bbox 773 1146 887 1182; x_wconf 89' lang='lat' dir='ltr'><strong>nugas</strong></span> <span class='ocrx_word' id='word_1_171' title='bbox 908 1146 1022 1171; x_wconf 85' lang='lat' dir='ltr'><strong>meras</strong></span> <span class='ocrx_word' id='word_1_172' title='bbox 1046 1135 1183 1172; x_wconf 85' lang='lat' dir='ltr'><strong>effutiit.</strong></span> <span class='ocrx_word' id='word_1_173' title='bbox 1218 1136 1326 1182; x_wconf 82' lang='lat' dir='ltr'><strong>Atqui</strong></span> <span class='ocrx_word' id='word_1_174' title='bbox 1346 1146 1520 1170; x_wconf 84' lang='lat' dir='ltr'><strong>canonum</strong></span> <span class='ocrx_word' id='word_1_175' title='bbox 1537 1147 1590 1173; x_wconf 87' lang='grc' dir='ltr'><strong>ιιι.</strong></span> <span class='ocrx_word' id='word_1_176' title='bbox 1605 1138 1639 1171; x_wconf 89' lang='lat' dir='ltr'><strong>et</strong></span> <span class='ocrx_word' id='word_1_177' title='bbox 1653 1148 1700 1171; x_wconf 82' lang='lat' dir='ltr'><strong>xv.</strong></span> <span class='ocrx_word' id='word_1_178' title='bbox 1715 1134 1881 1182; x_wconf 82' lang='lat' dir='ltr'><strong>Carthag.</strong></span> 
     </span>
     <span class='ocr_line' id='line_1_19' title="bbox 324 1193 1882 1240; baseline -0.001 -11"><span class='ocrx_word' id='word_1_179' title='bbox 324 1195 418 1229; x_wconf 88' lang='lat' dir='ltr'><strong>illius</strong></span> <span class='ocrx_word' id='word_1_180' title='bbox 441 1193 583 1240; x_wconf 76' lang='lat' dir='ltr'><strong>synodi,</strong></span> <span class='ocrx_word' id='word_1_181' title='bbox 608 1193 668 1240; x_wconf 88' lang='lat' dir='ltr'><strong>qui</strong></span> <span class='ocrx_word' id='word_1_182' title='bbox 691 1193 736 1228; x_wconf 88' lang='lat' dir='ltr'><strong>ab</strong></span> <span class='ocrx_word' id='word_1_183' title='bbox 759 1193 946 1240; x_wconf 87' lang='lat' dir='ltr'><strong>episcopis,</strong></span> <span class='ocrx_word' id='word_1_184' title='bbox 973 1193 1184 1240; x_wconf 80' lang='lat' dir='ltr'><strong>presbyteris</strong></span> <span class='ocrx_word' id='word_1_185' title='bbox 1208 1197 1243 1228; x_wconf 91' lang='lat' dir='ltr'><strong>et</strong></span> <span class='ocrx_word' id='word_1_186' title='bbox 1267 1193 1423 1228; x_wconf 89' lang='lat' dir='ltr'><strong>diaconis</strong></span> <span class='ocrx_word' id='word_1_187' title='bbox 1447 1193 1698 1228; x_wconf 79' lang='lat' dir='ltr'><strong>continentiam</strong></span> <span class='ocrx_word' id='word_1_188' title='bbox 1724 1193 1882 1240; x_wconf 79' lang='lat' dir='ltr'><strong>exigunt,</strong></span> 
     </span>
     <span class='ocr_line' id='line_1_20' title="bbox 325 1249 1882 1298; baseline -0.001 -12"><span class='ocrx_word' id='word_1_189' title='bbox 325 1256 399 1287; x_wconf 88' lang='lat' dir='ltr'><strong>tam</strong></span> <span class='ocrx_word' id='word_1_190' title='bbox 409 1251 542 1298; x_wconf 88' lang='lat' dir='ltr'><strong>liquida</strong></span> <span class='ocrx_word' id='word_1_191' title='bbox 554 1260 788 1297; x_wconf 83' lang='lat' dir='ltr'><strong>expressaque</strong></span> <span class='ocrx_word' id='word_1_192' title='bbox 802 1250 969 1285; x_wconf 79' lang='lat' dir='ltr'><strong>autoritas</strong></span> <span class='ocrx_word' id='word_1_193' title='bbox 985 1253 1048 1293; x_wconf 89' lang='lat' dir='ltr'><strong>est,</strong></span> <span class='ocrx_word' id='word_1_194' title='bbox 1064 1252 1105 1285; x_wconf 89' lang='lat' dir='ltr'><strong>ut</strong></span> <span class='ocrx_word' id='word_1_195' title='bbox 1114 1249 1385 1285; x_wconf 85' lang='lat' dir='ltr'><strong>ludificationem</strong></span> <span class='ocrx_word' id='word_1_196' title='bbox 1398 1260 1438 1284; x_wconf 90' lang='lat' dir='ltr'><strong>ac</strong></span> <span class='ocrx_word' id='word_1_197' title='bbox 1450 1250 1571 1285; x_wconf 80' lang='lat' dir='ltr'><strong>fucum</strong></span> <span class='ocrx_word' id='word_1_198' title='bbox 1583 1261 1723 1285; x_wconf 88' lang='lat' dir='ltr'><strong>omnem</strong></span> <span class='ocrx_word' id='word_1_199' title='bbox 1732 1253 1882 1297; x_wconf 87' lang='lat' dir='ltr'><strong>respuat.</strong></span> 
     </span>
     <span class='ocr_line' id='line_1_21' title="bbox 324 1306 1882 1355; baseline -0.001 -12"><span class='ocrx_word' id='word_1_200' title='bbox 324 1309 456 1351; x_wconf 83' lang='lat' dir='ltr'><strong>Placet,</strong></span> <span class='ocrx_word' id='word_1_201' title='bbox 472 1308 586 1355; x_wconf 89' lang='lat' dir='ltr'><strong>inquit</strong></span> <span class='ocrx_word' id='word_1_202' title='bbox 602 1306 764 1353; x_wconf 86' lang='lat' dir='ltr'><strong>Carthag.</strong></span> <span class='ocrx_word' id='word_1_203' title='bbox 777 1320 816 1342; x_wconf 89' lang='grc' dir='ltr'><strong>ιι.</strong></span> <span class='ocrx_word' id='word_1_204' title='bbox 833 1318 944 1342; x_wconf 86' lang='lat' dir='ltr'><strong>canon</strong></span> <span class='ocrx_word' id='word_1_205' title='bbox 958 1319 1010 1350; x_wconf 90' lang='lat'><strong>11.,</strong></span> <span class='ocrx_word' id='word_1_206' title='bbox 1031 1313 1068 1342; x_wconf 85' lang='lat' dir='ltr'><strong>ut</strong></span> <span class='ocrx_word' id='word_1_207' title='bbox 1083 1309 1249 1354; x_wconf 76' lang='lat' dir='ltr'><strong>episcopi,</strong></span> <span class='ocrx_word' id='word_1_208' title='bbox 1261 1308 1456 1353; x_wconf 74' lang='lat' dir='ltr'><strong>presbyteri</strong></span> <span class='ocrx_word' id='word_1_209' title='bbox 1470 1313 1503 1342; x_wconf 81' lang='lat' dir='ltr'><strong>et</strong></span> <span class='ocrx_word' id='word_1_210' title='bbox 1517 1308 1671 1350; x_wconf 76' lang='lat' dir='ltr'><strong>diaconi,</strong></span> <span class='ocrx_word' id='word_1_211' title='bbox 1687 1308 1742 1343; x_wconf 81' lang='lat' dir='ltr'><strong>vel</strong></span> <span class='ocrx_word' id='word_1_212' title='bbox 1755 1310 1813 1354; x_wconf 74' lang='lat' dir='ltr'><strong>qui</strong></span> <span class='ocrx_word' id='word_1_213' title='bbox 1825 1319 1882 1342; x_wconf 86' lang='lat' dir='ltr'><strong>sa-</strong></span> 
     </span>
     <span class='ocr_line' id='line_1_22' title="bbox 325 1364 1881 1413; baseline -0.002 -13"><span class='ocrx_word' id='word_1_214' title='bbox 325 1371 502 1401; x_wconf 84' lang='lat' dir='ltr'><strong>cramenta</strong></span> <span class='ocrx_word' id='word_1_215' title='bbox 519 1370 746 1407; x_wconf 82' lang='lat' dir='ltr'><strong>contrectant,</strong></span> <span class='ocrx_word' id='word_1_216' title='bbox 769 1365 960 1410; x_wconf 72' lang='lat' dir='ltr'><strong>pudicitiae</strong></span> <span class='ocrx_word' id='word_1_217' title='bbox 980 1366 1150 1413; x_wconf 66' lang='lat' dir='ltr'><strong>custodes,</strong></span> <span class='ocrx_word' id='word_1_218' title='bbox 1175 1367 1277 1399; x_wconf 71' lang='lat' dir='ltr'><strong>etiam</strong></span> <span class='ocrx_word' id='word_1_219' title='bbox 1301 1365 1344 1399; x_wconf 80' lang='lat' dir='ltr'><strong>ab</strong></span> <span class='ocrx_word' id='word_1_220' title='bbox 1367 1365 1527 1399; x_wconf 69' lang='lat' dir='ltr'><strong>uxoribus</strong></span> <span class='ocrx_word' id='word_1_221' title='bbox 1541 1376 1576 1399; x_wconf 85' lang='lat' dir='ltr'><strong>se</strong></span> <span class='ocrx_word' id='word_1_222' title='bbox 1593 1365 1796 1400; x_wconf 68' lang='lat' dir='ltr'><strong>abstineant.</strong></span> <span class='ocrx_word' id='word_1_223' title='bbox 1826 1364 1881 1398; x_wconf 75' lang='lat' dir='ltr'><strong>Ab</strong></span> 
     </span>
     <span class='ocr_line' id='line_1_23' title="bbox 325 1422 1884 1468; baseline -0.002 -10"><span class='ocrx_word' id='word_1_224' title='bbox 325 1424 474 1458; x_wconf 77' lang='lat' dir='ltr'><strong>omnibus</strong></span> <span class='ocrx_word' id='word_1_225' title='bbox 489 1424 616 1457; x_wconf 76' lang='lat' dir='ltr'><strong>dictum</strong></span> <span class='ocrx_word' id='word_1_226' title='bbox 633 1427 696 1464; x_wconf 75' lang='lat' dir='ltr'><strong>est,</strong></span> <span class='ocrx_word' id='word_1_227' title='bbox 712 1422 835 1467; x_wconf 80' lang='lat' dir='ltr'><strong>placet</strong></span> <span class='ocrx_word' id='word_1_228' title='bbox 846 1428 887 1457; x_wconf 78' lang='lat' dir='ltr'><strong>ut</strong></span> <span class='ocrx_word' id='word_1_229' title='bbox 896 1423 934 1456; x_wconf 74' lang='lat' dir='ltr'><strong>in</strong></span> <span class='ocrx_word' id='word_1_230' title='bbox 949 1422 1100 1456; x_wconf 77' lang='lat' dir='ltr'><strong>omnibus</strong></span> <span class='ocrx_word' id='word_1_231' title='bbox 1122 1427 1156 1456; x_wconf 84' lang='lat' dir='ltr'><strong>et</strong></span> <span class='ocrx_word' id='word_1_232' title='bbox 1176 1422 1220 1456; x_wconf 87' lang='lat' dir='ltr'><strong>ab</strong></span> <span class='ocrx_word' id='word_1_233' title='bbox 1243 1422 1391 1456; x_wconf 73' lang='lat' dir='ltr'><strong>omnibus</strong></span> <span class='ocrx_word' id='word_1_234' title='bbox 1396 1422 1571 1468; x_wconf 76' lang='lat' dir='ltr'><strong>pudicitia</strong></span> <span class='ocrx_word' id='word_1_235' title='bbox 1588 1423 1810 1464; x_wconf 74' lang='lat' dir='ltr'><strong>custodiatur,</strong></span> <span class='ocrx_word' id='word_1_236' title='bbox 1826 1423 1884 1468; x_wconf 74' lang='lat' dir='ltr'><strong>qui</strong></span> 
     </span>
     <span class='ocr_line' id='line_1_24' title="bbox 325 1476 1882 1526; baseline -0.002 -11"><span class='ocrx_word' id='word_1_237' title='bbox 325 1482 435 1515; x_wconf 75' lang='lat' dir='ltr'><strong>altari</strong></span> <span class='ocrx_word' id='word_1_238' title='bbox 450 1481 651 1514; x_wconf 78' lang='lat' dir='ltr'><strong>deserviunt.</strong></span> <span class='ocrx_word' id='word_1_239' title='bbox 675 1478 818 1514; x_wconf 87' lang='lat' dir='ltr'><strong>Accedit</strong></span> <span class='ocrx_word' id='word_1_240' title='bbox 832 1482 867 1513; x_wconf 86' lang='lat' dir='ltr'><strong>et</strong></span> <span class='ocrx_word' id='word_1_241' title='bbox 883 1477 1044 1515; x_wconf 82' lang='lat' dir='ltr'><strong>Chalced.</strong></span> <span class='ocrx_word' id='word_1_242' title='bbox 1060 1478 1190 1514; x_wconf 83' lang='lat' dir='ltr'><strong>Canon.</strong></span> <span class='ocrx_word' id='word_1_243' title='bbox 1207 1490 1296 1514; x_wconf 54' lang='lat' dir='ltr'><strong>xxva</strong></span> <span class='ocrx_word' id='word_1_244' title='bbox 1319 1476 1453 1523; x_wconf 83' lang='grc' dir='ltr'><strong>Ἐπειδὴ</strong></span> <span class='ocrx_word' id='word_1_245' title='bbox 1470 1476 1502 1512; x_wconf 83' lang='grc' dir='ltr'><strong>ἔν</strong></span> <span class='ocrx_word' id='word_1_246' title='bbox 1517 1490 1598 1513; x_wconf 85' lang='grc' dir='ltr'><strong>τισιν</strong></span> <span class='ocrx_word' id='word_1_247' title='bbox 1614 1477 1785 1526; x_wconf 77' lang='grc' dir='ltr'><strong>ἐπαρχίαις</strong></span> <span class='ocrx_word' id='word_1_248' title='bbox 1801 1490 1882 1524; x_wconf 82' lang='grc' dir='ltr'>συγ-</span> 
     </span>
     <span class='ocr_line' id='line_1_25' title="bbox 324 1533 1882 1584; baseline -0.001 -13"><span class='ocrx_word' id='word_1_249' title='bbox 324 1536 510 1584; x_wconf 75' lang='grc' dir='ltr'><strong>κεχώρηται</strong></span> <span class='ocrx_word' id='word_1_250' title='bbox 521 1538 590 1576; x_wconf 78' lang='grc' dir='ltr'><strong>τοῖς</strong></span> <span class='ocrx_word' id='word_1_251' title='bbox 607 1533 828 1582; x_wconf 84' lang='grc' dir='ltr'><strong>ἆναγνώσταις</strong></span> <span class='ocrx_word' id='word_1_252' title='bbox 845 1534 899 1570; x_wconf 65' lang='grc' dir='ltr'><strong>καὶ</strong></span> <span class='ocrx_word' id='word_1_253' title='bbox 912 1533 1049 1582; x_wconf 81' lang='grc' dir='ltr'><strong>ψάλταις</strong></span> <span class='ocrx_word' id='word_1_254' title='bbox 1061 1537 1189 1583; x_wconf 72' lang='grc' dir='ltr'>γαμεῖν,</span> <span class='ocrx_word' id='word_1_255' title='bbox 1207 1534 1321 1583; x_wconf 82' lang='grc' dir='ltr'><strong>ὥρισεν</strong></span> <span class='ocrx_word' id='word_1_256' title='bbox 1337 1533 1357 1580; x_wconf 82' lang='grc' dir='ltr'>ἡ</span> <span class='ocrx_word' id='word_1_257' title='bbox 1375 1534 1452 1582; x_wconf 84' lang='grc' dir='ltr'>ἁγία</span> <span class='ocrx_word' id='word_1_258' title='bbox 1467 1535 1615 1582; x_wconf 73' lang='grc' dir='ltr'>σύνοδος,</span> <span class='ocrx_word' id='word_1_259' title='bbox 1633 1534 1678 1583; x_wconf 81' lang='grc' dir='ltr'><strong>μὴ</strong></span> <span class='ocrx_word' id='word_1_260' title='bbox 1694 1533 1807 1576; x_wconf 77' lang='grc' dir='ltr'>ἐξεῖναί</span> <span class='ocrx_word' id='word_1_261' title='bbox 1822 1546 1882 1570; x_wconf 85' lang='grc' dir='ltr'><strong>τινι</strong></span> 
     </span>
     <span class='ocr_line' id='line_1_26' title="bbox 325 1591 1884 1640; baseline 0 -12"><span class='ocrx_word' id='word_1_262' title='bbox 325 1594 433 1628; x_wconf 77' lang='grc' dir='ltr'>αὐτῶν</span> <span class='ocrx_word' id='word_1_263' title='bbox 457 1592 645 1640; x_wconf 78' lang='grc' dir='ltr'>ἑτερόδοξον</span> <span class='ocrx_word' id='word_1_264' title='bbox 667 1594 807 1639; x_wconf 77' lang='grc' dir='ltr'>γυναῖκα</span> <span class='ocrx_word' id='word_1_265' title='bbox 829 1591 1021 1639; x_wconf 76' lang='grc' dir='ltr'><strong>λαμβάνεινε</strong></span> <span class='ocrx_word' id='word_1_266' title='bbox 1056 1593 1137 1628; x_wconf 84' lang='lat' dir='ltr'><strong>Cum</strong></span> <span class='ocrx_word' id='word_1_267' title='bbox 1158 1595 1195 1627; x_wconf 75' lang='lat' dir='ltr'><strong>in</strong></span> <span class='ocrx_word' id='word_1_268' title='bbox 1211 1593 1408 1638; x_wconf 79' lang='lat' dir='ltr'><strong>quibusdam</strong></span> <span class='ocrx_word' id='word_1_269' title='bbox 1424 1595 1617 1639; x_wconf 74' lang='lat' dir='ltr'><strong>provinciis</strong></span> <span class='ocrx_word' id='word_1_270' title='bbox 1633 1605 1822 1628; x_wconf 79' lang='lat' dir='ltr'><strong>concessum</strong></span> <span class='ocrx_word' id='word_1_271' title='bbox 1837 1594 1884 1627; x_wconf 72' lang='lat' dir='ltr'><strong>eit</strong></span> 
     </span>
     <span class='ocr_line' id='line_1_27' title="bbox 323 1649 1882 1696; baseline -0.001 -10"><span class='ocrx_word' id='word_1_272' title='bbox 323 1652 503 1687; x_wconf 80' lang='lat' dir='ltr'><strong>lectoribus</strong></span> <span class='ocrx_word' id='word_1_273' title='bbox 518 1656 551 1685; x_wconf 79' lang='lat' dir='ltr'><strong>et</strong></span> <span class='ocrx_word' id='word_1_274' title='bbox 565 1651 761 1685; x_wconf 71' lang='lat' dir='ltr'><strong>cantoribus</strong></span> <span class='ocrx_word' id='word_1_275' title='bbox 775 1662 897 1685; x_wconf 70' lang='lat' dir='ltr'><strong>uxores</strong></span> <span class='ocrx_word' id='word_1_276' title='bbox 913 1651 1045 1685; x_wconf 82' lang='lat' dir='ltr'><strong>ducere.</strong></span> <span class='ocrx_word' id='word_1_277' title='bbox 1080 1650 1160 1685; x_wconf 89' lang='lat' dir='ltr'><strong>Non</strong></span> <span class='ocrx_word' id='word_1_278' title='bbox 1174 1650 1282 1696; x_wconf 82' lang='lat' dir='ltr'><strong>igitur</strong></span> <span class='ocrx_word' id='word_1_279' title='bbox 1297 1650 1442 1685; x_wconf 78' lang='lat' dir='ltr'><strong>caeteris</strong></span> <span class='ocrx_word' id='word_1_280' title='bbox 1457 1650 1585 1686; x_wconf 78' lang='lat' dir='ltr'><strong>licebat</strong></span> <span class='ocrx_word' id='word_1_281' title='bbox 1599 1649 1792 1694; x_wconf 76' lang='lat' dir='ltr'><strong>ordinibus,</strong></span> <span class='ocrx_word' id='word_1_282' title='bbox 1807 1660 1882 1685; x_wconf 70' lang='lat' dir='ltr'><strong>ma·</strong></span> 
     </span>
     <span class='ocr_line' id='line_1_28' title="bbox 323 1707 1881 1754; baseline -0.001 -10"><span class='ocrx_word' id='word_1_283' title='bbox 323 1710 419 1744; x_wconf 83' lang='lat' dir='ltr'><strong>xime</strong></span> <span class='ocrx_word' id='word_1_284' title='bbox 436 1707 676 1750; x_wconf 85' lang='lat' dir='ltr'><strong>subdiaconis,</strong></span> <span class='ocrx_word' id='word_1_285' title='bbox 700 1717 740 1742; x_wconf 86' lang='lat' dir='ltr'><strong>ac</strong></span> <span class='ocrx_word' id='word_1_286' title='bbox 764 1717 808 1742; x_wconf 89' lang='lat' dir='ltr'><strong>ne</strong></span> <span class='ocrx_word' id='word_1_287' title='bbox 831 1707 1019 1743; x_wconf 89' lang='lat' dir='ltr'><strong>lectoribus</strong></span> <span class='ocrx_word' id='word_1_288' title='bbox 1044 1707 1183 1754; x_wconf 88' lang='lat' dir='ltr'><strong>quidem</strong></span> <span class='ocrx_word' id='word_1_289' title='bbox 1203 1710 1238 1743; x_wconf 88' lang='lat' dir='ltr'><strong>et</strong></span> <span class='ocrx_word' id='word_1_290' title='bbox 1253 1707 1452 1743; x_wconf 86' lang='lat' dir='ltr'><strong>cantoribus</strong></span> <span class='ocrx_word' id='word_1_291' title='bbox 1468 1707 1612 1754; x_wconf 86' lang='lat' dir='ltr'><strong>ubique,</strong></span> <span class='ocrx_word' id='word_1_292' title='bbox 1635 1707 1698 1743; x_wconf 85' lang='lat' dir='ltr'><strong>sed</strong></span> <span class='ocrx_word' id='word_1_293' title='bbox 1719 1707 1757 1743; x_wconf 91' lang='lat' dir='ltr'><strong>in</strong></span> <span class='ocrx_word' id='word_1_294' title='bbox 1779 1707 1881 1743; x_wconf 87' lang='lat' dir='ltr'><strong>certis</strong></span> 
     </span>
     <span class='ocr_line' id='line_1_29' title="bbox 323 1763 1881 1812; baseline -0.001 -11"><span class='ocrx_word' id='word_1_295' title='bbox 323 1767 496 1801; x_wconf 86' lang='lat' dir='ltr'><strong>duntaxat</strong></span> <span class='ocrx_word' id='word_1_296' title='bbox 509 1764 709 1812; x_wconf 80' lang='lat' dir='ltr'><strong>provinciis.</strong></span> <span class='ocrx_word' id='word_1_297' title='bbox 744 1764 951 1811; x_wconf 86' lang='lat' dir='ltr'><strong>Quanquam</strong></span> <span class='ocrx_word' id='word_1_298' title='bbox 967 1764 1010 1799; x_wconf 88' lang='lat' dir='ltr'><strong>de</strong></span> <span class='ocrx_word' id='word_1_299' title='bbox 1025 1764 1264 1808; x_wconf 88' lang='lat' dir='ltr'><strong>subdiaconis,</strong></span> <span class='ocrx_word' id='word_1_300' title='bbox 1285 1776 1358 1800; x_wconf 89' lang='lat' dir='ltr'><strong>non</strong></span> <span class='ocrx_word' id='word_1_301' title='bbox 1380 1776 1424 1800; x_wconf 89' lang='lat' dir='ltr'><strong>ex</strong></span> <span class='ocrx_word' id='word_1_302' title='bbox 1446 1765 1589 1801; x_wconf 86' lang='lat' dir='ltr'><strong>canonis</strong></span> <span class='ocrx_word' id='word_1_303' title='bbox 1612 1765 1716 1800; x_wconf 85' lang='lat' dir='ltr'><strong>ullius</strong></span> <span class='ocrx_word' id='word_1_304' title='bbox 1733 1763 1881 1807; x_wconf 82' lang='lat' dir='ltr'><strong>decreto,</strong></span> 
     </span>
     <span class='ocr_line' id='line_1_30' title="bbox 323 1820 1881 1870; baseline -0.001 -12"><span class='ocrx_word' id='word_1_305' title='bbox 323 1827 362 1858; x_wconf 90' lang='lat' dir='ltr'><strong>ut</strong></span> <span class='ocrx_word' id='word_1_306' title='bbox 378 1825 427 1858; x_wconf 88' lang='lat' dir='ltr'><strong>ait</strong></span> <span class='ocrx_word' id='word_1_307' title='bbox 442 1821 673 1869; x_wconf 85' lang='lat' dir='ltr'><strong>Epiphanius,</strong></span> <span class='ocrx_word' id='word_1_308' title='bbox 697 1821 758 1857; x_wconf 88' lang='lat' dir='ltr'><strong>sed</strong></span> <span class='ocrx_word' id='word_1_309' title='bbox 780 1833 826 1856; x_wconf 87' lang='lat' dir='ltr'><strong>ex</strong></span> <span class='ocrx_word' id='word_1_310' title='bbox 849 1822 999 1868; x_wconf 83' lang='lat' dir='ltr'><strong>quadam</strong></span> <span class='ocrx_word' id='word_1_311' title='bbox 1019 1822 1238 1868; x_wconf 85' lang='lat' dir='ltr'><strong>indulgentia</strong></span> <span class='ocrx_word' id='word_1_312' title='bbox 1260 1825 1296 1857; x_wconf 89' lang='lat' dir='ltr'><strong>et</strong></span> <span class='ocrx_word' id='word_1_313' title='bbox 1311 1820 1480 1870; x_wconf 78' lang='grc' dir='ltr'>οἰκονομίᾳ</span> <span class='ocrx_word' id='word_1_314' title='bbox 1494 1822 1679 1858; x_wconf 84' lang='lat' dir='ltr'><strong>remissum</strong></span> <span class='ocrx_word' id='word_1_315' title='bbox 1695 1821 1881 1870; x_wconf 85' lang='lat' dir='ltr'><strong>aliquando</strong></span> 
     </span>
     <span class='ocr_line' id='line_1_31' title="bbox 322 1878 1882 1926; baseline 0.001 -12"><span class='ocrx_word' id='word_1_316' title='bbox 322 1880 467 1915; x_wconf 78' lang='lat' dir='ltr'><strong>videtur.</strong></span> <span class='ocrx_word' id='word_1_317' title='bbox 490 1879 579 1914; x_wconf 88' lang='lat' dir='ltr'><strong>Nam</strong></span> <span class='ocrx_word' id='word_1_318' title='bbox 592 1883 626 1914; x_wconf 92' lang='lat' dir='ltr'><strong>et</strong></span> <span class='ocrx_word' id='word_1_319' title='bbox 634 1878 959 1925; x_wconf 80' lang='lat' dir='ltr'><strong>Carthaginensium</strong></span> <span class='ocrx_word' id='word_1_320' title='bbox 969 1879 1193 1915; x_wconf 88' lang='lat' dir='ltr'><strong>conciliorum</strong></span> <span class='ocrx_word' id='word_1_321' title='bbox 1205 1890 1356 1915; x_wconf 86' lang='lat' dir='ltr'><strong>canones</strong></span> <span class='ocrx_word' id='word_1_322' title='bbox 1365 1906 1373 1922; x_wconf 93' lang='lat'><strong><em>‚</em></strong></span> <span class='ocrx_word' id='word_1_323' title='bbox 1389 1879 1516 1926; x_wconf 87' lang='lat' dir='ltr'><strong>quibus</strong></span> <span class='ocrx_word' id='word_1_324' title='bbox 1528 1878 1654 1915; x_wconf 82' lang='lat' dir='ltr'><strong>diserte</strong></span> <span class='ocrx_word' id='word_1_325' title='bbox 1669 1879 1882 1915; x_wconf 87' lang='lat' dir='ltr'><strong>continentia</strong></span> 
     </span>
     <span class='ocr_line' id='line_1_32' title="bbox 322 1935 1881 1985; baseline 0 -13"><span class='ocrx_word' id='word_1_326' title='bbox 322 1937 544 1983; x_wconf 83' lang='lat' dir='ltr'><strong>praecipitur,</strong></span> <span class='ocrx_word' id='word_1_327' title='bbox 559 1938 742 1983; x_wconf 86' lang='lat' dir='ltr'><strong>episcopos</strong></span> <span class='ocrx_word' id='word_1_328' title='bbox 755 1936 928 1971; x_wconf 82' lang='lat' dir='ltr'><strong>duntaxat</strong></span> <span class='ocrx_word' id='word_1_329' title='bbox 938 1939 973 1972; x_wconf 89' lang='lat' dir='ltr'><strong>et</strong></span> <span class='ocrx_word' id='word_1_330' title='bbox 982 1936 1206 1985; x_wconf 78' lang='lat' dir='ltr'><strong>presbyteros</strong></span> <span class='ocrx_word' id='word_1_331' title='bbox 1223 1947 1262 1972; x_wconf 89' lang='lat' dir='ltr'><strong>ac</strong></span> <span class='ocrx_word' id='word_1_332' title='bbox 1275 1936 1440 1972; x_wconf 88' lang='lat' dir='ltr'><strong>diaconos</strong></span> <span class='ocrx_word' id='word_1_333' title='bbox 1453 1937 1628 1984; x_wconf 87' lang='lat' dir='ltr'><strong>complexi</strong></span> <span class='ocrx_word' id='word_1_334' title='bbox 1640 1939 1732 1973; x_wconf 87' lang='lat' dir='ltr'><strong>sunt.</strong></span> <span class='ocrx_word' id='word_1_335' title='bbox 1756 1935 1881 1980; x_wconf 83' lang='lat' dir='ltr'><strong>Quem-</strong></span> 
     </span>
     <span class='ocr_line' id='line_1_33' title="bbox 322 1992 1880 2044; baseline 0.001 -16"><span class='ocrx_word' id='word_1_336' title='bbox 322 1993 507 2029; x_wconf 89' lang='lat' dir='ltr'><strong>admodum</strong></span> <span class='ocrx_word' id='word_1_337' title='bbox 524 1996 559 2028; x_wconf 88' lang='lat' dir='ltr'><strong>et</strong></span> <span class='ocrx_word' id='word_1_338' title='bbox 573 1993 773 2029; x_wconf 85' lang='lat' dir='ltr'><strong>Arelatense</strong></span> <span class='ocrx_word' id='word_1_339' title='bbox 790 2006 827 2029; x_wconf 89' lang='lat'><strong>11.</strong></span> <span class='ocrx_word' id='word_1_340' title='bbox 845 1992 930 2030; x_wconf 76' lang='lat' dir='ltr'><strong>Gan.</strong></span> <span class='ocrx_word' id='word_1_341' title='bbox 940 1992 1075 2044; x_wconf 58' lang='grc' dir='ltr'><strong>πεῖθε·</strong></span> <span class='ocrx_word' id='word_1_342' title='bbox 1087 1996 1162 2040; x_wconf 76' lang='lat' dir='ltr'><strong>quis</strong></span> <span class='ocrx_word' id='word_1_343' title='bbox 1177 1995 1218 2029; x_wconf 82' lang='lat' dir='ltr'><strong>de</strong></span> <span class='ocrx_word' id='word_1_344' title='bbox 1235 1995 1372 2029; x_wconf 74' lang='lat' dir='ltr'><strong>clericis</strong></span> <span class='ocrx_word' id='word_1_345' title='bbox 1387 2007 1411 2029; x_wconf 90' lang='lat' dir='ltr'><strong>a</strong></span> <span class='ocrx_word' id='word_1_346' title='bbox 1425 1995 1542 2040; x_wconf 80' lang='lat' dir='ltr'><strong>qradu</strong></span> <span class='ocrx_word' id='word_1_347' title='bbox 1557 1995 1763 2030; x_wconf 68' lang='lat' dir='ltr'><strong>diaconatus</strong></span> <span class='ocrx_word' id='word_1_348' title='bbox 1777 1996 1815 2029; x_wconf 82' lang='lat' dir='ltr'><strong>s&#39;n</strong></span> <span class='ocrx_word' id='word_1_349' title='bbox 1826 2006 1880 2029; x_wconf 81' lang='lat' dir='ltr'><strong>so-</strong></span> 
     </span>
     <span class='ocr_line' id='line_1_34' title="bbox 322 2045 1878 2098; baseline 0.001 -13"><span class='ocrx_word' id='word_1_350' title='bbox 322 2052 406 2085; x_wconf 58' lang='lat' dir='ltr'><strong>latio</strong></span> <span class='ocrx_word' id='word_1_351' title='bbox 422 2063 480 2085; x_wconf 84' lang='lat' dir='ltr'><strong>suo</strong></span> <span class='ocrx_word' id='word_1_352' title='bbox 494 2051 661 2085; x_wconf 76' lang='lat' dir='ltr'><strong>mulierem</strong></span> <span class='ocrx_word' id='word_1_353' title='bbox 670 2057 814 2097; x_wconf 82' lang='lat' dir='ltr'><strong>praeter</strong></span> <span class='ocrx_word' id='word_1_354' title='bbox 827 2053 959 2094; x_wconf 69' lang='lat' dir='ltr'><strong>aviam,</strong></span> <span class='ocrx_word' id='word_1_355' title='bbox 974 2045 1134 2097; x_wconf 51' lang='lat' dir='ltr'><strong>tuditem,</strong></span> <span class='ocrx_word' id='word_1_356' title='bbox 1150 2062 1314 2092; x_wconf 78' lang='lat' dir='ltr'><strong>sororem,</strong></span> <span class='ocrx_word' id='word_1_357' title='bbox 1323 2052 1438 2098; x_wconf 73' lang='lat' dir='ltr'><strong>filiam</strong></span> <span class='ocrx_word' id='word_1_358' title='bbox 1454 2057 1599 2098; x_wconf 83' lang='lat' dir='ltr'><strong>neptem,</strong></span> <span class='ocrx_word' id='word_1_359' title='bbox 1615 2052 1671 2086; x_wconf 75' lang='lat' dir='ltr'><strong>vel</strong></span> <span class='ocrx_word' id='word_1_360' title='bbox 1681 2063 1878 2086; x_wconf 75' lang='lat' dir='ltr'><strong>conversam</strong></span> 
     </span>
     <span class='ocr_line' id='line_1_35' title="bbox 321 2106 1879 2154; baseline 0.001 -12"><span class='ocrx_word' id='word_1_361' title='bbox 321 2120 431 2143; x_wconf 85' lang='lat' dir='ltr'><strong>secum</strong></span> <span class='ocrx_word' id='word_1_362' title='bbox 446 2119 581 2142; x_wconf 75' lang='lat' dir='ltr'><strong>uxorem</strong></span> <span class='ocrx_word' id='word_1_363' title='bbox 598 2106 724 2142; x_wconf 71' lang='lat' dir='ltr'><strong>habere</strong></span> <span class='ocrx_word' id='word_1_364' title='bbox 733 2108 1014 2154; x_wconf 61' lang='lat' dir='ltr'><strong>praesumpserit,</strong></span> <span class='ocrx_word' id='word_1_365' title='bbox 1039 2120 1062 2142; x_wconf 92' lang='lat' dir='ltr'><strong>a</strong></span> <span class='ocrx_word' id='word_1_366' title='bbox 1085 2110 1310 2143; x_wconf 73' lang='lat' dir='ltr'><strong>communione</strong></span> <span class='ocrx_word' id='word_1_367' title='bbox 1327 2108 1457 2142; x_wconf 72' lang='lat' dir='ltr'><strong>alienus</strong></span> <span class='ocrx_word' id='word_1_368' title='bbox 1472 2107 1651 2145; x_wconf 71' lang='lat' dir='ltr'><strong>habeatur.</strong></span> <span class='ocrx_word' id='word_1_369' title='bbox 1687 2106 1777 2143; x_wconf 72' lang='lat' dir='ltr'><strong>Nam</strong></span> <span class='ocrx_word' id='word_1_370' title='bbox 1799 2118 1879 2143; x_wconf 88' lang='lat' dir='ltr'><strong>con·</strong></span> 
     </span>
     <span class='ocr_line' id='line_1_36' title="bbox 321 2163 1879 2212; baseline 0 -11"><span class='ocrx_word' id='word_1_371' title='bbox 321 2176 458 2201; x_wconf 83' lang='lat' dir='ltr'><strong>versam</strong></span> <span class='ocrx_word' id='word_1_372' title='bbox 474 2165 637 2212; x_wconf 85' lang='lat' dir='ltr'><strong>appellat,</strong></span> <span class='ocrx_word' id='word_1_373' title='bbox 654 2174 742 2211; x_wconf 88' lang='lat' dir='ltr'><strong>quae</strong></span> <span class='ocrx_word' id='word_1_374' title='bbox 758 2168 882 2211; x_wconf 89' lang='lat' dir='ltr'><strong>sponte</strong></span> <span class='ocrx_word' id='word_1_375' title='bbox 899 2174 937 2199; x_wconf 83' lang='lat' dir='ltr'><strong>se</strong></span> <span class='ocrx_word' id='word_1_376' title='bbox 953 2174 974 2199; x_wconf 85' lang='lat' dir='ltr'><strong>a</strong></span> <span class='ocrx_word' id='word_1_377' title='bbox 986 2163 1051 2199; x_wconf 85' lang='lat' dir='ltr'><strong>viri</strong></span> <span class='ocrx_word' id='word_1_378' title='bbox 1066 2164 1315 2200; x_wconf 87' lang='lat' dir='ltr'><strong>consuetudine</strong></span> <span class='ocrx_word' id='word_1_379' title='bbox 1331 2165 1535 2211; x_wconf 81' lang='lat' dir='ltr'><strong>segregarit.</strong></span> <span class='ocrx_word' id='word_1_380' title='bbox 1557 2164 1615 2200; x_wconf 89' lang='lat' dir='ltr'><strong>Uti</strong></span> <span class='ocrx_word' id='word_1_381' title='bbox 1631 2176 1765 2201; x_wconf 88' lang='lat' dir='ltr'><strong>canone</strong></span> <span class='ocrx_word' id='word_1_382' title='bbox 1780 2176 1879 2212; x_wconf 86' lang='lat' dir='ltr'><strong>prae-</strong></span> 
     </span>
     <span class='ocr_line' id='line_1_37' title="bbox 322 2222 1877 2268; baseline -0.001 -9"><span class='ocrx_word' id='word_1_383' title='bbox 322 2223 472 2259; x_wconf 83' lang='lat' dir='ltr'><strong>cedenti:</strong></span> <span class='ocrx_word' id='word_1_384' title='bbox 490 2223 631 2257; x_wconf 74' lang='lat' dir='ltr'><strong>Assumi</strong></span> <span class='ocrx_word' id='word_1_385' title='bbox 641 2222 785 2268; x_wconf 72' lang='lat' dir='ltr'><strong>aliquem</strong></span> <span class='ocrx_word' id='word_1_386' title='bbox 799 2222 849 2255; x_wconf 86' lang='lat' dir='ltr'><strong>ad</strong></span> <span class='ocrx_word' id='word_1_387' title='bbox 861 2222 1089 2256; x_wconf 66' lang='lat' dir='ltr'><strong>sacerdotium</strong></span> <span class='ocrx_word' id='word_1_388' title='bbox 1103 2234 1166 2256; x_wconf 85' lang='lat' dir='ltr'><strong>non</strong></span> <span class='ocrx_word' id='word_1_389' title='bbox 1176 2234 1279 2268; x_wconf 73' lang='lat' dir='ltr'><strong>posse</strong></span> <span class='ocrx_word' id='word_1_390' title='bbox 1290 2224 1325 2256; x_wconf 76' lang='lat' dir='ltr'><strong>s&#39;n</strong></span> <span class='ocrx_word' id='word_1_391' title='bbox 1342 2223 1475 2257; x_wconf 72' lang='lat' dir='ltr'><strong>vinculo</strong></span> <span class='ocrx_word' id='word_1_392' title='bbox 1492 2225 1643 2268; x_wconf 65' lang='lat' dir='ltr'><strong>coniuqa’s·</strong></span> <span class='ocrx_word' id='word_1_393' title='bbox 1657 2225 1877 2265; x_wconf 73' lang='lat' dir='ltr'><strong>constitutum,</strong></span> 
     </span>
     <span class='ocr_line' id='line_1_38' title="bbox 321 2278 1877 2327; baseline 0 -12"><span class='ocrx_word' id='word_1_394' title='bbox 321 2284 389 2315; x_wconf 74' lang='lat' dir='ltr'><strong>nisi</strong></span> <span class='ocrx_word' id='word_1_395' title='bbox 401 2283 570 2327; x_wconf 78' lang='lat' dir='ltr'><strong>promissa</strong></span> <span class='ocrx_word' id='word_1_396' title='bbox 577 2282 691 2325; x_wconf 74' lang='lat' dir='ltr'><strong>fuerit</strong></span> <span class='ocrx_word' id='word_1_397' title='bbox 706 2281 896 2321; x_wconf 70' lang='lat' dir='ltr'><strong>conversio,</strong></span> <span class='ocrx_word' id='word_1_398' title='bbox 919 2291 983 2313; x_wconf 84' lang='lat' dir='ltr'><strong>non</strong></span> <span class='ocrx_word' id='word_1_399' title='bbox 999 2284 1137 2325; x_wconf 79' lang='lat' dir='ltr'><strong>oportet.</strong></span> <span class='ocrx_word' id='word_1_400' title='bbox 1173 2278 1221 2314; x_wconf 80' lang='lat' dir='ltr'><strong>At</strong></span> <span class='ocrx_word' id='word_1_401' title='bbox 1236 2278 1366 2314; x_wconf 86' lang='lat' dir='ltr'><strong>Concil.</strong></span> <span class='ocrx_word' id='word_1_402' title='bbox 1381 2279 1491 2314; x_wconf 81' lang='lat' dir='ltr'><strong>Tolet.</strong></span> <span class='ocrx_word' id='word_1_403' title='bbox 1503 2291 1529 2316; x_wconf 83' lang='lat' dir='ltr'><strong>x.</strong></span> <span class='ocrx_word' id='word_1_404' title='bbox 1546 2278 1629 2316; x_wconf 77' lang='lat' dir='ltr'><strong>Gan.</strong></span> <span class='ocrx_word' id='word_1_405' title='bbox 1647 2292 1694 2317; x_wconf 68' lang='lat' dir='ltr'><strong>IV.</strong></span> <span class='ocrx_word' id='word_1_406' title='bbox 1711 2279 1877 2315; x_wconf 80' lang='lat' dir='ltr'><strong>decrevit:</strong></span> 
     </span>
     <span class='ocr_line' id='line_1_39' title="bbox 327 2336 1880 2378; baseline -0.001 -5"><span class='ocrx_word' id='word_1_407' title='bbox 327 2338 371 2373; x_wconf 83' lang='lat' dir='ltr'><strong>Ut</strong></span> <span class='ocrx_word' id='word_1_408' title='bbox 383 2338 610 2373; x_wconf 71' lang='lat' dir='ltr'><strong>subdiaconus</strong></span> <span class='ocrx_word' id='word_1_409' title='bbox 625 2348 759 2371; x_wconf 68' lang='lat' dir='ltr'><strong>uxorem</strong></span> <span class='ocrx_word' id='word_1_410' title='bbox 776 2337 920 2371; x_wconf 78' lang='lat' dir='ltr'><strong>alteram</strong></span> <span class='ocrx_word' id='word_1_411' title='bbox 937 2336 1062 2371; x_wconf 81' lang='lat' dir='ltr'><strong>ducens</strong></span> <span class='ocrx_word' id='word_1_412' title='bbox 1075 2338 1164 2370; x_wconf 78' lang='lat' dir='ltr'><strong>inter</strong></span> <span class='ocrx_word' id='word_1_413' title='bbox 1179 2338 1340 2371; x_wconf 69' lang='lat' dir='ltr'><strong>ost-&#39;arios</strong></span> <span class='ocrx_word' id='word_1_414' title='bbox 1355 2337 1409 2370; x_wconf 78' lang='lat' dir='ltr'><strong>vel</strong></span> <span class='ocrx_word' id='word_1_415' title='bbox 1423 2337 1563 2372; x_wconf 82' lang='lat' dir='ltr'><strong>lectores</strong></span> <span class='ocrx_word' id='word_1_416' title='bbox 1577 2336 1755 2374; x_wconf 73' lang='lat' dir='ltr'><strong>habeatur.</strong></span> <span class='ocrx_word' id='word_1_417' title='bbox 1781 2337 1880 2378; x_wconf 83' lang='lat' dir='ltr'><strong>Quod</strong></span> 
     </span>
     <span class='ocr_line' id='line_1_40' title="bbox 321 2392 1878 2440; baseline 0.001 -12"><span class='ocrx_word' id='word_1_418' title='bbox 321 2398 353 2428; x_wconf 78' lang='lat' dir='ltr'><strong>si</strong></span> <span class='ocrx_word' id='word_1_419' title='bbox 368 2397 503 2430; x_wconf 76' lang='lat' dir='ltr'><strong>tertiam</strong></span> <span class='ocrx_word' id='word_1_420' title='bbox 520 2395 663 2436; x_wconf 68' lang='lat' dir='ltr'><strong>dua-erit,</strong></span> <span class='ocrx_word' id='word_1_421' title='bbox 679 2394 767 2440; x_wconf 83' lang='lat' dir='ltr'><strong>quod</strong></span> <span class='ocrx_word' id='word_1_422' title='bbox 782 2405 842 2428; x_wconf 83' lang='lat' dir='ltr'><strong>nec</strong></span> <span class='ocrx_word' id='word_1_423' title='bbox 860 2394 1036 2428; x_wconf 74' lang='lat' dir='ltr'><strong>dicendum</strong></span> <span class='ocrx_word' id='word_1_424' title='bbox 1053 2399 1111 2435; x_wconf 84' lang='lat' dir='ltr'><strong>est,</strong></span> <span class='ocrx_word' id='word_1_425' title='bbox 1135 2392 1303 2428; x_wconf 82' lang='lat' dir='ltr'><strong>abstentus</strong></span> <span class='ocrx_word' id='word_1_426' title='bbox 1319 2394 1450 2429; x_wconf 72' lang='lat' dir='ltr'><strong>bn&#39;enm&#39;o</strong></span> <span class='ocrx_word' id='word_1_427' title='bbox 1463 2399 1581 2440; x_wconf 78' lang='lat' dir='ltr'><strong>postea</strong></span> <span class='ocrx_word' id='word_1_428' title='bbox 1596 2396 1686 2429; x_wconf 72' lang='lat' dir='ltr'><strong>inter</strong></span> <span class='ocrx_word' id='word_1_429' title='bbox 1702 2395 1810 2430; x_wconf 73' lang='lat' dir='ltr'><strong>laicos</strong></span> <span class='ocrx_word' id='word_1_430' title='bbox 1825 2406 1878 2430; x_wconf 81' lang='lat' dir='ltr'><strong>re·</strong></span> 
     </span>
     <span class='ocr_line' id='line_1_41' title="bbox 322 2448 1877 2499; baseline 0.002 -15"><span class='ocrx_word' id='word_1_431' title='bbox 322 2453 523 2486; x_wconf 68' lang='lat' dir='ltr'><strong>conciliatus</strong></span> <span class='ocrx_word' id='word_1_432' title='bbox 533 2457 614 2498; x_wconf 80' lang='lat' dir='ltr'><strong>post</strong></span> <span class='ocrx_word' id='word_1_433' title='bbox 623 2453 865 2498; x_wconf 74' lang='lat' dir='ltr'><strong>poenitentiam</strong></span> <span class='ocrx_word' id='word_1_434' title='bbox 880 2452 1106 2487; x_wconf 71' lang='lat' dir='ltr'><strong>communicet.</strong></span> <span class='ocrx_word' id='word_1_435' title='bbox 1130 2450 1174 2485; x_wconf 82' lang='lat' dir='ltr'><strong>At</strong></span> <span class='ocrx_word' id='word_1_436' title='bbox 1190 2448 1274 2486; x_wconf 83' lang='lat' dir='ltr'><strong>haec</strong></span> <span class='ocrx_word' id='word_1_437' title='bbox 1291 2449 1435 2486; x_wconf 78' lang='lat' dir='ltr'><strong>Siricius</strong></span> <span class='ocrx_word' id='word_1_438' title='bbox 1451 2461 1543 2499; x_wconf 73' lang='lat' dir='ltr'><strong>papa</strong></span> <span class='ocrx_word' id='word_1_439' title='bbox 1556 2450 1593 2486; x_wconf 82' lang='lat' dir='ltr'><strong>in</strong></span> <span class='ocrx_word' id='word_1_440' title='bbox 1609 2451 1772 2499; x_wconf 73' lang='lat' dir='ltr'><strong>epistola,</strong></span> <span class='ocrx_word' id='word_1_441' title='bbox 1788 2462 1877 2499; x_wconf 77' lang='lat' dir='ltr'><strong>quae</strong></span> 
     </span>
     <span class='ocr_line' id='line_1_42' title="bbox 322 2506 1876 2556; baseline 0 -12"><span class='ocrx_word' id='word_1_442' title='bbox 322 2510 357 2544; x_wconf 83' lang='lat' dir='ltr'><strong>in</strong></span> <span class='ocrx_word' id='word_1_443' title='bbox 374 2508 510 2544; x_wconf 75' lang='lat' dir='ltr'><strong>&#39;Polemi</strong></span> <span class='ocrx_word' id='word_1_444' title='bbox 527 2507 673 2544; x_wconf 86' lang='lat' dir='ltr'><strong>concilio</strong></span> <span class='ocrx_word' id='word_1_445' title='bbox 689 2508 779 2543; x_wconf 83' lang='lat' dir='ltr'><strong>lecta</strong></span> <span class='ocrx_word' id='word_1_446' title='bbox 795 2510 864 2551; x_wconf 87' lang='lat' dir='ltr'><strong>est,</strong></span> <span class='ocrx_word' id='word_1_447' title='bbox 889 2506 973 2543; x_wconf 76' lang='lat' dir='ltr'><strong>ean.</strong></span> <span class='ocrx_word' id='word_1_448' title='bbox 989 2519 1049 2549; x_wconf 76' lang='lat'><strong>¹¹.,</strong></span> <span class='ocrx_word' id='word_1_449' title='bbox 1072 2506 1295 2543; x_wconf 82' lang='lat' dir='ltr'><strong>Innocentius</strong></span> <span class='ocrx_word' id='word_1_450' title='bbox 1311 2507 1419 2555; x_wconf 84' lang='lat' dir='ltr'><strong>Epist.</strong></span> <span class='ocrx_word' id='word_1_451' title='bbox 1433 2519 1470 2544; x_wconf 90' lang='grc' dir='ltr'><strong>ιι.</strong></span> <span class='ocrx_word' id='word_1_452' title='bbox 1486 2517 1561 2555; x_wconf 81' lang='lat' dir='ltr'><strong>cap.</strong></span> <span class='ocrx_word' id='word_1_453' title='bbox 1574 2520 1634 2551; x_wconf 77' lang='lat'><strong>11.,</strong></span> <span class='ocrx_word' id='word_1_454' title='bbox 1652 2512 1685 2544; x_wconf 88' lang='lat' dir='ltr'><strong>et</strong></span> <span class='ocrx_word' id='word_1_455' title='bbox 1701 2508 1808 2556; x_wconf 81' lang='lat' dir='ltr'><strong>Epist.</strong></span> <span class='ocrx_word' id='word_1_456' title='bbox 1823 2520 1876 2544; x_wconf 86' lang='grc' dir='ltr'><strong>ιιι.</strong></span> 
     </span>
     <span class='ocr_line' id='line_1_43' title="bbox 321 2564 1876 2613; baseline 0.001 -14"><span class='ocrx_word' id='word_1_457' title='bbox 321 2577 395 2612; x_wconf 81' lang='lat' dir='ltr'><strong>cap.</strong></span> <span class='ocrx_word' id='word_1_458' title='bbox 416 2578 437 2601; x_wconf 94' lang='grc' dir='ltr'><strong>ι.</strong></span> <span class='ocrx_word' id='word_1_459' title='bbox 454 2566 674 2613; x_wconf 78' lang='lat' dir='ltr'><strong>presbyteros</strong></span> <span class='ocrx_word' id='word_1_460' title='bbox 691 2564 862 2600; x_wconf 82' lang='lat' dir='ltr'><strong>duntaxat</strong></span> <span class='ocrx_word' id='word_1_461' title='bbox 877 2568 912 2599; x_wconf 87' lang='lat' dir='ltr'><strong>et</strong></span> <span class='ocrx_word' id='word_1_462' title='bbox 926 2564 1091 2600; x_wconf 82' lang='lat' dir='ltr'><strong>diaconos</strong></span> <span class='ocrx_word' id='word_1_463' title='bbox 1106 2564 1199 2600; x_wconf 87' lang='lat' dir='ltr'><strong>coire</strong></span> <span class='ocrx_word' id='word_1_464' title='bbox 1215 2575 1293 2601; x_wconf 88' lang='lat' dir='ltr'><strong>cum</strong></span> <span class='ocrx_word' id='word_1_465' title='bbox 1311 2565 1478 2602; x_wconf 86' lang='lat' dir='ltr'><strong>uxoribus</strong></span> <span class='ocrx_word' id='word_1_466' title='bbox 1494 2564 1688 2612; x_wconf 87' lang='lat' dir='ltr'><strong>prohibent.</strong></span> <span class='ocrx_word' id='word_1_467' title='bbox 1721 2564 1876 2608; x_wconf 85' lang='lat' dir='ltr'><strong>Quorum</strong></span> 
     </span>
     <span class='ocr_line' id='line_1_44' title="bbox 321 2621 1876 2669; baseline 0.002 -13"><span class='ocrx_word' id='word_1_468' title='bbox 321 2623 458 2658; x_wconf 78' lang='lat' dir='ltr'><strong>‹lecreta</strong></span> <span class='ocrx_word' id='word_1_469' title='bbox 473 2622 656 2658; x_wconf 85' lang='lat' dir='ltr'><strong>confirmat</strong></span> <span class='ocrx_word' id='word_1_470' title='bbox 668 2621 866 2669; x_wconf 76' lang='lat' dir='ltr'><strong>Agathense</strong></span> <span class='ocrx_word' id='word_1_471' title='bbox 884 2621 988 2659; x_wconf 87' lang='lat' dir='ltr'><strong>Conc.</strong></span> <span class='ocrx_word' id='word_1_472' title='bbox 1005 2621 1088 2658; x_wconf 85' lang='lat' dir='ltr'><strong>Can.</strong></span> <span class='ocrx_word' id='word_1_473' title='bbox 1102 2634 1150 2659; x_wconf 81' lang='lat' dir='ltr'><strong>rx.</strong></span> <span class='ocrx_word' id='word_1_474' title='bbox 1177 2621 1275 2665; x_wconf 86' lang='lat' dir='ltr'><strong>Quod</strong></span> <span class='ocrx_word' id='word_1_475' title='bbox 1291 2622 1406 2669; x_wconf 86' lang='lat' dir='ltr'><strong>ipsum</strong></span> <span class='ocrx_word' id='word_1_476' title='bbox 1421 2625 1539 2658; x_wconf 84' lang='lat' dir='ltr'><strong>tamen</strong></span> <span class='ocrx_word' id='word_1_477' title='bbox 1556 2621 1640 2658; x_wconf 87' lang='lat' dir='ltr'><strong>Can.</strong></span> <span class='ocrx_word' id='word_1_478' title='bbox 1658 2633 1778 2659; x_wconf 75' lang='lat' dir='ltr'><strong>xxxix.</strong></span> <span class='ocrx_word' id='word_1_479' title='bbox 1795 2623 1876 2659; x_wconf 86' lang='lat' dir='ltr'><strong>sub·</strong></span> 
     </span>
     <span class='ocr_line' id='line_1_45' title="bbox 322 2678 1874 2727; baseline 0.002 -15"><span class='ocrx_word' id='word_1_480' title='bbox 322 2679 484 2714; x_wconf 79' lang='lat' dir='ltr'><strong>diaconos</strong></span> <span class='ocrx_word' id='word_1_481' title='bbox 508 2680 613 2715; x_wconf 82' lang='lat' dir='ltr'><strong>etiam</strong></span> <span class='ocrx_word' id='word_1_482' title='bbox 636 2678 912 2726; x_wconf 84' lang='lat' dir='ltr'><strong>comprehendit:</strong></span> <span class='ocrx_word' id='word_1_483' title='bbox 944 2679 1151 2725; x_wconf 69' lang='lat' dir='ltr'><strong>Presbyter-⁸¹,</strong></span> <span class='ocrx_word' id='word_1_484' title='bbox 1175 2680 1351 2723; x_wconf 75' lang='lat' dir='ltr'><strong>diacones,</strong></span> <span class='ocrx_word' id='word_1_485' title='bbox 1373 2679 1608 2722; x_wconf 68' lang='lat' dir='ltr'><strong>subdiacones,</strong></span> <span class='ocrx_word' id='word_1_486' title='bbox 1630 2680 1685 2715; x_wconf 77' lang='lat' dir='ltr'><strong>vet</strong></span> <span class='ocrx_word' id='word_1_487' title='bbox 1706 2680 1874 2727; x_wconf 74' lang='lat' dir='ltr'><strong>deinceps,</strong></span> 
     </span>
     <span class='ocr_line' id='line_1_46' title="bbox 321 2737 1875 2783; baseline 0.003 -15"><span class='ocrx_word' id='word_1_488' title='bbox 321 2737 437 2781; x_wconf 76' lang='lat' dir='ltr'><strong>quibus</strong></span> <span class='ocrx_word' id='word_1_489' title='bbox 453 2738 599 2771; x_wconf 78' lang='lat' dir='ltr'><strong>ducendi</strong></span> <span class='ocrx_word' id='word_1_490' title='bbox 613 2748 734 2771; x_wconf 70' lang='lat' dir='ltr'><strong>uxores</strong></span> <span class='ocrx_word' id='word_1_491' title='bbox 755 2737 895 2772; x_wconf 65' lang='lat' dir='ltr'><strong>licent-&#39;a</strong></span> <span class='ocrx_word' id='word_1_492' title='bbox 919 2748 983 2770; x_wconf 83' lang='lat' dir='ltr'><strong>non</strong></span> <span class='ocrx_word' id='word_1_493' title='bbox 1007 2741 1070 2778; x_wconf 78' lang='lat' dir='ltr'><strong>ese,</strong></span> <span class='ocrx_word' id='word_1_494' title='bbox 1095 2739 1197 2772; x_wconf 71' lang='lat' dir='ltr'><strong>etiam</strong></span> <span class='ocrx_word' id='word_1_495' title='bbox 1221 2738 1411 2772; x_wconf 71' lang='lat' dir='ltr'><strong>alienarum</strong></span> <span class='ocrx_word' id='word_1_496' title='bbox 1433 2737 1628 2783; x_wconf 69' lang='lat' dir='ltr'><strong>nuptiarum</strong></span> <span class='ocrx_word' id='word_1_497' title='bbox 1652 2738 1774 2771; x_wconf 62' lang='lat' dir='ltr'><strong>evitent</strong></span> <span class='ocrx_word' id='word_1_498' title='bbox 1796 2749 1875 2772; x_wconf 91' lang='lat' dir='ltr'><strong>con·</strong></span> 
     </span>
     <span class='ocr_line' id='line_1_47' title="bbox 321 2792 1874 2841; baseline 0.003 -16"><span class='ocrx_word' id='word_1_499' title='bbox 321 2796 439 2828; x_wconf 75' lang='lat' dir='ltr'><strong>nortia.</strong></span> <span class='ocrx_word' id='word_1_500' title='bbox 465 2793 514 2827; x_wconf 84' lang='lat' dir='ltr'><strong>De</strong></span> <span class='ocrx_word' id='word_1_501' title='bbox 531 2794 640 2829; x_wconf 77' lang='lat' dir='ltr'><strong>tribus</strong></span> <span class='ocrx_word' id='word_1_502' title='bbox 658 2793 836 2829; x_wconf 83' lang='lat' dir='ltr'><strong>ordinibus</strong></span> <span class='ocrx_word' id='word_1_503' title='bbox 853 2793 986 2829; x_wconf 79' lang='lat' dir='ltr'><strong>accedit</strong></span> <span class='ocrx_word' id='word_1_504' title='bbox 1001 2797 1035 2829; x_wconf 86' lang='lat' dir='ltr'><strong>et</strong></span> <span class='ocrx_word' id='word_1_505' title='bbox 1051 2793 1180 2829; x_wconf 86' lang='lat' dir='ltr'><strong>Concil.</strong></span> <span class='ocrx_word' id='word_1_506' title='bbox 1197 2793 1349 2831; x_wconf 78' lang='lat' dir='ltr'><strong>Eliberit.</strong></span> <span class='ocrx_word' id='word_1_507' title='bbox 1365 2793 1591 2836; x_wconf 64' lang='lat' dir='ltr'><strong>Cannam„</strong></span> <span class='ocrx_word' id='word_1_508' title='bbox 1608 2796 1643 2828; x_wconf 87' lang='lat' dir='ltr'><strong>et</strong></span> <span class='ocrx_word' id='word_1_509' title='bbox 1658 2792 1822 2841; x_wconf 79' lang='lat' dir='ltr'><strong>carthag.</strong></span> <span class='ocrx_word' id='word_1_510' title='bbox 1836 2805 1874 2830; x_wconf 88' lang='grc' dir='ltr'><strong>ιι.</strong></span> 
     </span>
     <span class='ocr_line' id='line_1_48' title="bbox 322 2850 1874 2898; baseline 0.002 -15"><span class='ocrx_word' id='word_1_511' title='bbox 322 2859 397 2897; x_wconf 85' lang='lat' dir='ltr'><strong>cap.</strong></span> <span class='ocrx_word' id='word_1_512' title='bbox 411 2862 448 2885; x_wconf 88' lang='grc' dir='ltr'><strong>ιι.</strong></span> <span class='ocrx_word' id='word_1_513' title='bbox 464 2850 687 2896; x_wconf 80' lang='lat' dir='ltr'><strong>apostolicam</strong></span> <span class='ocrx_word' id='word_1_514' title='bbox 703 2850 790 2886; x_wconf 85' lang='lat' dir='ltr'><strong>hanc</strong></span> <span class='ocrx_word' id='word_1_515' title='bbox 802 2850 1054 2886; x_wconf 83' lang='lat' dir='ltr'><strong>institutionem</strong></span> <span class='ocrx_word' id='word_1_516' title='bbox 1069 2861 1145 2886; x_wconf 86' lang='lat' dir='ltr'><strong>esse</strong></span> <span class='ocrx_word' id='word_1_517' title='bbox 1157 2850 1346 2898; x_wconf 79' lang='lat' dir='ltr'><strong>signifieat:</strong></span> <span class='ocrx_word' id='word_1_518' title='bbox 1371 2850 1415 2886; x_wconf 81' lang='lat' dir='ltr'><strong>Ut</strong></span> <span class='ocrx_word' id='word_1_519' title='bbox 1423 2851 1511 2898; x_wconf 81' lang='lat' dir='ltr'><strong>quod</strong></span> <span class='ocrx_word' id='word_1_520' title='bbox 1521 2851 1667 2896; x_wconf 72' lang='lat' dir='ltr'><strong>apostoli</strong></span> <span class='ocrx_word' id='word_1_521' title='bbox 1678 2852 1874 2894; x_wconf 79' lang='lat' dir='ltr'><strong>docuerunt,</strong></span> 
     </span>
     <span class='ocr_line' id='line_1_49' title="bbox 322 2906 1874 2955; baseline 0.001 -14"><span class='ocrx_word' id='word_1_522' title='bbox 322 2906 443 2953; x_wconf 78' lang='lat' dir='ltr'><strong>lnquit,</strong></span> <span class='ocrx_word' id='word_1_523' title='bbox 461 2912 492 2940; x_wconf 76' lang='lat' dir='ltr'><strong>et</strong></span> <span class='ocrx_word' id='word_1_524' title='bbox 508 2909 583 2952; x_wconf 71' lang='lat' dir='ltr'><strong>ipsa</strong></span> <span class='ocrx_word' id='word_1_525' title='bbox 599 2910 751 2941; x_wconf 69' lang='lat' dir='ltr'><strong>servm-ie</strong></span> <span class='ocrx_word' id='word_1_526' title='bbox 765 2910 967 2954; x_wconf 71' lang='lat' dir='ltr'><strong>antiquitas,</strong></span> <span class='ocrx_word' id='word_1_527' title='bbox 986 2920 1044 2943; x_wconf 84' lang='lat' dir='ltr'><strong>nos</strong></span> <span class='ocrx_word' id='word_1_528' title='bbox 1058 2920 1182 2955; x_wconf 80' lang='lat' dir='ltr'><strong>quoque</strong></span> <span class='ocrx_word' id='word_1_529' title='bbox 1199 2909 1434 2944; x_wconf 69' lang='lat' dir='ltr'><strong>custodiamus.</strong></span> <span class='ocrx_word' id='word_1_530' title='bbox 1479 2906 1571 2943; x_wconf 84' lang='lat' dir='ltr'><strong>Haec</strong></span> <span class='ocrx_word' id='word_1_531' title='bbox 1588 2918 1651 2943; x_wconf 88' lang='lat' dir='ltr'><strong>nos</strong></span> <span class='ocrx_word' id='word_1_532' title='bbox 1668 2918 1713 2943; x_wconf 88' lang='lat' dir='ltr'><strong>ex</strong></span> <span class='ocrx_word' id='word_1_533' title='bbox 1729 2908 1874 2944; x_wconf 81' lang='lat' dir='ltr'><strong>infinitis</strong></span> 
     </span>
     <span class='ocr_line' id='line_1_50' title="bbox 322 2963 1875 3011; baseline 0.002 -13"><span class='ocrx_word' id='word_1_534' title='bbox 322 2973 448 3011; x_wconf 77' lang='lat' dir='ltr'><strong>pauca,</strong></span> <span class='ocrx_word' id='word_1_535' title='bbox 464 2973 554 3010; x_wconf 83' lang='lat' dir='ltr'><strong>quae</strong></span> <span class='ocrx_word' id='word_1_536' title='bbox 571 2965 605 2999; x_wconf 79' lang='lat' dir='ltr'><strong>in</strong></span> <span class='ocrx_word' id='word_1_537' title='bbox 622 2963 827 2999; x_wconf 79' lang='lat' dir='ltr'><strong>adversariis</strong></span> <span class='ocrx_word' id='word_1_538' title='bbox 844 2964 1022 3009; x_wconf 77' lang='lat' dir='ltr'><strong>extabant,</strong></span> <span class='ocrx_word' id='word_1_539' title='bbox 1038 2964 1079 3000; x_wconf 82' lang='lat' dir='ltr'><strong>de</strong></span> <span class='ocrx_word' id='word_1_540' title='bbox 1095 2965 1296 3001; x_wconf 83' lang='lat' dir='ltr'><strong>clerlcorum</strong></span> <span class='ocrx_word' id='word_1_541' title='bbox 1313 2963 1482 3001; x_wconf 78' lang='lat' dir='ltr'><strong>caelibatu</strong></span> <span class='ocrx_word' id='word_1_542' title='bbox 1505 2964 1704 3011; x_wconf 77' lang='lat' dir='ltr'><strong>selegimus.</strong></span> <span class='ocrx_word' id='word_1_543' title='bbox 1730 2964 1875 3002; x_wconf 80' lang='lat' dir='ltr'><strong>Caetera</strong></span> 
     </span>
    </p>
   </div>
  </div>
 </body>
</html>
