2008 3294
299 155 494 191 CCGXLIV

299 269 543 314 Sicyoniorum
561 277 709 313 regnum
727 266 865 312 quando
884 266 1046 301 defecerit

344 331 379 360 et
401 336 421 359 a
446 336 514 370 quo
539 324 607 359 fuit
630 327 836 370 occupatum
993 322 1045 357 13.

299 382 383 428 Sige
414 392 519 427 quem
544 381 733 426 procrearit
762 379 894 422 filium,
926 390 1047 425 quam-

345 450 412 484 que
438 438 531 472 varie
554 437 591 472 id
613 437 783 473 referatur
989 436 1043 472 66.

301 495 486 541 Sigeberti,
496 495 662 536 Mariani,
675 495 893 540 aliorumque
905 492 1049 528 chrono-

346 553 508 598 logorum
530 552 755 586 hallucinatio
777 551 869 597 quod
888 551 932 586 ad
950 555 1049 586 aetae

346 610 474 644 Christi
497 610 785 656 anticipationem
809 609 931 645 attinet
972 608 1046 643 114.

303 668 454 714 Signum
479 668 591 702 crucis
623 671 772 712 quantas
798 666 887 700 vires
911 676 1048 711 semper

349 725 525 767 habuerit,
551 729 672 758 contra
695 723 943 758 Gasaubonum
995 722 1053 758 57.

303 783 495 829 Signorum
523 781 655 816 zodiaci
685 781 828 827 partitio
853 779 1052 826 quadripar-

349 841 413 875 tita
997 836 1052 871 34.

305 897 427 932 Simon
453 895 625 931 Jonathae
649 906 691 930 ac
713 894 826 930 Judae
850 894 1052 929 Maccabaei

349 955 454 990 frater
478 953 616 1000 quaudo
633 958 791 988 mortuus
996 951 1053 987 52.

308 1012 431 1047 Simon
461 1023 507 1046 ex
538 1011 701 1057 opinione
727 1009 916 1044 Clementis
940 1014 1053 1055 poste-

356 1069 427 1104 rior
451 1068 517 1103 fuit
532 1068 727 1111 Marcione,
751 1067 812 1102 sed
837 1066 873 1101 in
898 1078 939 1101 eo
963 1066 1053 1101 refu-

355 1131 448 1160 tatur
998 1123 1052 1158 40.

307 1183 444 1218 Simoni
461 1183 566 1227 Mago
591 1193 637 1216 an
660 1182 765 1216 fuerit
789 1187 907 1216 statua
923 1181 1055 1215 Romae

353 1241 466 1287 posita
490 1245 657 1284 tanquam
682 1239 746 1274 deo
998 1238 1054 1272 41.

312 1297 509 1334 Simoniani
539 1307 662 1331 omnes
694 1297 806 1342 magi,
837 1307 881 1330 ex
911 1295 1054 1330 Irenaeo

357 1355 544 1401 probatum
999 1352 1054 1388 40.

308 1412 420 1447 Solini
436 1411 553 1458 opinio
571 1410 613 1445 de
629 1421 720 1445 anno
738 1410 953 1445 confusionis
981 1410 1056 1444 104.

309 1469 486 1504 Stationes
505 1479 594 1514 quae
611 1467 769 1502 dicantur
785 1471 820 1502 et
837 1466 928 1502 unde
943 1470 1056 1502 trans-

358 1527 450 1561 latae
971 1523 1058 1569 ;356.

311 1583 419 1619 Stoici
442 1584 582 1629 qualem
599 1593 676 1617 esse
693 1582 849 1618 animam
869 1582 1060 1617 afferebant

1012 1639 1063 1673 16.

313 1699 477 1744 Synaxes
503 1709 624 1733 sacrae
642 1709 745 1744 quem
763 1698 799 1732 in
815 1707 958 1732 sensum
975 1697 1062 1731 acci-

357 1757 498 1803 piantur
510 1755 601 1798 349„
617 1756 762 1801 synaxis
775 1765 839 1801 pro
857 1765 957 1789 sacra
969 1764 1062 1789 com·

359 1813 526 1848 munione
976 1811 1060 1846 ibid.

314 1871 477 1917 Synaxes
490 1871 690 1916 frequentes
708 1870 839 1905 fiebant
854 1869 890 1904 in
914 1869 1061 1916 quadra-

360 1929 497 1975 gesima
539 1927 732 1963 Caesareae
775 1933 810 1962 et
843 1927 880 1962 in
910 1927 1062 1973 singulis

361 1986 519 2020 ecclesiis
985 1983 1063 2019 284.

316 2043 470 2088 Synaxis
508 2042 591 2088 quid
621 2041 758 2077 differat
788 2052 810 2076 a
840 2052 940 2077 sacra
970 2052 1064 2076 com-

362 2100 544 2143 muuione,
568 2104 689 2134 contra
713 2099 960 2134 Casaubonum
985 2098 1062 2133 350.

318 2157 482 2204 Synodus
497 2156 730 2192 Seleuciensis
744 2167 812 2202 quo
829 2162 984 2202 tempore
1000 2155 1065 2190 fuit

364 2215 539 2251 celebrata
986 2211 1064 2247 325.

318 2331 554 2367 Tertullianus
585 2341 700 2366 errore
724 2329 882 2365 Montani
906 2329 1061 2364 imbutus

364 2389 614 2437 poenitentiam
639 2393 822 2435 oppugnat
990 2386 1066 2422 223.

321 2448 524 2484 Tertulliani
549 2446 666 2493 opinio
691 2445 733 2481 de
757 2451 912 2492 tempore
935 2444 1067 2492 passio-

367 2506 420 2541 nis
444 2504 572 2541 christi
601 2506 685 2549 146„
710 2506 794 2540 item
819 2505 960 2541 Eusebii
984 2504 1067 2540 ibid.

324 2565 350 2598 Λ
369 2562 482 2599 'l‘bare
497 2563 540 2598 ad
566 2569 678 2599 ortum
698 2564 859 2599 Abraami
877 2567 962 2610 quot
985 2563 1068 2598 anni

369 2620 537 2657 fluxerint
1017 2619 1068 2656 13.

323 2678 504 2714 ‘themistii
518 2681 613 2716 locus
628 2680 776 2725 insigni·
786 2679 978 2715 illustratur
989 2678 1068 2714 365.

768 2999 867 3024 'tvvm
895 3000 1083 3025 RXPRRSMT
1111 2999 1286 3023 curuum

1115 269 1290 304 Theruma
1315 267 1356 302 de
1379 267 1539 313 frugibus
1564 267 1752 302 elaboratis
1776 277 1863 313 quo-

1161 326 1265 361 modo
1289 324 1431 360 definita
1453 325 1491 359 in
1513 325 1593 371 lege
1804 323 1861 360 33.

1117 383 1239 418 Thisbi
1270 382 1435 429 oppidum
1465 381 1560 417 Eliae
1591 381 1704 428 patria
1733 386 1768 415 et
1796 381 1863 416 To·

1163 442 1240 475 biae
1266 441 1325 475 ubi
1349 427 1455 475 simui
1785 438 1862 474 220.

1118 499 1226 533 Tituli
1268 497 1493 532 ecclesiarum
1527 496 1757 532 Alexandriae
1793 497 1863 542 qui,

1163 561 1198 590 et
1221 555 1312 589 unde
1336 555 1532 600 paroeciae,
1789 553 1866 588 276.

1117 611 1315 658 Totaphotb
1373 611 1548 657 quomodo
1601 612 1788 646 reddantur
1842 622 1863 645 a

1166 669 1398 716 Septuaginta
1806 668 1862 704 31.

1121 727 1361 763 Traditionum
1393 726 1485 773 apud
1509 727 1686 762 Hebraeos
1716 731 1866 773 quatuor

1167 796 1297 831 genera
1813 783 1868 818 70.

1123 843 1248 878 Troiae
1279 842 1454 877 excidium
1486 853 1555 887 qno
1580 846 1736 889 tempore
1755 841 1869 879 ,conti-

1167 900 1258 946 gerit
1654 891 1664 905 '
1818 896 1869 932 13.

1122 959 1241 993 Turris
1273 957 1490 1003 Babyloniea
1525 968 1594 1003 quo
1625 961 1781 1002 tempore
1810 966 1870 990 ex-

1168 1021 1283 1050 tructa
1788 1013 1871 1048 ibid.

1123 1073 1231 1118 Tylus
1248 1073 1443 1107 Messeniae
1461 1072 1554 1116 urbs,
1572 1071 1659 1106 alias
1676 1070 1822 1116 Oetylus
1838 1071 1870 1104 4.

1469 1179 1517 1218 V.

1126 1245 1293 1280 Victorini
1319 1248 1354 1278 et
1378 1244 1582 1279 Latinorum
1607 1254 1701 1278 error
1723 1242 1759 1277 in
1784 1242 1874 1277 sesto

1171 1301 1349 1336 Paschatis
1800 1298 1874 1334 197.

1128 1361 1294 1396 Vinucius
1320 1359 1451 1394 Consul
1468 1358 1524 1393 cui
1544 1357 1697 1403 Vellejus
1715 1357 1874 1391 Patercu-

1172 1418 1226 1453 lus
1240 1427 1341 1452 suam
1354 1415 1553 1455 historiam,
1575 1415 1648 1450 sive
1666 1414 1876 1449 breviarium

1170 1475 1349 1521 inscripsit
1821 1471 1876 1506 96.

1127 1533 1294 1568 Vinucius
1318 1535 1353 1566 et
1365 1531 1508 1567 Cassius
1528 1531 1690 1565 consules
1716 1529 1776 1575 qui
1799 1529 1875 1563 fue-

1174 1590 1245 1624 rint
1823 1585 1878 1622 97.

1132 1647 1356 1688 visitatores,
1382 1646 1436 1680 vel
1459 1644 1678 1691 nepzo8eura1‚
1702 1644 1757 1678 vel
1781 1643 1878 1678 circi-

1175 1708 1268 1739 tores
1295 1708 1330 1738 et
1352 1704 1573 1744 lustratores,
1598 1713 1643 1737 an
1666 1706 1701 1736 et
1716 1710 1879 1747 procura-

1176 1760 1386 1796 tores-'iidem
1803 1756 1880 1792 281.

1131 1818 1317 1865 Ὗπέρθεσις
1334 1822 1367 1853 et
1382 1816 1614 1863 superpositio
1631 1815 1714 1862 quid
1739 1815 1784 1850 sit
1802 1812 1881 1849 363.

1481 1923 1534 1963 x.

1133 1989 1381 2037 Xerophagiae
1412 1988 1602 2024 hebdomas
1631 1991 1793 2026 accurate
1822 1997 1882 2021 ex-

1178 2049 1328 2095 plicatur
1803 2043 1881 2079 296.

1135 2104 1383 2151 Xerophagiae
1415 2114 1498 2138 usus
1530 2103 1565 2137 in
1603 2100 1883 2148 quadragesima,

1179 2167 1214 2196 et
1237 2161 1319 2207 quid
1343 2161 1448 2196 fuerit
1805 2156 1882 2192 316.

1136 2217 1383 2265 Xerophagiae
1397 2228 1480 2253 usus
1489 2217 1522 2252 in
1533 2215 1747 2251 hebdomade
1761 2219 1884 2250 sancta

1180 2276 1258 2322 quis
1284 2275 1387 2311 fuerit
1488 2324 1515 2365 z
1807 2271 1885 2309 295.

1136 2390 1293 2427 Zenones
1307 2390 1386 2433 duo,
1401 2401 1489 2425 unus
1499 2389 1640 2431 Citieus,
1655 2389 1740 2424 alter
1748 2388 1884 2424 Eleates

1830 2444 1881 2481 17.

1137 2505 1338 2553 Zeuxippus
1355 2510 1552 2552 postremus
1566 2515 1625 2539 rex
1640 2503 1884 2550 Sicyoniorum

1138 2620 1322 2655 Zoroaster
1347 2630 1494 2661 unusne,
1519 2629 1563 2654 an
1595 2618 1710 2665 plures
1735 2559 1885 2652 hoeniiioi:

1184 2678 1278 2713 mine
1302 2678 1430 2713 fuerint
1454 2676 1617 2724 appellati
1852 2675 1884 2708 ὃ.

1084 2866 1087 2867 ⁷
1111 2862 1368 2869 ——.--..-—..-

1313 2997 1439 3023 umen.
