2008 3294
189 1243 219 1268 p·
232 1235 288 1262 157.

328 202 419 239 CXL

326 307 401 342 sive
413 307 488 342 eius
500 307 584 342 anni
593 307 745 351 formae,
761 318 849 354 quae
859 318 979 355 parem
991 309 1112 345 sideris
1129 308 1310 355 utriusque
1326 309 1508 357 προήγησιν
1524 309 1702 356 agnoscit,
1718 310 1762 345 ad
1777 309 1880 345 Iulia-

325 375 409 399 nam
422 364 603 410 fixamque
619 364 823 411 Tekupham
837 366 940 412 plane
955 370 1010 402 est
1023 366 1168 402 inutilis.
1215 365 1287 401 Sed
1306 377 1420 413 neque
1444 367 1488 402 ad
1506 367 1547 402 R.
1560 366 1680 403 Addae
1694 366 1880 414 Tekuphas

327 421 449 456 eadem
470 422 531 456 illa
549 422 713 468 periodus
734 423 853 458 utilior
867 427 930 459 est.
976 423 1144 470 Tekupha
1157 424 1272 470 prima
1287 423 1328 460 R.
1343 423 1461 459 Addae
1476 424 1627 460 vernalis
1643 423 1737 459 cadit
1750 424 1787 459 in
1803 434 1880 459 eam

325 482 467 513 noctem
482 489 571 524 quae
586 482 706 514 secuta
720 483 775 514 est
787 479 932 516 Kalend.
945 481 1027 528 Apr.
1045 492 1136 516 anno
1153 481 1265 527 primo
1281 480 1414 528 periodi
1426 481 1602 525 Iudaicae,
1624 481 1780 517 Iulianae
1797 492 1879 516 vero

326 535 422 578 954„
443 537 541 582 cyclo
557 536 642 571 solis
659 536 710 579 2.,
731 537 836 572 lunae
850 537 884 574 4.
901 537 1070 585 Tekupha
1090 538 1282 573 solstitialis
1303 537 1384 573 Iulii
1398 537 1449 582 2.,
1472 538 1684 574 autumnalis
1699 538 1776 574 Kal.
1794 538 1879 580 Oct.,

325 593 492 628 brumalis
516 592 571 628 31.
586 593 726 629 Decem.
770 594 875 630 Porro
891 595 1078 642 Tekuphae
1099 595 1315 645 autumnalis
1337 594 1513 631 character
1533 595 1616 639 fuit,
1640 598 1680 631 ut
1702 595 1880 642 Scaligero

324 651 457 696 placet,
473 650 507 687 3.
526 650 558 687 9.
575 651 631 694 41,
651 651 704 688 14.
719 651 806 698 ipsis
820 652 897 701 Kal.
911 652 1064 695 Octobr„
1086 652 1152 687 hoc
1175 656 1228 687 est
1247 651 1341 688 horis
1359 652 1379 688 9
1394 653 1572 691 nocturnis
1590 656 1671 700 post
1686 664 1770 688 xxx.
1785 652 1882 699 Sept.

325 708 434 750 diem,
450 707 538 743 feria
551 707 601 751 3.,
618 709 716 754 cyclo
732 709 816 745 solis
830 721 860 753 1,
875 710 926 746 lit.
940 709 978 745 F.
1009 710 1168 746 Vernalis
1183 709 1370 756 Tekuphae
1385 709 1559 745 character
1575 714 1628 746 est
1641 710 1674 745 4.
1686 710 1720 745 Ο.
1731 710 1765 746 Ο.
1781 709 1881 746 initio

324 765 454 808 noctis,
471 775 560 811 quae
574 769 696 801 secuta
710 769 766 802 est
777 770 859 813 post
872 767 1051 802 meridiem
1066 767 1171 814 primi
1185 767 1313 813 Aprilis
1329 767 1407 802 diei.
1437 767 1491 802 Ab
1506 767 1572 803 hoc
1588 778 1679 803 anno
1695 767 1740 802 ad
1756 766 1883 802 Christi

326 832 509 866 eccum,
531 823 606 858 sive
619 822 800 859 Iudaicum
814 823 932 867 4105„
958 825 1064 870 cyclis
1083 834 1191 860 ccxvr
1207 824 1352 870 elapsis,
1375 824 1555 871 προήγησις
1570 824 1665 860 facta
1679 828 1734 860 est
1747 824 1883 860 dierum

324 891 408 923 xm,
431 879 536 916 horae
554 881 584 915 1.
630 881 743 922 Quare
759 882 970 917 autumnalis
986 881 1154 928 Tekupha
1168 881 1208 916 R.
1221 881 1339 916 Addae
1354 881 1484 916 incidet
1503 882 1540 916 in
1555 893 1656 919 xvnr.
1669 881 1783 929 Sept.,
1807 893 1881 917 ver·

324 937 415 972 nalis
429 938 468 973 in
482 949 556 974 m.
573 938 629 973 vel
643 949 702 973 xx.
718 938 846 973 Martii.
891 939 982 980 Quid
1003 939 1111 985 igitur
1134 938 1178 974 ad
1201 937 1406 984 Tekupham
1426 938 1469 974 R.
1489 938 1608 982 Addae
1628 938 1790 985 periodus
1812 939 1882 974 ista

324 993 474 1037 confert,
495 1005 586 1041 quae
606 995 652 1030 ab
668 994 805 1031 Octobr.
819 1008 880 1032 vn.
898 996 942 1031 ad
957 996 1052 1043 Sept.
1064 1009 1161 1032 xx1v.
1178 996 1458 1042 praecessionem
1473 995 1601 1031 habet?
1648 995 1694 1030 Ut
1709 995 1803 1031 enim
1817 996 1882 1031 Te-

323 1050 449 1098 kupbis
465 1051 507 1089 B..
519 1051 639 1088 Addae
654 1052 782 1087 servire
796 1053 924 1099 possit,
947 1053 1081 1100 periodi
1095 1054 1234 1088 initium
1249 1064 1320 1088 non
1336 1053 1381 1088 ab
1398 1052 1558 1088 Octobris
1571 1064 1649 1096 vu„
1670 1053 1732 1088 sed
1747 1053 1791 1088 ab
1808 1053 1882 1088 eius

322 1108 487 1144 Kalendis
503 1109 747 1145 arcessendum
761 1109 877 1146 fuerit.
922 1110 1102 1146 Praeterea
1116 1110 1242 1146 veteris
1265 1110 1348 1146 anni
1363 1109 1495 1146 Iudaici
1509 1110 1720 1157 principium
1736 1111 1846 1157 gratis
1861 1121 1883 1146 a

324 1166 502 1212 Scaligero
519 1167 747 1202 constitutum
763 1170 816 1202 est
831 1166 989 1203 Octobris
1001 1179 1061 1204 vn.
1107 1167 1228 1214 Neque
1252 1168 1346 1203 enim
1365 1170 1572 1214 argumento
1588 1168 1660 1203 ullo
1677 1167 1882 1212 necessario,

323 1223 386 1259 sed
400 1224 498 1259 inani
513 1234 553 1259 ac
568 1224 660 1259 falsa
675 1225 873 1260 coniectura
886 1224 996 1260 fretus
1012 1224 1078 1260 hoc
1094 1228 1280 1275 asseverat.

413 1280 503 1317 Nam
518 1282 550 1317 si
565 1282 641 1328 quis
656 1281 746 1317 forte
762 1285 922 1328 quaerat,
943 1293 1005 1318 cur
1019 1283 1078 1317 ille
1093 1282 1300 1318 Iudaeorum
1315 1282 1519 1329 Tekupham
1541 1282 1708 1329 primam,
1733 1283 1806 1318 sive
1828 1283 1881 1318 in-

322 1340 424 1375 itium
441 1340 542 1382 anni,
557 1339 594 1374 in
611 1339 685 1374 Oct.
698 1351 759 1374 vu.
775 1339 955 1382 coniiciat,
979 1340 1044 1375 niti
1064 1339 1130 1375 hoc
1146 1343 1260 1376 totum
1275 1340 1459 1386 negotium
1477 1340 1626 1387 reperiet
1641 1339 1808 1376 ementita
1822 1340 1884 1376 illa

325 1397 448 1432 Graeci
463 1396 547 1432 anni
562 1400 597 1431 et
612 1395 813 1443 Olympicae
828 1396 962 1443 periodi
976 1397 1229 1440 modulatione,
1247 1408 1351 1444 quam
1368 1398 1530 1434 omnibus
1551 1397 1691 1433 Graecis
1701 1424 1710 1441 ,
1726 1397 1882 1444 adeoque

322 1454 588 1497 Macedonibus,
611 1457 687 1489 tum
709 1454 746 1489 in
761 1454 846 1489 Asia
861 1454 1203 1500 Syromacedonibns
1225 1457 1261 1490 et
1275 1453 1468 1490 Seleucidis
1491 1465 1714 1491 communem
1731 1466 1807 1491 esse
1823 1466 1883 1491 vo-

322 1512 396 1547 luit.
442 1511 577 1558 Quippe
600 1510 752 1547 Graecos
776 1512 958 1547 existimat
979 1522 1111 1547 annum
1133 1511 1298 1548 habuisse
1321 1512 1512 1559 duplicem,
1534 1513 1740 1560 popularem
1762 1524 1882 1556 unum,

322 1569 395 1604 sive
407 1569 674 1612 tetrafita-icum,
690 1580 758 1615 quo
772 1569 899 1615 vulgus
912 1569 1084 1612 utebatur,
1100 1569 1199 1605 cuius
1211 1580 1349 1605 menses
1362 1569 1546 1614 tricenarii,
1561 1573 1697 1617 praeter
1709 1570 1883 1614 ultimum,

322 1627 379 1662 cui
390 1626 535 1662 biduum
546 1627 644 1662 velut
656 1626 857 1673 appendicis
873 1627 983 1662 instar
998 1626 1174 1673 adiungit,
1191 1627 1283 1663 unde
1295 1626 1364 1662 362
1376 1626 1498 1662 diebus
1510 1628 1709 1664 constabat=
1725 1628 1884 1664 lunarem

321 1684 486 1728 alterum,
510 1695 532 1719 a
548 1695 617 1731 quo
629 1685 725 1720 velut
739 1688 876 1720 stamen
892 1695 914 1719 a
928 1684 1124 1720 subtemine
1147 1685 1197 1719 ita
1212 1684 1391 1731 popularis
1407 1695 1522 1720 annus
1537 1685 1735 1732 implicatur
1749 1695 1791 1720 ac
1805 1696 1884 1732 per-

321 1742 482 1778 curritur.
514 1741 707 1789 Utrumque
722 1744 834 1777 certos
850 1742 887 1777 in
903 1742 1004 1778 orbes
1019 1752 1061 1778 ac
1077 1741 1236 1788 periodos
1252 1741 1415 1785 includit,
1429 1742 1582 1788 primum
1597 1742 1832 1778 tetraeterides
1849 1746 1884 1779 et

322 1799 566 1842 octafiterides,
590 1803 666 1836 tum
688 1799 856 1843 maiores,
879 1803 1001 1846 utpote
1018 1811 1080 1835 xxx
1096 1810 1138 1834 ac
1154 1811 1262 1835 nxxvr
1278 1810 1461 1835 annorum.
1508 1799 1578 1835 Sed
1599 1794 1776 1847 postrema
1797 1799 1884 1838 haec

322 1857 479 1893 omnium
499 1857 536 1893 in
557 1868 649 1894 anno
665 1857 826 1904 populari
846 1857 1078 1892 usitatissima
1092 1856 1176 1900 fuit,
1200 1867 1307 1903 quam
1331 1867 1412 1892 cum
1434 1857 1538 1892 tacite
1560 1868 1624 1904 per
1645 1857 1882 1899 tetrasterides

322 1925 404 1950 suas
421 1915 646 1950 observarent
658 1914 871 1950 Graecorum
887 1915 1140 1961 antiquissimi,
1157 1914 1321 1961 Galippus
1337 1925 1416 1950 eam
1432 1914 1536 1950 certis
1548 1914 1677 1951 finibus
1694 1926 1883 1958 annorum-

322 1983 391 2018 que
413 1972 583 2008 curriculo
607 1971 742 2008 definiit
764 1975 799 2007 et
819 1971 1000 2018 periodum
1019 1972 1115 2007 illam
1134 1972 1286 2008 instituit
1306 1983 1619 2016 annorum-nun,
1639 1973 1678 2010 in
1693 1983 1765 2020 qua
1777 1976 1882 2010 tetra-

323 2029 469 2065 eterides
494 2033 577 2065 sunt
596 2041 673 2071 xxx,
697 2029 857 2075 singulae
881 2028 1015 2064 dierum
1034 2029 1132 2072 1447,
1157 2040 1304 2075 quorum
1328 2029 1492 2064 ordinarii
1514 2033 1598 2066 sunt
1623 2029 1726 2074 1440,
1753 2040 1881 2077 appen-

322 2087 416 2123 dices
433 2086 464 2122 7.
512 2087 552 2122 In
574 2086 617 2122 iis
638 2087 770 2122 mensis
791 2086 962 2122 duntaxat
984 2086 1116 2133 primus
1136 2086 1267 2122 lunaris
1290 2089 1357 2130 est,
1381 2087 1510 2122 caeteri
1525 2097 1605 2122 cum
1621 2086 1796 2123 tricenarii
1811 2088 1882 2123 sint

322 2155 461 2188 omnes,
481 2155 504 2180 a
525 2144 640 2180 lunari
660 2143 764 2179 modo
787 2144 958 2190 paulatim
978 2143 1180 2179 abscedunt.
1212 2144 1265 2180 Ex
1282 2143 1557 2180 temetsi-idibus
1573 2154 1614 2180 ao
1629 2144 1779 2191 periodis
1793 2146 1880 2182 anti-

320 2202 524 2249 quissimam
546 2202 631 2237 facit
645 2201 902 2248 Olympiacam,
925 2201 968 2236 ad
993 2201 1092 2236 cuius
1115 2202 1336 2248 excemplum
1357 2205 1568 2247 propagatas
1589 2201 1698 2237 credit
1715 2202 1879 2249 reliquas.

322 2259 486 2296 Eiusdem
500 2259 639 2295 initium
655 2259 733 2295 Iulii
748 2270 797 2295 rx.
815 2257 952 2301 defiuit3
976 2269 1018 2295 eo
1040 2258 1133 2305 quod
1150 2258 1344 2305 Olympiaci
1367 2268 1499 2304 agones
1522 2262 1602 2305 post
1623 2259 1794 2296 aestivum
1813 2260 1881 2296 sol-

321 2317 457 2354 stitium
472 2316 663 2364 plenilunio
685 2316 958 2352 celebrabantur.
1005 2315 1201 2352 solstitium
1222 2319 1340 2351 autem
1363 2327 1434 2352 non
1453 2319 1654 2352 accuratum
1676 2327 1790 2364 neque
1811 2321 1880 2355 tro-

322 2376 438 2423 picum
460 2374 640 2421 intelligit,
664 2374 725 2410 sed
747 2377 904 2409 octavam
927 2374 1109 2420 signorum
1124 2376 1270 2420 partem.
1317 2372 1486 2415 Quocirca
1508 2384 1589 2409 cum
1612 2386 1653 2411 eo
1677 2385 1787 2419 anno,
1810 2386 1879 2423 quo

322 2433 426 2480 primi
441 2442 575 2478 agones
592 2432 636 2467 ab
653 2431 765 2479 iphito
781 2431 965 2467 instaurati
981 2435 1078 2474 sunt,
1094 2430 1160 2466 hoc
1177 2434 1231 2466 est
1245 2441 1317 2478 per.
1329 2429 1391 2467 Iul.
1404 2429 1521 2474 3938„
1538 2430 1722 2478 Tekupha,
1737 2433 1811 2470 sive
1826 2444 1882 2470 se·

322 2490 428 2527 cundi
443 2490 646 2537 quadrantis
660 2489 759 2532 finis,
775 2493 811 2525 et
826 2492 951 2525 octava
965 2499 1046 2536 pars
1060 2487 1181 2524 Cancri
1198 2486 1374 2528 πλατυκῶς
1390 2487 1427 2524 iu
1443 2487 1608 2524 vu1.1ulii
1623 2489 1715 2526 diem
1729 2490 1880 2527 incurre-

323 2552 392 2591 ret,
408 2547 485 2583 ideo
501 2559 550 2584 rx.
564 2546 643 2583 lulii
658 2547 791 2595 primus
804 2546 928 2583 solaris
944 2546 1026 2582 anni
1043 2545 1116 2582 dies
1133 2555 1174 2581 ac
1191 2544 1392 2591 quadrantis
1409 2544 1546 2581 initium
1563 2545 1726 2594 deinceps
1740 2547 1823 2592 ruit,
1843 2548 1881 2584 in

323 2616 427 2652 quem
443 2605 549 2641 etiam
566 2604 783 2641 novilunium
799 2603 1021 2640 commodum
1039 2602 1168 2639 incidit.
1200 2603 1253 2638 lta
1274 2602 1406 2649 primu·
1428 2602 1654 2639 tetrasteridis
1676 2605 1808 2641 mensis
1828 2605 1880 2642 lu·

323 2662 416 2698 naria
437 2662 571 2705 extitit,
593 2662 685 2709 quod
706 2665 872 2709 perpetuo
892 2664 1069 2698 servatum
1085 2664 1148 2696 est.
1180 2659 1277 2696 Unde
1293 2662 1329 2695 et
1344 2662 1486 2707 quartus
1503 2661 1651 2705 mensis,
1668 2672 1772 2708 quem
1788 2662 1880 2711 apud

322 2718 551 2756 Athenienses
566 2718 844 2766 Pyanepsionem
860 2719 967 2755 misse
991 2718 1115 2761 credit,
1137 2717 1250 2764 coepit
1273 2716 1430 2753 Octobris
1447 2728 1525 2762 via,
1548 2722 1629 2764 post
1650 2719 1879 2758 novilunium.
1906 2757 1924 2768 ,

323 2777 436 2824 Atque
452 2777 488 2813 in
504 2776 596 2813 bunc
612 2776 756 2813 modum
771 2776 895 2823 reliqui
910 2786 1049 2812 menses
1073 2779 1108 2812 et
1127 2775 1211 2812 anni
1230 2773 1424 2811 necessario
1441 2778 1624 2818 contextu,
1647 2776 1743 2814 velut
1757 2780 1880 2814 catena

323 2833 474 2881 quadam
490 2832 697 2881 Chrysippei
718 2834 783 2870 fati
805 2833 954 2870 devincti
977 2836 1180 2880 sequuntur,
1204 2831 1298 2879 quod
1319 2830 1356 2868 in
1379 2830 1490 2879 primo
1513 2831 1556 2868 do
1578 2832 1721 2872 Emend.
1739 2834 1877 2871 uberius

323 2891 523 2938 exponitur.
571 2890 702 2927 Eadem
723 2891 813 2927 serie
833 2891 1017 2927 constabat
1031 2890 1147 2928 Attica
1162 2893 1198 2927 et
1212 2888 1436 2926 Macedonica
1450 2889 1623 2935 periodus.
1669 2890 1759 2928 Nam
1774 2890 1877 2928 huius

324 2947 608 2996 Τπιρβοριτσαος,
632 2948 723 2983 illius
740 2946 991 2996 'rixatonssagbv
1014 2958 1035 2984 a
1054 2946 1203 2985 solstitio
1219 2946 1339 2983 inibat.
1373 2944 1447 2982 Iam
1464 2957 1544 2983 vero
1562 2958 1654 2984 anno
1670 2947 1774 2995 Iphiti
1787 2947 1876 2992 465„

322 3005 453 3053 periodi
471 3004 622 3041 lullanae
638 3005 727 3040 4402
737 3031 746 3048 ,
763 3005 894 3052 periodi
910 3005 1113 3052 Olymplcae
1129 3016 1169 3042 sc
1185 3003 1428 3042 Macedonicae
1444 3015 1554 3047 nono,
1578 3005 1761 3042 neomenia
1775 3005 1876 3053 primi

324 3063 453 3099 mertui·
478 3061 602 3098 accidit
621 3062 697 3098 lulii
715 3074 747 3099 x.
797 3062 942 3099 Proinde
964 3067 1107 3109 quartus
1131 3061 1261 3099 monela
1285 3061 1397 3108 coepit
1413 3061 1570 3098 Octobris
1585 3074 1658 3101 vm.
1705 3062 1775 3100 Sed
1797 3073 1876 3100 cum
