2008 3294
307 233 412 270 XXII

308 348 388 372 cum
402 337 439 372 id
461 337 586 372 diserte
601 337 661 373 lib.
679 348 702 371 1.
718 336 850 372 Esdrae
865 347 941 384 cap.
957 347 1009 381 rv,
1028 337 1045 372 l
1063 340 1099 373 et
1113 337 1145 373 2.
1162 336 1340 384 Scriptura
1353 339 1511 375 testetur.
1548 337 1618 373 Sed
1634 347 1676 372 ea
1691 337 1865 374 Serrarius

309 395 346 430 in
361 395 544 430 Minervali
557 395 631 430 iam
646 395 841 440 occupavit.

397 450 647 498 Ἔπετράπησαν
664 449 719 485 ὑπ’
736 450 868 497 aaron]
889 451 996 488 Deest
1008 451 1174 498 negativa
1187 451 1377 497 particula,
1393 452 1486 498 quod
1501 453 1557 488 vel
1571 452 1790 488 mediocriter
1804 464 1864 500 pe—

307 510 394 544 ritus
416 508 688 543 animadvertere
709 509 835 555 potuit.
873 508 956 544 Ideo
977 509 1107 544 frustra
1121 508 1185 543 hac
1200 508 1238 543 in
1253 511 1351 554 parte
1367 510 1543 545 calumnia
1557 510 1702 545 struitur
1715 509 1865 557 Epipha-

306 567 365 601 nio
392 566 430 600 in
451 565 602 600 Elencho
624 565 875 612 Scaligeriano,
904 567 1007 613 quasi
1033 569 1155 601 contra
1175 565 1392 612 Scripturam
1418 566 1545 603 dixerit
1566 566 1804 602 Samaritanus
1827 567 1874 603 in-

307 623 589 658 communionem
613 623 725 670 operis
748 623 931 659 admissos.
970 623 1060 658 Nam
1082 627 1118 657 et
1137 622 1246 666 infra,
1276 634 1356 659 cum
1379 623 1421 660 de
1443 623 1610 660 Sebuaeis
1632 624 1723 671 agit,
1746 624 1866 660 scribit

309 680 439 718 Esdrae
455 681 535 716 illos
553 680 631 716 odio
646 680 736 716 festa
751 692 817 716 sua
830 685 1051 728 praepostere
1069 680 1259 715 ordinasse.

759 784 821 820 AD
846 783 1155 820 SEBUAEORUM
1177 783 1413 820 HAERESIN.

396 853 602 889 Iebussaeos
629 863 811 900 perperam
833 853 1045 889 Damasceni
1074 853 1211 888 codices
1239 852 1380 889 habent.
1424 853 1496 890 Hos
1520 853 1565 888 ab
1587 851 1758 889 Hebraica
1779 865 1866 890 voce

305 902 446 957 ἳἾΞῈῇ,
465 922 553 957 quae
567 910 823 946 hebdomadem
838 911 1024 957 siguificat,
1041 910 1240 957 appellatos
1248 913 1437 954 mmmm,
1455 911 1557 957 quasi
1571 909 1789 958 ἑβδομαδίτας
1802 923 1864 947 -·ve

304 969 450 1003 risimile
473 973 544 1012 est,
569 968 661 1015 quod
681 979 762 1015 pag.
780 967 857 1005 218.
878 969 916 1003 in
936 968 1029 1014 Isag.
1047 967 1177 1003 Canon.
1195 967 1316 1002 scribit
1330 963 1498 1014 Scaliger.
1539 967 1634 1003 Sed
1623 979 1661 1003 m
1677 968 1752 1004 eius
1766 969 1863 1027 vocis

305 1026 408 1060 redde
398 1026 480 1060 nda
499 1026 633 1061 ratione
654 1026 725 1061 sibi
745 1037 817 1061 non
839 1028 986 1061 constat.
1026 1025 1141 1060 Nam·
1131 1036 1168 1060 ιιι
1185 1036 1225 1060 eo
1241 1025 1343 1060 loco*
1333 1025 1458 1060 iccirco
1474 1020 1690 1071 ἐβδομαδίτας
1706 1011 1864 1065 nomina-

307 1087 362 1117 tos
378 1087 494 1129 putat,
511 1083 595 1130 quia
611 1094 750 1118 omnem
774 1083 924 1130 δευτέραν
948 1083 1014 1116 τῶν
1031 1081 1113 1116 ἑπτὰ
1133 1084 1189 1126 τῆς
1205 1083 1424 1126 πεντηκοστῆς
1441 1080 1634 1128 ἑβδομάδων
1650 1082 1771 1118 eadem
1786 1083 1864 1129 {eli-

305 1140 408 1185 gione
426 1152 495 1186 qua
509 1140 626 1186 ipsum
642 1141 860 1184 πεντηκοστῆς
877 1140 968 1175 diem
985 1139 1115 1175 colunt.
1138 1139 1278 1174 Etenim
1293 1141 1332 1186 τῇ
1350 1138 1483 1186 δευτέρᾳ
1498 1141 1564 1173 τῶν
1580 1137 1732 1186 Ἀζύμων
1750 1134 1865 1184 Onier,

305 1197 380 1231 sive
394 1198 631 1244 manipulum,
654 1197 863 1240 offerebant;
885 1208 907 1232 a
923 1207 993 1243 qua
1008 1197 1062 1232 die
1079 1196 1226 1232 sabbata
1241 1196 1376 1240 omnia,
1399 1207 1488 1243 quae
1504 1196 1548 1232 ad
1561 1196 1792 1234 Pentecosten
1805 1206 1864 1237 us·

307 1265 373 1300 que
395 1255 648 1301 sequebantur,
675 1265 805 1290 nomen
832 1254 1052 1296 obtinebant,
1080 1256 1168 1300 puta
1190 1253 1471 1300 δευτερόπωρτον,
1501 1254 1799 1302 δευτεροδεῦτερον,
1816 1254 1874 1299 μ’

304 1315 459 1355 caetera,
483 1316 523 1347 ut
546 1312 629 1347 alibi
651 1312 856 1358 disputatur.
895 1311 1107 1346 Samaritani
1126 1322 1208 1346 vero
1225 1310 1374 1357 δευτέρας
1393 1311 1617 1358 appellabant
1632 1323 1752 1348 omnes
1769 1313 1864 1348 deine

262 1394 268 1401 .
305 1381 385 1416 ceps
402 1370 474 1404 dies
491 1380 581 1416 quae
596 1370 633 1404 in
648 1369 795 1404 eandem
810 1369 934 1404 feriam
948 1369 1130 1404 incurrunt
1143 1368 1182 1403 in
1197 1379 1267 1414 qua
1281 1371 1356 1405 erat
1371 1368 1520 1416 δευτέρου
1544 1369 1595 1404 ita
1609 1372 1649 1404 ut
1662 1370 1752 1405 inter
1768 1371 1863 1409 obla-

304 1428 436 1462 tionem
453 1427 557 1462 Omer
580 1430 615 1461 et
637 1427 779 1462 solenne
794 1426 1016 1462 Pentecostes
1030 1426 1212 1461 incurrant
1224 1428 1358 1472 septem
1374 1425 1528 1472 δευτέραι.
1565 1426 1654 1463 Vide
1669 1430 1805 1462 caetera
1825 1428 1864 1464 in

305 1485 431 1530 quibus
454 1483 605 1530 δευτέρας
627 1483 793 1531 appellari
815 1483 1051 1529 celebrarique
1071 1482 1242 1518 duntaxat
1263 1482 1341 1518 illas
1368 1493 1391 1518 a
1417 1482 1646 1520 Samaritanis
1674 1484 1862 1532 significat,

303 1553 393 1587 quae
415 1541 459 1576 ad
479 1541 726 1584 Pentecosten,
747 1540 821 1576 sive
843 1543 991 1584 nffzw,
1013 1539 1214 1575 succedunt.
1259 1538 1360 1575 Unde
1381 1539 1570 1586 σεβουαίους
1592 1545 1629 1576 et
1647 1539 1862 1588 ἐβδοματίτας

304 1599 371 1633 dici
387 1599 627 1634 Samaritanos
644 1609 666 1633 a
680 1597 817 1633 ludaeis
833 1598 974 1642 asserit,
997 1596 1090 1644 quod
1105 1608 1245 1632 omnem
1262 1596 1412 1644 δευτέραν
1435 1598 1501 1631 τῶν
1523 1595 1606 1632 ἑπτὰ
1627 1599 1683 1642 τῆς
1706 1610 1862 1643 πεντηκο-

305 1659 382 1700 στῆς
398 1654 593 1703 ἑβδομάδων
609 1655 732 1691 eadem
746 1655 916 1701 religione
931 1665 1001 1701 qua
1015 1655 1132 1701 ipsum
1147 1657 1366 1698 πεντηκοστῆς
1382 1653 1474 1689 diem
1490 1655 1618 1691 colunt.
1656 1654 1704 1690 At
1717 1654 1810 1691 idem
1822 1656 1864 1692 in

303 1713 455 1748 Elencho
471 1713 681 1748 Trihaeresii
695 1724 769 1760 cap.
787 1725 811 1750 1.
829 1711 1007 1748 Sebuaeos
1024 1712 1074 1747 ait
1088 1711 1217 1758 septies
1232 1711 1270 1746 in
1285 1721 1378 1746 anno
1393 1710 1623 1748 Pentecosten
1637 1711 1862 1756 instaurasse,

303 1771 452 1817 indeque
472 1770 605 1806 factum
627 1775 667 1806 ut
688 1771 725 1806 in
741 1773 964 1813 autumnum,
986 1770 1024 1805 in
1039 1769 1177 1804 hiemen
1193 1772 1229 1803 et
1242 1769 1280 1804 in
1294 1779 1354 1804 ver
1368 1769 1552 1812 incideret3
1572 1773 1754 1816 propterea
1769 1771 1862 1818 quod

303 1827 369 1862 hoc
386 1829 462 1862 loco
478 1828 599 1863 scribit
613 1827 828 1875 Epiphanius
843 1827 1072 1862 Pentecosten
1087 1827 1165 1862 illos
1181 1826 1219 1862 in
1235 1829 1402 1862 autumno
1425 1826 1632 1869 celebrasse,
1654 1838 1726 1863 non
1747 1828 1863 1864 solum

303 1885 338 1918 id
361 1889 547 1928 autumno,
569 1886 630 1920 sed
650 1886 688 1920 in
711 1887 860 1931 quatuor
883 1885 967 1919 anni
981 1884 1135 1919 articulis
1152 1884 1278 1930 egisse.
1325 1882 1425 1926 Quod
1441 1886 1495 1919 est
1509 1884 1719 1930 aenigmatis
1735 1885 1861 1923 simile.

304 1941 485 1983 Quomodo
502 1942 595 1977 euim
610 1943 838 1978 Pentecosten
852 1941 889 1976 in
914 1945 1061 1988 quatuor
1077 1941 1159 1976 anni
1174 1940 1389 1987 temporibus
1405 1940 1662 1985 instaurabant,
1685 1941 1767 1978 siin
1783 1953 1862 1990 spa-

304 1999 352 2033 tio
375 2000 433 2034 illo
456 2003 611 2042 tantum,
634 1998 727 2046 quod
750 1999 794 2034 ab
817 1998 921 2034 Omer
944 1998 987 2033 ad
1009 1998 1237 2033 Pentecosten
1258 1997 1456 2041 intercedit,
1480 1994 1536 2039 τὰς
1558 1997 1706 2045 δευτέρας
1727 2002 1862 2047 septem

303 2056 411 2091 festas
433 2067 474 2091 ac
496 2057 656 2092 solennes
678 2056 864 2092 ducerent?
894 2055 1040 2091 Drusius
1064 2066 1086 2090 a
1107 2053 1251 2098 Sebai'a,
1277 2055 1338 2102 qui
1359 2065 1439 2090 cum
1461 2054 1502 2090 R..
1518 2053 1666 2091 Dosthai
1686 2055 1731 2092 ad
1749 2068 1860 2093 novos

304 2114 484 2149 Samariae
506 2114 694 2160 inquilinos
717 2112 922 2149 erudiendos
944 2123 990 2148 ex
1005 2112 1149 2159 Assyria
1162 2112 1290 2148 missus
1306 2115 1376 2154 est,
1393 2111 1534 2148 derivat.
1573 2111 1757 2149 Probabile
1772 2117 1826 2150 est
1839 2125 1862 2151 a

303 2176 444 2214 ynam,
462 2171 496 2206 id
513 2175 567 2206 est
582 2170 813 2214 hebdomade,
829 2170 939 2205 dictos
955 2180 1050 2214 esse,
1067 2169 1177 2216 quod,
1194 2172 1234 2205 ut
1248 2169 1460 2205 Samaritani
1475 2170 1621 2213 caeteri,
1637 2167 1693 2210 τὰς
1711 2170 1859 2219 δευτέρας

304 2228 431 2275 septies
448 2229 507 2263 illo
525 2227 698 2263 duntaxat
711 2227 894 2263 intervallo
912 2227 1140 2270 celebrarent,
1157 2226 1249 2273 quod
1264 2226 1308 2262 ad
1323 2226 1550 2263 Pentecosten
1566 2227 1758 2264 intercedit.

396 2282 455 2320 Διὰ
477 2288 569 2332 μῆνιν
593 2284 646 2320 καὶ
670 2281 771 2332 ὀργὴν
794 2283 998 2331 perdonatam]
1023 2283 1137 2331 Supra
1158 2283 1294 2320 dixerat
1314 2283 1395 2331 πρὸς
1419 2282 1584 2328 ἀλλήλους
1606 2285 1676 2320 iras
1699 2296 1741 2321 ao
1763 2286 1859 2322 rixas

303 2343 516 2390 suscepisse,
539 2353 632 2378 nunc
655 2353 735 2378 cum
757 2341 895 2379 Iudaeis
919 2341 1114 2377 simultates
1134 2340 1211 2377 illas
1227 2341 1464 2377 intercessisse
1478 2353 1549 2378 non
1566 2342 1711 2378 obscure
1727 2343 1859 2394 colligi3

305 2405 368 2436 tur.
415 2399 597 2447 Siquidem
625 2399 703 2436 odio
735 2399 873 2435 illorum
897 2402 1118 2447 praepostere
1138 2398 1337 2435 solennium
1360 2398 1504 2436 istorum
1528 2400 1667 2446 tempus
1690 2410 1859 2449 usurpare

304 2460 501 2505 coeperunt.

396 2514 557 2550 Τάττουσι
578 2513 613 2549 δὶ
637 2508 727 2549 οὗτοι
748 2525 804 2549 τον
826 2513 896 2548 νέον
914 2515 1028 2561 μῆνα.]
1061 2513 1182 2550 Utrum
1206 2514 1339 2561 primus
1354 2514 1483 2557 mensis
1504 2514 1596 2562 apud
1619 2501 1859 2553 Samaritanus

303 2577 338 2609 et
354 2572 530 2608 Sebuaeos
546 2572 636 2607 Tisri
652 2571 757 2607 fuerit
772 2583 841 2607 non
858 2571 942 2607 satis
959 2571 1120 2618 explicat.
1159 2570 1218 2608 Ait
1233 2571 1328 2608 enim
1343 2568 1424 2619 μετὰ
1439 2570 1477 2605 τὸ
1494 2570 1564 2606 νέον
1582 2569 1669 2618 ἔτος,
1691 2576 1776 2640 post
1796 2584 1858 2610 an-

305 2642 388 2666 num
411 2639 559 2671 novum,
581 2629 625 2664 ab
647 2628 715 2664 illis
738 2628 862 2672 statui;
883 2628 982 2664 cuius
1005 2629 1089 2665 anui
1111 2629 1193 2665 novi
1213 2632 1318 2676 caput
1338 2632 1390 2664 est
1404 2625 1485 2675 μετὰ
1500 2627 1557 2663 τὀν
1573 2627 1702 2676 Oropi
1687 2641 1719 2665 ιν
1735 2632 1784 2678 τῷ
1802 2642 1858 2678 με·

306 2686 462 2733 τοπώρῳ.
497 2685 602 2721 Porro
619 2685 709 2722 Tisri
724 2695 804 2722 cum
818 2686 979 2733 Augusto
995 2689 1182 2733 comparat.
1212 2686 1306 2723 Haec
1320 2686 1429 2733 igitur
1444 2685 1621 2722 salebrosa
1636 2697 1677 2722 ac
1692 2688 1859 2735 perplexa

305 2748 396 2780 suut.
420 2743 460 2779 Si
476 2743 511 2779 in
527 2747 694 2779 autumno
709 2754 822 2779 novus
839 2752 951 2780 annus
968 2743 1060 2787 iniit,
1077 2754 1147 2780 uon
1163 2743 1284 2791 utique
1298 2743 1336 2780 in
1347 2742 1453 2787 Tisri,
1468 2743 1529 2790 qui
1541 2743 1700 2790 Augusto
1715 2754 1857 2792 respon·

306 2802 373 2837 det.
413 2800 482 2837 Cur
505 2811 588 2847 ergo
610 2804 683 2836 tam
706 2799 889 2847 diligenter
910 2798 1139 2848 hune.ipsum
1154 2798 1428 2838 monacnum-11·
1444 2799 1695 2836 circumscribit
1709 2802 1857 2839 nomini·

307 2860 391 2901 bus,
412 2858 443 2894 si
466 2869 536 2894 non
558 2858 641 2893 antii
663 2858 890 2905 primordium
906 2860 982 2895 est?
1006 2856 1075 2895 Cur
1090 2857 1212 2894 deinde
1228 2858 1279 2895 ita
1292 2857 1466 2905 loquitur?
1491 2854 1676 2893 ἀπιντεῦθιν
1694 2853 1784 2894 οὗτοι
1799 2858 1856 2904 τὴν

307 2914 410 2963 ἀρχὴν
435 2918 492 2950 τοῦ
514 2911 604 2955 ἔτους
627 2914 781 2961 ἡγοῦνται
797 2914 851 2950 καὶ
868 2914 959 2958 aaut<
983 2911 1026 2952 τὰ
1040 2911 1173 2963 ”Attium
1193 2913 1384 2951 ὶπιτιλοῦσι.
1421 2912 1593 2951 Nimirum
1615 2915 1652 2951 in
1668 2926 1709 2952 eo
1724 2926 1855 2960 mense,

306 2973 348 3009 de
371 2983 440 3020 quo
462 2973 599 3008 locutus
623 2977 691 3015 est,
716 2971 781 3008 boo
803 2975 857 3009 est
875 2968 976 3027 w
1014 2969 1178 3020 Sequitur
1193 2971 1285 3009 enim
1301 2969 1332 3007 lv
1349 2970 1385 3007 et
1401 2973 1449 3019 τῷ
1467 2971 1651 3019 μετοπώρῳ
1667 2971 1724 3019 τὴν
1741 2984 1856 3018 πεντη-

308 3029 427 3075 κοστὴν
443 3032 583 3075 ποιοῦσι,
599 3029 889 3076 quinquagesimo
898 3026 983 3077 ⁴'siout
997 3027 1061 3067 die.
1085 3028 1198 3072 Qum
1214 3032 1294 3066 ante
1307 3029 1499 3076 μετόπωρον
1515 3029 1600 3066 etin
1615 3029 1707 3066 Tisri
1724 3030 1856 3078 Azyma

307 3086 540 3132 celebrantur,
554 3085 710 3134 adeoque
725 3091 829 3134 caput
844 3086 927 3124 anni
939 3086 1040 3124 Tisri.
1071 3085 1115 3123 Et
1131 3084 1211 3134 μετὰ
1225 3084 1316 3123 idem
1331 3085 1398 3123 erit
1410 3089 1514 3133 atque
1529 3086 1698 3131 inchoato,
1713 3090 1854 3126 ineunte.
