2008 3294
1663 157 1727 193 vn

171 265 232 312 qui
254 275 275 300 a
291 263 428 300 Ohasad
441 262 610 300 Nachoris
625 262 698 298 filio
719 262 870 306 oriundi,
893 262 944 298 ait
956 260 1155 305 Kimchiue,
1179 272 1224 297 ex
1247 272 1322 308 cap.
1338 273 1426 298 xxn.
1451 260 1538 298 Gen.
1561 271 1652 297 com.
1671 261 1725 296 21.

169 322 262 357 Haec
277 333 323 357 ex
337 320 521 363 Hebraeis,
538 330 750 366 quamquam
767 320 868 355 aliter
881 319 981 355 Abeu
997 318 1102 362 Ezra,
1123 323 1159 354 et
1173 330 1218 354 ex
1234 318 1367 354 Latinis
1382 319 1603 365 Hieroymus.
1638 318 1727 354 Nam

170 390 240 414 nxx
256 379 384 415 diversi
396 387 539 425 prorsus
555 377 695 412 abeunt.
729 377 783 412 Ex
798 377 842 412 iis
857 375 1032 422 colligitur
1046 375 1209 420 Assyrios
1225 377 1308 412 oIIm
1324 377 1480 412 tenuisse
1493 375 1725 422 Babylonem.

170 435 220 470 Ac
234 435 412 471 nonnullis
426 434 542 482 placet
556 433 805 469 Sennacheribi
818 433 967 469 maiores
986 431 1205 478 Babylonem
1219 433 1390 469 invasisse
1399 460 1410 478 ‚
1431 436 1614 481 propterea
1634 433 1727 479 quod

168 493 230 529 lib.
243 505 290 536 rv,
312 493 399 539 Reg.
415 502 491 538 cap.
505 502 596 534 xm,
613 490 668 526 24.
684 501 748 526 rex
762 490 984 537 Assyriorum
1000 489 1236 525 Sennacherib
1253 490 1294 525 de
1310 490 1492 537 Babylone
1507 495 1542 526 et
1557 490 1599 526 de
1615 489 1728 526 Cutha

169 550 381 596 caeterisque
402 548 606 595 regionibus
626 548 758 583 incolas
781 547 976 584 Samariam
996 547 1223 582 transtulerit.
1259 547 1352 583 Sane
1368 548 1643 594 Babyloniorum
1664 559 1729 583 rex

168 605 332 652 Assyrius
348 606 385 641 in
401 605 586 652 Scripturis
602 605 777 641 interdum
793 607 948 649 vocatur,
967 607 1004 640 et
1017 603 1252 651 Babylonium
1268 605 1334 640 sub
1350 605 1495 652 Assyria
1509 606 1619 642 fuisse
1635 616 1728 642 com-

168 662 375 710 prehensam
389 665 529 699 autoree
545 665 627 698 sunt
642 661 847 709 geographi.

259 717 564 766 Ἐπωνομάσθησαν
587 718 731 764 πάντες.]
764 718 974 766 Scytharum
993 718 1146 755 nominis
1168 718 1268 764 origo
1285 718 1329 754 ab
1344 719 1518 756 Hebraica
1532 732 1618 756 voce
1635 724 1730 770 ”w

169 788 248 813 cum
270 780 400 824 puncto
423 787 557 820 semos,
581 776 674 823 quod
697 780 752 812 est
774 777 967 819 declinare,
990 787 1123 812 errare.
1153 775 1274 811 Potest
1296 779 1332 811 et
1353 787 1376 812 a
1392 780 1487 818 twa:
1502 789 1582 813 cum
1597 782 1728 825 puncto

169 834 291 870 dextro
315 834 480 878 derivari,
503 833 596 881 quod
620 835 814 869 discurrere
835 839 869 869 et
888 833 1106 869 obambulare
1127 833 1314 880 significet.
1349 832 1503 881 Utraque
1525 837 1622 870 notio
1645 836 1730 883 Scy·

167 890 307 926 tharum
328 891 484 927 moribus
509 891 665 938 apprime
686 890 862 938 congruit:
886 901 974 938 quos
997 889 1183 936 πλανήτας,
1213 890 1446 934 errabundos,
1474 895 1509 926 et
1533 891 1729 938 ἁμαξοβίους

168 948 277 985 fuisse
293 952 438 984 constat.
461 948 532 984 Sed
547 959 590 983 ea
603 948 767 984 vocabuli
788 947 894 991 ratio,
910 957 1017 995 quam
1031 946 1247 996 Epiphanius
1263 942 1381 991 affert,
1405 948 1499 995 quod
1515 949 1648 984 scilicet
1664 948 1728 983 ἀπὸ

168 1008 228 1040 τοῦ
242 1004 400 1052 κλίματος
416 1007 476 1040 τοῦ
492 1004 574 1052 πρὸς
590 1004 753 1052 Εὐρώπην
769 1003 812 1046 εἰς
827 1002 939 1040 ’Am
954 1004 1220 1048 declinaverint,
1241 1016 1313 1040 non
1329 1005 1430 1040 valde
1452 1005 1539 1041 mihi
1553 1007 1729 1053 probatur.

169 1062 288 1109 Neque
304 1063 397 1099 enim
407 1073 530 1098 verum
545 1066 647 1110 puto,
664 1061 874 1109 Scytharum
887 1062 1028 1099 nomine
1043 1061 1176 1110 priscos
1191 1062 1270 1098 illos
1285 1063 1474 1110 insignitos
1484 1090 1492 1106 ,
1509 1064 1570 1110 qui
1585 1068 1666 1111 post
1681 1064 1731 1099 di-

167 1119 302 1156 luvium
321 1119 446 1155 turrim
467 1120 564 1155 illam
585 1118 802 1155 architectati
821 1122 915 1156 sunt.
950 1118 1216 1166 Etymologicon
1232 1120 1402 1166 Magnum
1423 1121 1614 1165 σκύζεσθαι,
1638 1122 1730 1168 quod

168 1180 223 1212 est
235 1177 339 1212 irasci
353 1180 390 1212 et
403 1177 626 1224 supercilium
642 1175 862 1220 contrahere,
885 1175 976 1223 παρὰ
997 1175 1073 1216 τοὺς
1096 1175 1224 1217 Σκύθας
1245 1178 1467 1213 nominatum
1489 1179 1623 1213 scribit:
1647 1189 1731 1225 quo-

168 1234 264 1269 niam
278 1234 435 1269 iracundi
451 1233 615 1280 Scythae.
643 1234 708 1279 ,An
723 1233 840 1281 potius
857 1232 983 1274 Σκύθας
1001 1232 1124 1269 Graeci
1141 1232 1206 1268 ἀπὸ
1222 1237 1281 1268 τοῦ
1298 1235 1472 1276 σκύζεσθαι
1488 1235 1731 1271 deduxerunt?

259 1291 320 1326 Kal
332 1290 396 1325 ἀνι-ὀ
411 1292 483 1337 μιᾶς
496 1290 537 1331 εἰς
551 1289 777 1337 ἐβδομήκοντα
789 1290 878 1335 δύα]
904 1290 956 1326 De
971 1290 1094 1327 eadem
1108 1291 1311 1338 linguarum
1327 1293 1554 1340 gentiumque
1571 1292 1731 1328 distribu-

168 1349 263 1384 tione
279 1348 354 1395 agit
369 1347 463 1384 haer.
478 1359 602 1392 xxxrx,
621 1358 707 1392 „uae
722 1350 777 1383 est
791 1346 1054 1384 Sethianorum:
1071 1348 1132 1384 ubi
1148 1352 1183 1384 et
1194 1360 1295 1384 nxxrr
1309 1349 1450 1396 linguas
1466 1350 1622 1394 totidem,
1640 1351 1733 1397 quod

169 1405 391 1452 κεφαλαιῶται
413 1408 528 1448 erant,
553 1408 588 1440 et
610 1409 751 1441 autores
773 1405 892 1452 stirpis
915 1403 1108 1441 effloruisse
1131 1405 1224 1443 dicit.
1259 1406 1434 1453 Vulgatus
1458 1411 1512 1442 est
1534 1407 1590 1443 hic
1613 1408 1732 1443 matri·

169 1474 250 1499 cum
264 1463 464 1510 linguarum
479 1462 759 1510 populorumque
772 1472 957 1506 numerus,
979 1461 1022 1498 de
1043 1473 1113 1510 quo
1135 1463 1292 1499 certatim
1315 1462 1520 1512 chronologi
1543 1465 1732 1512 disputant.

169 1519 324 1562 Quorum
341 1519 482 1567 quidem
496 1519 586 1555 ratio
601 1518 687 1555 mihi
701 1530 773 1555 non
788 1519 873 1555 satis
890 1520 1073 1567 explorata
1086 1524 1250 1568 certaque
1261 1520 1415 1567 videtum
1431 1533 1503 1558 non
1518 1522 1622 1558 modo
1640 1523 1732 1570 quod

171 1577 296 1613 Graeci
309 1576 444 1627 codices
459 1587 482 1612 a
496 1576 630 1613 Latinis
646 1579 682 1612 et
695 1576 862 1613 Hebraeis
877 1577 914 1612 in
928 1587 1075 1612 numero
1098 1577 1284 1622 dissideat,
1307 1578 1370 1614 sed
1390 1579 1497 1615 etiam
1520 1579 1611 1626 quod
1633 1580 1734 1627 pleri-

171 1645 239 1681 que
254 1633 476 1681 κεφαλαιῶται
491 1644 573 1670 cum
587 1634 738 1681 posteris
753 1634 826 1670 suis
842 1644 883 1670 ac
897 1633 980 1670 filiis
995 1634 1034 1670 in
1055 1644 1241 1670 numerum
1261 1641 1459 1674 concentur.
1496 1636 1575 1672 Non
1597 1641 1651 1672 est
1674 1648 1733 1672 au-

171 1695 242 1726 tem
259 1690 422 1727 credibile
434 1690 636 1727 distinctum
651 1691 696 1727 ab
707 1691 751 1727 iis
763 1691 932 1739 populum
943 1701 984 1726 ac
995 1691 1153 1739 linguam
1167 1692 1247 1728 illos
1263 1694 1498 1731 constituisse.
1524 1693 1625 1729 Certe
1641 1695 1734 1729 enim

172 1748 288 1785 Heber
302 1759 325 1783 a
338 1746 471 1795 P-haleg
484 1748 609 1800 lingua
623 1747 780 1784 diversus
795 1759 867 1785 non
881 1747 959 1791 luit,
974 1752 1016 1784 ut
1030 1749 1136 1785 etiam
1151 1750 1371 1796 Augustinus
1387 1751 1576 1788 existimat.
1601 1751 1734 1787 Deinde

171 1804 373 1842 Ghananaei
387 1815 509 1841 omnes
524 1805 646 1852 populi
667 1804 799 1841 idioma
820 1815 1006 1842 commune
1026 1807 1140 1842 sortiti
1162 1810 1254 1843 sunt.
1288 1808 1411 1855 Itaque
1434 1809 1529 1844 labat
1550 1809 1611 1844 illa
1634 1821 1734 1844 nxxu

168 1863 368 1909 linguarum
383 1862 534 1909 partitio.
557 1860 628 1898 Sed
642 1861 760 1898 necin
776 1873 816 1898 eo
833 1862 991 1898 laborare
1007 1863 1196 1900 admodum
1211 1875 1356 1901 necesse
1371 1869 1435 1909 est,
1451 1870 1492 1902 ut
1502 1866 1647 1902 totidem
1663 1867 1732 1901 illis
1789 1889 1796 1895 ·
1831 1890 1839 1898 ·

169 1919 368 1956 nationibus
384 1918 599 1955 domicilium
615 1918 740 1966 cuique
756 1930 862 1955 suum
877 1929 919 1955 ac
934 1920 1114 1967 regionem
1130 1921 1365 1968 assignemus.
1401 1923 1443 1959 In
1466 1935 1536 1970 quo
1554 1924 1656 1959 multi
1672 1936 1733 1959 no-

168 1977 305 2013 minum
327 1975 569 2012 similitudines
591 1976 698 2012 nimis
722 1976 907 2013 ambitiose
930 1980 1186 2014 consectantur.
1232 1978 1295 2015 Bet
1316 1980 1411 2016 enim
1433 1981 1638 2024 verisimile,
1661 1981 1733 2029 ple-

169 2032 296 2081 rosque
316 2033 446 2071 finibus
469 2033 532 2077 iis,
560 2044 649 2080 quos
673 2037 902 2081 occuparant,
930 2035 1061 2070 relictis
1089 2045 1132 2071 ac
1160 2035 1303 2072 sedibus
1331 2038 1400 2073 alio
1429 2049 1506 2074 sese
1533 2039 1732 2075 contulisse.

169 2090 260 2127 Nam
275 2090 369 2138 quod
383 2091 525 2138 Moyses
540 2093 676 2134 narrat,
699 2091 744 2127 ab
759 2091 803 2126 iis
818 2095 1032 2139 propagatas
1048 2102 1126 2128 esse
1140 2094 1302 2130 nationes
1318 2106 1458 2139 omnes,
1479 2108 1551 2132 non
1574 2097 1624 2132 sic
1645 2097 1732 2131 acci-

170 2147 336 2194 piendum
356 2151 427 2192 est,
448 2152 489 2184 ut
509 2158 570 2183 eas
591 2158 655 2195 per
675 2158 754 2184 sese
773 2149 927 2195 primum
950 2149 1004 2183 καὶ
1021 2148 1151 2196 &nieme
1172 2151 1334 2198 regiones
1356 2153 1546 2189 insederint
1569 2158 1675 2200 atque
1697 2154 1731 2188 in

171 2214 291 2241 earum
305 2205 565 2252 possessionem
579 2204 704 2252 pedem
718 2205 786 2252 ipsi
801 2205 992 2252 posuerint,
1008 2206 1070 2242 sed
1085 2211 1126 2242 ut
1140 2218 1181 2243 eo
1198 2209 1324 2245 saltem
1338 2210 1478 2246 illorum
1492 2212 1624 2258 posteri
1640 2222 1732 2246 com-

170 2262 366 2309 migrarint.
392 2261 522 2297 Verum
536 2261 622 2298 haec
637 2261 808 2298 discutere
823 2263 992 2310 longioris
1008 2269 1044 2299 et
1058 2275 1183 2312 operae
1198 2270 1234 2301 et
1249 2267 1390 2302 alterius
1406 2268 1558 2303 instituti
1572 2269 1687 2304 fuerit.

265 2318 358 2358 Ψοῦς
380 2317 423 2352 τὰ
437 2316 683 2365 Ἀξιωματικά]
706 2319 875 2356 Mendoee
889 2331 954 2367 pro
965 2318 1190 2368 Ἀξουμιτιιὰι
1214 2326 1254 2358 ut
1270 2327 1324 2358 est
1339 2324 1375 2359 in
1391 2325 1637 2360 Sethianorum
1652 2325 1733 2360 hae-

171 2376 258 2419 resi3
280 2386 346 2412 nec
359 2375 477 2411 minus
493 2375 748 2411 emendandum
763 2375 863 2423 ψοὺς,
885 2387 950 2424 pro
969 2388 1038 2424 quo
1055 2378 1139 2424 φοὺθ
1155 2380 1354 2426 legendum.
1389 2381 1471 2417 Sive
1486 2386 1527 2418 ut
1542 2387 1595 2418 est
1609 2382 1733 2418 Esaiae

171 2444 248 2481 cap.
264 2445 366 2476 uxr,
385 2432 439 2468 19.
454 2413 557 2480 5⁸²⁹,
575 2431 672 2478 φούλ.
702 2432 755 2468 De
769 2433 947 2470 Axumitis
962 2435 1052 2471 alius
1068 2436 1134 2471 erit
1149 2436 1286 2472 dicendi
1300 2438 1408 2474 locus.

262 2489 388 2537 Ῥεγμᾶ
411 2488 465 2524 καὶ
487 2488 599 2534 Σαβᾶ,
623 2489 736 2534 xciii]
764 2489 861 2527 Oorr.
878 2490 1073 2537 Σαβαθακὰς
1097 2493 1157 2539 qui
1179 2494 1270 2529 inter
1291 2495 1383 2530 filios
1407 2495 1500 2532 Ohus
1524 2502 1732 2534 recensetur.

171 2547 238 2585 Pro
253 2546 352 2582 ᾶλοὶιδ
366 2546 516 2582 fortasse
532 2545 639 2589 Λοὺδ,
655 2546 784 2593 quippe
799 2547 952 2595 Δουδιιὶμ
966 2549 1056 2584 inter
1071 2549 1163 2585 filios
1178 2551 1360 2587 Mestraim
1374 2559 1614 2591 numerantur.

235 2620 237 2622 ·
263 2603 315 2639 Τὰ
330 2603 412 2650 πρὸς
426 2607 466 2650 τῇ
483 2602 646 2650 μαράμων
661 2601 786 2650 χώρα]
820 2604 876 2639 An
891 2602 1066 2651 Ἀράβωνῖ
1088 2617 1134 2641 an
1152 2608 1269 2654 petius
1285 2608 1519 2656 Γαραμάντων,
1543 2623 1626 2648 nam
1647 2612 1732 2649 haec

172 2662 286 2698 vicina
302 2664 384 2696 sunt
399 2661 553 2696 nomina.
588 2659 652 2695 Est
667 2660 728 2706 qui
742 2659 938 2707 Regamam
951 2661 1162 2707 Ptolomaei,
1185 2675 1274 2711 quae
1297 2670 1352 2701 est
1371 2667 1409 2702 in
1424 2668 1552 2706 Arabia
1573 2670 1672 2706 felice
1689 2671 1733 2706 ad

172 2719 310 2766 Regma
321 2717 522 2754 transferat:
543 2717 586 2752 de
602 2727 670 2764 qua
686 2716 809 2753 Erech.
821 2729 954 2761 xxvm,
969 2717 1026 2754 22.
1050 2722 1212 2762 'any-n
1236 2726 1341 2764 ⁸:90
1363 2705 1483 2772 ³355,

262 2775 305 2812 N.
319 2787 368 2813 vr.
392 2774 528 2821 Νεβρὼθ
545 2775 608 2821 γὰρ
626 2773 812 2820 βασιλεύει]
848 2773 960 2817 Quem
974 2775 1131 2822 plerique
1147 2789 1268 2814 omnes
1291 2779 1512 2830 chronologi,
1535 2785 1606 2820 imo
1623 2789 1657 2820 et
1672 2796 1732 2820 an-

173 2833 263 2880 tiqui
275 2833 411 2875 Patres,
431 2831 557 2868 Belum
571 2831 680 2867 fuisse
697 2834 857 2874 censent,
879 2830 1073 2878 Babylonis
1094 2835 1320 2875 conditorem.
1355 2839 1466 2875 Huius
1486 2841 1599 2877 filium
1622 2843 1733 2878 Assur

173 2889 385 2938 Epiphanius
407 2887 508 2924 facit:
533 2899 637 2936 quem
661 2888 802 2936 quidem
824 2887 956 2924 Ninum
976 2888 1086 2926 fuisse
1107 2901 1172 2937 par
1194 2896 1265 2937 est,
1289 2895 1321 2931 si
1334 2895 1528 2934 Nembroth
1542 2899 1635 2935 idem
1651 2911 1732 2934 cnm

174 2947 261 2983 Belo
275 2946 394 2982 fuerit:
411 2949 448 2981 et
461 2945 583 2982 eadem
595 2946 781 2992 utrobique
793 2945 980 2992 colligendi
991 2947 1092 2984 ratio.
1116 2948 1207 2985 Nam
1217 2949 1324 2988 Belus
1335 2953 1554 3001 Babylonem
1565 2958 1731 2999 extruxit,

176 3008 212 3041 et
225 3003 335 3042 Ninus
349 3001 510 3043 Niniven.
545 3003 653 3050 Atqui
665 3003 817 3051 priorem
841 3013 863 3038 a
884 3001 1092 3048 Nembroth‚
1114 3009 1340 3052 posteriorem
1363 3012 1408 3047 ab
1423 3013 1535 3049 Assur
1556 3015 1731 3050 civitatem
