2008 3294
1480 185 1663 223 cccxvn

215 293 301 341 Λίχα
312 293 412 340 μόνης
423 294 479 338 τῆς
491 293 741 337 [immacu-51¹5]
763 291 849 328 Vide
858 290 1053 329 Nisaeuum
1069 301 1239 328 canonem
1254 290 1316 328 alt.
1330 289 1536 327 Cassianum
1551 289 1666 326 collat.
1701 303 1729 329 p.
1741 295 1800 321 3⁵9.

125 362 212 394 αἶ’,
224 361 299 398 up·
310 362 360 388 ¹¹³·
1475 379 1496 396 φ

215 406 298 444 Οὔτε
319 405 353 442 ἐν
375 409 415 453 τῇ
437 406 543 454 ἡμέρᾳ
565 407 631 442 τῶν
653 405 879 453 Ἐπιφανίων.]
912 405 1032 442 Multis
1053 405 1158 451 igitur
1176 404 1288 441 modis
1310 401 1513 441 admirabile
1534 406 1589 440 est
1609 402 1667 439 de-

125 467 256 505 cretum
280 463 366 500 illud
392 463 574 510 Theophili
599 463 827 501 Alexandrini
852 462 1023 510 episcopi,
1055 462 1149 508 quod
1180 462 1273 509 apud
1298 462 1544 499 Balsamonem
1570 463 1669 496 extat

124 531 206 568 pag.
221 520 330 564 1067„
354 522 391 556 in
414 532 483 567 quo
507 525 541 556 et
559 520 784 568 Theophanis
805 519 958 566 νήστιμον
981 517 1103 565 ἡμέραν
1126 530 1203 555 esse
1226 519 1322 563 dicit,
1346 523 1398 562 et,
1421 519 1585 565 quoniam
1607 518 1667 553 illo

125 588 216 617 auno
231 578 269 614 iu
284 577 495 614 dominicam
515 578 698 620 inciderat,
719 577 843 624 paucis
862 576 1099 614 tantummodo
1116 576 1263 622 dactylis
1278 577 1374 612 vesci
1393 576 1507 619 iubet,
1531 586 1599 622 quo
1623 575 1667 611 ab

123 634 304 676 haereticis
320 635 496 671 seiunctos
518 646 556 670 se
572 646 649 671 esse
663 634 914 681 profiterentur,
930 633 991 680 qui
1005 633 1198 669 dominicae
1213 633 1475 669 resurrectionis
1490 632 1583 668 diem
1597 643 1669 667 non

125 692 286 735 colerent,
302 695 338 727 et
351 691 417 728 hoc
430 692 519 739 ipso,
536 691 628 739 quod
643 691 876 738 vespertinam
890 690 1039 736 synaxin
1054 691 1360 736 praestolarentur,
1374 690 1495 727 ieiunii
1509 689 1670 736 religioni

125 749 366 788 satisfacerent
380 760 420 784 ac
435 752 610 796 pestremo
625 759 779 795 synaxes
796 748 840 784 ab
855 747 941 784 hora
959 758 1053 783 noua
1076 747 1298 783 celebrandas
1320 747 1450 783 indicit.
1489 746 1596 792 Atqui
1609 745 1669 781 do-

125 807 260 847 minicis
277 806 398 842 diebus
414 817 568 854 synaxes
583 806 775 844 matutinae
791 815 911 842 omnes
925 807 1035 847 erant,
1059 808 1094 839 et
1109 804 1202 851 quod
1215 815 1347 851 paucos
1362 804 1517 849 dactylos
1530 804 1596 840 sub
1611 814 1670 838 ve·

125 874 263 910 speram
278 863 512 907 comederent,
535 861 622 900 nihil
645 862 808 898 obstabat
825 872 894 909 quo
917 861 1032 898 minue
1053 860 1223 898 ieiunium
1246 864 1338 897 esset
1359 861 1544 903 eiusmodi,
1568 860 1670 907 quale

126 920 308 957 dominicis
323 920 443 957 diebus
459 920 620 957 omuibus
635 919 856 956 interdictum
869 918 1074 959 fuissecum
1089 918 1303 965 Epiphanius
1318 918 1383 953 hoc
1398 919 1492 960 loco,
1514 922 1589 953 tum
1611 917 1671 952 alii

125 981 259 1018 veteres
275 988 394 1013 omnes
409 976 595 1016 affirmant.
627 975 810 1014 Caeterum
825 975 917 1012 idem
932 976 989 1011 ille
1005 974 1186 1022 Theophili
1201 976 1297 1011 locus
1321 975 1500 1018 admonet,
1522 975 1555 1010 si
1575 973 1671 1010 theo·
1713 974 1722 986 ‘

124 1033 254 1081 phanis
268 1035 375 1072 alium
389 1035 426 1071 in
441 1033 532 1072 diem
547 1045 652 1080 quam
668 1033 878 1070 dominicum
894 1033 1136 1075 incurrissent,
1156 1032 1397 1079 xerophagiis,
1421 1031 1487 1068 hoc
1507 1036 1561 1067 est
1581 1042 1671 1078 pane

126 1102 205 1126 cum
229 1092 300 1126 sale
323 1094 358 1126 et
379 1101 485 1137 aqua,
505 1090 730 1137 transigenda
743 1090 864 1127 fuisse.
889 1089 988 1125 Nunc
1005 1090 1049 1125 ob
1066 1089 1134 1126 diei
1148 1090 1354 1136 religionem
1368 1100 1498 1136 paucos
1514 1088 1669 1134 dactylos

125 1148 305 1191 remissos,
327 1159 414 1195 quos
429 1152 562 1192 tamen,
584 1151 624 1183 ut
643 1147 765 1183 ieiunii
783 1147 872 1184 ratio
887 1146 1082 1191 haberetur,
1103 1151 1183 1182 ante
1198 1146 1428 1193 vespertinam
1444 1146 1596 1192 synaxin
1613 1146 1670 1180 de-

126 1208 267 1252 gustare
282 1206 401 1242 vetuit.

216 1259 282 1302 Τὰς
298 1260 334 1296 δὲ
356 1259 507 1308 nuptant<
531 1260 687 1306 ἁπάσας]
725 1261 776 1299 De
792 1261 974 1299 dominicis
989 1261 1091 1304 solis,
1114 1273 1185 1299 non
1199 1261 1284 1297 item
1300 1260 1472 1303 sabbatis,
1488 1259 1671 1307 prudenter

126 1318 191 1354 hoc
214 1318 377 1363 advertit,
399 1322 440 1355 ut
460 1323 496 1355 et
520 1318 650 1366 Gangr.
674 1318 837 1366 Synodus
861 1318 944 1355 Can.
957 1331 1056 1355 xvux.
1080 1319 1122 1354 de
1144 1318 1273 1355 ieiunio
1297 1317 1478 1354 dominicis
1501 1317 1672 1354 duntaxat

126 1375 312 1416 interdixit.
350 1375 430 1413 Non
451 1376 545 1413 enim
567 1376 712 1423 ubique,
735 1387 799 1412 nec
818 1376 856 1411 in
871 1380 946 1412 tota
959 1376 1106 1412 ecelesia
1119 1376 1303 1412 sabbatum
1317 1375 1439 1411 ieiunii
1453 1386 1577 1421 expers
1592 1374 1670 1411 fuit.

126 1432 197 1469 Nec
217 1433 405 1479 ignorabat
424 1432 636 1481 Epiphanius
664 1433 764 1470 aliter
785 1433 918 1470 Romae
941 1437 976 1469 et
997 1433 1034 1469 in
1056 1433 1230 1480 plerisque
1253 1432 1449 1468 Occidentis
1469 1432 1672 1478 regionibus

127 1501 232 1536 quam
251 1490 289 1527 iu
305 1489 443 1526 Oriente
465 1490 625 1538 usurpari
644 1490 878 1528 consuevisse.
915 1489 1052 1527 Etenim
1075 1489 1241 1533 Romani,
1265 1490 1357 1536 quod
1379 1489 1540 1526 Socrates
1562 1490 1621 1527 lib.
1638 1501 1672 1524 v.

125 1558 200 1593 cap.
219 1559 305 1584 xxu.
326 1547 462 1591 scribit,
486 1548 548 1582 πᾶν
573 1545 736 1593 σάββατον
761 1547 960 1591 metensem.
998 1546 1050 1583 De
1072 1558 1140 1593 quo
1161 1547 1338 1583 fusissime
1353 1546 1508 1594 disputat
1522 1547 1671 1592 August.

126 1603 234 1650 Epist.
250 1615 403 1648 nuxvr..
427 1608 463 1640 et
483 1604 592 1652 Epist.
605 1614 731 1641 cxvm.
751 1608 788 1640 et
808 1604 846 1640 in
868 1604 1062 1641 Annalibus
1085 1603 1256 1641 Batonius
1278 1604 1322 1640 ad
1345 1615 1402 1641 an.
1417 1615 1516 1640 um.
1559 1603 1672 1647 Quare

126 1660 223 1700 nulla
237 1663 291 1697 est
304 1661 350 1699 ab
365 1661 531 1708 apostolis
545 1661 638 1700 edita
653 1661 806 1704 sanctio,
827 1672 897 1708 qua
915 1661 1085 1697 ieiunium
1104 1672 1145 1696 eo
1161 1661 1216 1697 die
1230 1660 1479 1708 prohiberetur,
1501 1664 1539 1696 ut
1554 1661 1672 1706 Augu·

126 1717 237 1754 stinus
253 1718 378 1754 asserit
387 1717 495 1765 Epist.
505 1728 639 1762 onim,
653 1718 715 1753 ubi
727 1718 767 1754 in
780 1718 885 1753 rebus
898 1717 1098 1754 huiusmodi
1112 1722 1219 1764 negat
1232 1718 1419 1765 quiequam
1433 1729 1511 1754 esse
1526 1719 1580 1752 vel
1586 1721 1674 1752 sari-

121 1780 248 1820 pmae
263 1780 405 1811 sanctae
421 1778 620 1818 autoritate,
641 1776 699 1811 vec,
714 1776 917 1811 universalis
939 1777 1104 1810 ecelesiae
1120 1777 1303 1811 traditione
1319 1777 1590 1817 determinatum,
1613 1775 1674 1810 sed

127 1831 219 1875 eius,
233 1831 271 1868 in
286 1842 356 1878 qua
370 1833 534 1876 verseris,
555 1832 722 1869 ecclesiae
737 1832 979 1870 consuetudini
994 1832 1302 1879 obtemperandum
1317 1843 1405 1869 esse.
1444 1831 1520 1875 Qua
1535 1832 1674 1878 quidem

125 1889 395 1935 praescriptione
410 1889 576 1936 tanquim
591 1889 731 1936 spurius
745 1893 782 1925 et
795 1890 930 1926 alienus
946 1900 1060 1925 canon
1075 1889 1134 1924 ille
1148 1889 1311 1932 reiicitur,
1333 1889 1395 1936 qui
1407 1890 1497 1925 inter
1512 1890 1674 1936 apostoli-

127 1955 187 1980 cos
202 1957 324 1981 nxvm.
341 1950 557 1983 numeratur:
585 1945 627 1981 Εἴ
641 1958 687 1986 τις
702 1946 855 1993 κληρικὸς
871 1945 982 1993 εὑρεθῇ·
1014 1945 1070 1990 τὴν
1092 1946 1246 1992 ιυριακὴν
1267 1945 1390 1992 ἡμέραν
1406 1946 1580 1991 νηστεύων,
1597 1947 1617 1989 ἢ
1635 1945 1673 1980 τὸ

127 1999 290 2048 σάββατον
306 2001 406 2048 (πλὴν
421 2005 480 2039 τοῦ
495 2001 565 2044 ἒνὸς
581 2003 699 2050 μόνου)
715 2002 947 2050 καθαιρείσθω,
963 2001 991 2038 εἰ
1006 2002 1042 2038 δὲ
1057 2002 1189 2048 aarum,
1205 2000 1426 2049 ἆφοριζέσθωε
1453 2003 1605 2038 Clericus
1619 2006 1676 2049 qm·

128 2059 291 2096 donanim
307 2061 362 2095 dis
377 2061 432 2095 vel
443 2060 584 2096 sabbato
600 2064 680 2103 (uno
694 2061 865 2096 daura-vm
879 2063 1031 2106 excepto)
1047 2063 1201 2096 ieiunare
1217 2060 1443 2107 deprehensus
1457 2063 1512 2102 sit,
1528 2062 1675 2106 deponam

128 2117 318 2160 tter-‚laicus
333 2119 641 2153 excommunicetur.
675 2116 753 2152 Non
775 2120 891 2164 potest
911 2116 979 2152 hoc
1001 2118 1046 2152 ab
1067 2117 1236 2165 apostolis
1251 2118 1430 2153 communi
1445 2128 1522 2152 esse
1538 2117 1674 2152 decreto

128 2172 363 2212 constitutum.
398 2173 468 2209 Aut
481 2174 513 2210 si
527 2174 739 2221 apostolicus
751 2175 819 2211 iste
835 2185 947 2211 canon
963 2178 1036 2217 est,
1056 2173 1144 2211 haec
1158 2166 1281 2218 ἡδο,
1303 2175 1324 2218 ἢ
1341 2174 1380 2208 τὸ
1396 2173 1572 2219 σάββατον,
1590 2172 1674 2217 πλὴν

128 2227 271 2272 τοῦὲνὸς
286 2230 405 2276 μόνον,
428 2231 472 2267 ab
496 2231 616 2267 otiosis
633 2230 813 2268 Graeculis
834 2232 970 2267 intexta
987 2234 1079 2268 sunt.
1112 2230 1354 2277 Hae-melioris
1369 2235 1474 2267 notae
1490 2235 1573 2268 sunt
1587 2241 1676 2277 quae

127 2285 165 2321 in
178 2286 298 2333 Apost.
314 2285 458 2324 Ooustit.
481 2288 645 2334 leguntur
666 2289 727 2324 lib.
738 2300 799 2326 vu.
823 2299 898 2335 cap.
914 2300 1023 2331 mv„
1046 2288 1109 2324 ubi
1128 2286 1172 2324 τὰ
1188 2285 1345 2334 σάββατα
1365 2287 1420 2323 καὶ
1444 2287 1499 2328 τὰς
1523 2287 1675 2334 κυριακὰς

128 2340 286 2389 ἑορτάζειν
309 2344 486 2391 praecipit.
522 2343 621 2388 Quod
635 2345 680 2381 ab
695 2345 862 2392 apostolis
876 2346 943 2380 toti
957 2345 1130 2386 ecclesian
1137 2354 1320 2391 nunquam
1334 2355 1411 2383 ease
1425 2345 1677 2391 praescriptum

127 2399 577 2447 sanctissimorumpatrum
591 2412 782 2439 consensus
798 2403 1012 2450 approbavit.
1040 2402 1120 2438 Alia
1133 2401 1447 2449 estlflnatiiratio,
1463 2402 1524 2448 qui
1539 2401 1584 2437 ad
1598 2401 1676 2437 Phi-

126 2456 301 2503 lippenses
317 2457 488 2501 scribens,
509 2468 581 2494 non
601 2459 790 2495 universali
804 2459 971 2495 ecclesiae
986 2459 1063 2495 iura
1077 2458 1310 2500 constituens,
1330 2458 1440 2504 Epist.
1452 2471 1500 2496 iv.
1515 2459 1584 2494 ista
1598 2470 1676 2505 pro-

126 2514 283 2551 nunciat:
307 2512 347 2548 Ei
361 2525 407 2554 τις
423 2513 574 2560 κυριακὴν
589 2515 610 2560 ἢ
627 2513 791 2561 σάββατον
807 2516 965 2560 νηστεύει,
982 2515 1067 2560 πλὴν
1083 2514 1153 2556 ἑνὸς
1169 2513 1353 2560 σαββάτου,
1370 2510 1465 2555 οὗτος
1480 2516 1676 2562 Χριστοκτό-

127 2582 182 2611 νος
195 2569 291 2606 ἐστίν.
333 2570 582 2607 Graeculorum
595 2582 677 2608 vero
693 2583 776 2608 sane
791 2572 1017 2608 intolerabilis
1040 2576 1094 2608 est
1113 2572 1243 2615 fastus,
1267 2572 1329 2618 qui
1350 2572 1386 2607 in
1407 2572 1675 2618 pseudosynodo

127 2627 290 2666 Trullaua
305 2627 390 2663 Gan.
402 2639 456 2664 nv.
472 2627 667 2664 Romanam
682 2629 866 2664 ecclesiam
881 2629 1063 2672 damnant,
1084 2629 1177 2675 quod
1197 2639 1259 2677 per
1275 2628 1580 2675 quadragesimam
1594 2630 1675 2665 sab—

128 2685 216 2725 batis
231 2684 434 2723 ieiunarent.
462 2685 568 2731 Atqui
582 2684 742 2721 Socrates
757 2685 818 2721 lib.
830 2697 875 2729 v.‚
891 2696 967 2731 cap.
981 2697 1068 2722 xxn.
1084 2685 1215 2720 Romae
1237 2685 1358 2720 scribit
1371 2686 1526 2722 sabbatis
1538 2687 1578 2722 in
1591 2697 1676 2732 qua-

128 2741 325 2788 dragesima
346 2741 535 2777 ieiunatum
558 2753 629 2778 non
653 2753 741 2778 esse.
781 2741 850 2782 Sed
871 2742 1035 2779 nimirum
1057 2741 1289 2779 hallucinatus
1313 2746 1382 2785 est,
1404 2746 1466 2779 aut
1488 2743 1532 2778 ad
1554 2755 1677 2780 vocem

128 2796 242 2844 Ῥώμῃ
259 2797 490 2835 adiiciendum
505 2803 557 2834 est
572 2798 643 2845 νέᾳ,
659 2803 699 2834 ut
713 2798 785 2833 νέαν
801 2797 934 2844 Ῥώμην
951 2798 1288 2845 Constantinopolim
1301 2800 1460 2846 appellet.
1492 2799 1580 2836 Nam
1595 2802 1676 2836 sub·

127 2854 325 2894 inderefert
340 2855 402 2889 πᾶν
415 2853 578 2901 σάββατον
594 2854 626 2890 ἐν
639 2854 752 2902 Ῥώμῃ
770 2855 984 2891 νυστεύεσθαι.
1021 2856 1073 2891 De
1089 2856 1226 2892 sabbati
1239 2856 1368 2892 ieiunio
1383 2860 1506 2893 extant
1520 2858 1676 2893 occiden-

127 2911 250 2951 talium
265 2911 477 2958 synodorum
496 2923 663 2956 canones,
691 2916 731 2947 ut
750 2912 954 2949 Eliberitani
967 2923 1062 2948 xxvi.
1079 2916 1114 2948 et
1127 2912 1254 2959 Agath.
1266 2925 1343 2957 ιιι,
1357 2925 1422 2950 nec
1437 2926 1508 2950 non
1523 2919 1560 2950 et
1573 2915 1676 2950 Inno-

129 2968 233 3005 centii
245 2969 350 3015 primi
359 2968 468 3015 Epist.
478 2981 504 3004 r.
518 2980 594 3016 cap.
605 2982 654 3006 xv.
677 2968 787 3012 Quem
802 2969 941 3015 quidem
955 2969 1098 3005 ridicule
1113 2969 1299 3010 admodum
1315 2970 1473 3018 Scaliger
1486 2972 1546 3007 lib.
1555 2984 1616 3009 vu.
1634 2972 1675 3006 de

129 3024 271 3061 Emend.
286 3025 406 3072 Temp.
421 3036 502 3072 pag.
514 3025 591 3063 641.
609 3026 728 3062 scribit
741 3026 891 3072 primum
911 3027 1065 3062 omnium
1087 3027 1298 3070 instituisse,
1320 3032 1359 3064 ut
1378 3029 1523 3064 sabbato
1544 3029 1674 3064 ieiuna-

1710 2702 1738 2727 p.
1751 2695 1810 2720 360.
