2008 3294
1572 236 1689 274 XCIX

135 347 214 386 poet
228 339 442 386 baptismum,
461 343 549 385 puta
567 338 774 382 Februario,
797 340 947 386 coeperit
967 351 1091 374 annum
1107 350 1226 375 xxxvr.
1257 339 1332 376 Iam
1345 350 1428 376 vero
1448 339 1562 376 Lucae
1583 340 1690 376 verba
1724 352 1752 378 p.
1764 345 1821 372 109.

139 396 280 443 perinde
297 396 423 443 accipit
437 406 476 430 ac
493 395 523 431 si
539 400 631 431 esset
645 397 828 444 scriptum:
845 395 900 430 καὶ
915 394 1014 436 αὐτὸς
1031 394 1049 430 ὁ
1067 394 1193 440 Ἰησοῦς
1209 395 1331 444 ἤρχετο
1347 398 1392 432 ὢν
1408 396 1489 432 ἐτῶν
1504 396 1688 444 τριάκοντα,

139 453 223 500 ὑιος,
241 453 286 494 ὡς
303 451 476 501 ἐνομίζετο.
499 452 568 487 Sed
580 451 665 489 haec
678 453 917 501 Scaligeriana
925 452 995 488 loci
1009 453 1102 488 illius
1118 455 1289 500 expositio
1299 481 1308 498 ,
1325 459 1363 490 ut
1374 454 1454 491 hinc
1465 455 1687 502 potissimum

140 510 310 553 exordiar,
328 509 479 546 absurda
494 513 548 545 est
563 514 598 545 et
612 511 772 548 barbara.
804 509 892 553 Quis
903 509 996 545 enim
1011 510 1062 544 ita
1078 509 1208 546 Graece
1223 512 1422 558 loquentem
1437 512 1540 548 ferat:
1562 511 1687 556 Ἰησοῦς

139 563 178 612 ἥν
194 568 240 602 ὢν
257 565 457 615 ἀρχόμενος,
479 578 542 613 pro
566 578 607 602 eo
625 568 717 614 quod
737 570 807 603 eet:
829 566 951 615 ἤρχετο
972 565 1030 601 ὤν.
1068 566 1178 602 Satin’
1194 568 1378 605 ridiculum
1393 580 1434 605 ac
1450 569 1609 617 putidum
1624 573 1688 612 est,

139 623 206 671 ἐγώ
222 623 285 672 εἶμι
300 625 346 658 ὢν
362 622 560 671 ἀρχόμενος,
577 635 640 671 pro
658 623 725 671 ἐγὼ
738 621 894 672 ἄρχομαι,
917 624 1025 671 Atqui
1036 623 1124 660 hanc
1137 625 1251 672 ipsam
1262 626 1580 673 interpretationem
1593 631 1689 663 ante·

138 681 237 728 ponit
251 681 367 724 alteri,
389 691 477 727 quae
499 681 615 716 minus
630 681 736 718 habet
750 681 990 724 absurditatis,
1011 681 1152 717 tametsi
1167 693 1211 716 ne
1227 693 1269 717 ea
1284 683 1422 729 quidem
1438 685 1569 731 placet3
1590 684 1690 731 quasi

137 738 250 774 Lucas
265 738 301 774 id
313 738 476 781 voluerit,
491 737 613 785 ἤρχετο
630 739 675 772 ὢν
692 736 972 786 τριάκονταὲτῶν,
989 738 1034 772 ὢν
1050 736 1095 779 ὡς
1111 737 1286 785 ἐνομίζετο.
1311 739 1423 782 Quare
1438 743 1549 777 multo
1565 746 1619 777 est
1631 742 1689 776 ille

139 806 262 831 sensus
278 796 401 843 aptior,
418 798 458 831 ut
474 794 519 829 ὢν
536 796 579 830 ad
592 796 785 842 posteriora
795 796 973 839 referatur,
988 794 1172 842 ἀρχόμενος
1185 796 1229 831 ad
1241 798 1427 843 superiora.
1452 794 1518 832 Ἦν
1532 797 1550 833 ὁ
1563 797 1689 843 Ἰησοῦς

137 853 318 901 ἀρχόμενος
331 851 403 893 ὡςεὶ
418 851 500 887 ἑτῶν
516 851 554 899 λ,
572 853 617 887 ὢν
630 851 675 893 ὡς
688 851 868 900 ἐνομίζετο,
885 851 951 893 ὗὼς
964 855 1028 887 etc.
1051 852 1266 900 Epiphanius
1277 858 1368 890 certe
1380 853 1515 890 haeresi
1527 867 1688 899 nxxvm„

138 921 233 945 num.
245 922 308 946 vn.
327 909 372 944 ὢν
385 909 429 945 ad
441 907 527 956 ὕιος,
543 921 615 945 non
627 910 671 945 ad
685 909 864 958 ἀρχόμενος
875 910 1046 958 pertinere
1059 909 1191 953 docuit,
1208 921 1288 948 com
1300 911 1351 946 ita
1365 911 1482 947 locum
1497 912 1596 948 illum
1610 924 1690 960 pro-

138 967 232 1002 tulit:
249 965 300 1001 ὅτι
314 967 361 1001 ὢν
377 966 461 1012 ὗὼς,
478 965 523 1007 ὡς
539 965 704 1014 ἐνομίζετο
720 965 854 1014 Ἰωσήφ
891 966 1088 1010 Quinetiam
1103 966 1238 1002 haeresi
1254 980 1352 1011 xxx.,
1371 980 1468 1006 uum.
1486 981 1583 1006 xxxx.
1598 966 1638 1014 ἦν
1655 969 1690 1005 δὲ

139 1022 266 1068 Ἰησοῦς
282 1022 463 1072 ἀρχόμενος
480 1020 567 1059 εἶναι.
600 1024 670 1060 Sed
693 1024 946 1064 controversiae
962 1025 1246 1072 quaestionisque
1261 1029 1367 1072 caput
1381 1026 1418 1061 in
1434 1024 1506 1066 ὡςεὶ
1521 1027 1691 1073 particula

139 1081 291 1128 pesitum
307 1085 375 1124 est,
393 1081 486 1129 quod
501 1085 540 1116 ut
555 1082 743 1128 plurimum
758 1079 953 1128 ἀπορητικον
976 1088 1054 1117 esee
1075 1083 1165 1118 solet
1186 1086 1221 1117 et
1235 1082 1277 1117 de
1292 1083 1445 1129 perfecto
1461 1084 1690 1130 absolutoque

141 1138 285 1174 reistatu
301 1137 458 1175 nonnihil
475 1138 633 1176 detrahit.
658 1140 731 1175 Hoc
743 1150 826 1175 vero
838 1139 915 1175 loco
927 1150 999 1175 non
1010 1137 1219 1186 ἂπορητικον,
1236 1139 1297 1175 sed
1313 1138 1475 1186 ἀληθινὸν,
1493 1151 1532 1176 ac
1548 1152 1690 1188 prorsus

139 1195 387 1232 affirmativum
403 1206 480 1231 esse
496 1195 653 1242 Scaliger
668 1199 797 1232 etcum
813 1207 854 1232 eo
870 1197 1025 1244 plerique
1041 1197 1206 1233 sentiunt.
1237 1196 1304 1240 Qui
1324 1196 1411 1233 mihi
1426 1198 1496 1232 vim
1518 1209 1690 1245 usumque

138 1253 280 1289 voculae
294 1253 396 1289 istius
411 1265 483 1289 non
499 1253 585 1288 satis
600 1253 883 1290 animadvertisne
899 1254 1068 1291 videntur.
1101 1253 1172 1289 Nos
1187 1254 1360 1302 triplicem
1375 1254 1468 1290 illius
1483 1259 1691 1302 potestatem

139 1310 231 1357 apud
241 1310 392 1346 Graecos
409 1310 681 1348 observavimus.
705 1310 822 1346 Prima
833 1314 902 1355 est,
919 1322 998 1347 cum
1014 1309 1258 1357 ἔνδοιασταῶς,
1274 1312 1330 1347 vel
1345 1310 1567 1359 ἀπορητικῶς,
1584 1313 1690 1348 sumi-

137 1371 204 1411 tur,
220 1370 260 1404 ut
271 1368 362 1415 apud
373 1367 506 1404 Lucam
521 1379 596 1415 cap.
606 1379 700 1410 xxn,
715 1367 788 1404 41.=
806 1367 860 1402 καὶ
872 1367 970 1409 αὐτὸς
984 1366 1174 1412 ἀπεσπάσθη
1187 1366 1244 1403 ἀπ’
1257 1367 1366 1403 αὐτῶν
1379 1366 1451 1409 ὦςεὶ
1463 1368 1556 1404 λίθου
1570 1370 1689 1417 βολήν,

138 1428 173 1460 et
187 1435 263 1472 cap.
275 1437 305 1469 1,
327 1424 388 1460 562
416 1423 516 1472 ἔμεινε
538 1424 573 1460 δὶ
588 1422 724 1472 Μαριὰμ
740 1425 798 1459 σὺν
815 1424 896 1472 αὐτῇ
913 1423 986 1466 ὡςεὶ
1003 1427 1104 1472 μῆνας
1121 1427 1215 1473 τρέίς.
1247 1425 1406 1462 Secunda
1421 1427 1473 1462 vis
1490 1431 1543 1462 est
1558 1439 1689 1474 συγκρι-

138 1481 227 1529 τιιιὴ,
249 1482 322 1518 sive
338 1483 584 1530 comparativa.
614 1481 667 1518 Ita
681 1481 764 1519 Luc.
779 1494 839 1519 111:
862 1481 916 1517 καὶ
939 1481 1118 1528 καταβῆναι
1141 1482 1178 1517 τὺ
1201 1485 1329 1530 πνεῦμα
1344 1482 1381 1518 τὸ
1399 1482 1491 1530 ἅγιον
1508 1488 1689 1532 σωματικῷ

96 1546 100 1553 ·
138 1538 212 1574 ε’ίδει
227 1537 299 1580 «beel
315 1538 512 1586 περιστεράν.
550 1538 756 1586 Quanquam
778 1539 862 1575 haec
882 1540 1053 1587 posterior
1072 1540 1168 1576 notio
1192 1540 1236 1575 ad
1258 1541 1409 1588 priorem
1431 1545 1547 1588 potest
1560 1542 1690 1578 referri.

139 1595 238 1640 Quod
253 1597 345 1632 enim
362 1597 460 1632 alteri
475 1596 587 1632 simile
600 1595 733 1640 dicitur,
749 1608 820 1633 non
835 1597 927 1634 idem
943 1601 996 1633 est
1013 1598 1165 1634 omnino.
1189 1597 1305 1633 Tertio
1318 1597 1459 1634 demum
1472 1597 1689 1646 αἰτιολογικὸν

139 1656 193 1689 est
207 1652 296 1700 ὡςεὶ,
312 1654 385 1690 sive
401 1653 626 1690 causativum.
659 1653 748 1690 Nam
764 1654 795 1690 si
810 1654 888 1701 quis
905 1654 1087 1701 diligenter
1102 1654 1301 1698 attenderit,
1316 1655 1470 1691 inveniet
1483 1657 1690 1703 particulam

139 1709 183 1752 ως
195 1711 251 1746 vel
263 1709 351 1757 ὡςεὶ,
367 1711 437 1747 nisi
451 1711 622 1747 ambobus
633 1711 703 1747 illis
714 1710 827 1747 modis
840 1715 1036 1758 usurpetur,
1053 1722 1215 1749 caussam
1226 1713 1417 1758 continere,
1432 1717 1573 1761 propter
1584 1725 1690 1762 quam

138 1767 173 1804 id
189 1768 282 1816 quod
298 1771 456 1841 narratur
471 1768 644 1806 acciderit.
674 1767 733 1804 Sic
749 1768 841 1816 apud
855 1769 1044 1804 Homerum
1059 1767 1195 1804 ’.Οδυσσ
1214 1769 1246 1816 ξ,
1264 1769 1340 1806 253.

543 1823 726 1872 Ἐπλέομεν
742 1825 845 1872 Βορέῃ
862 1823 972 1873 ἀνέμῳ
989 1824 1118 1873 ἆκροιέι,
1134 1826 1247 1874 καλῷ,

543 1880 710 1929 Ῥηϊδίως,
727 1897 756 1916 ω
737 1881 800 1923 )ςιί
816 1894 850 1918 τε
865 1882 948 1918 κατὰ
964 1882 1052 1930 ῥόον.

138 1940 208 1977 Cur
229 1939 331 1976 facile
353 1939 552 1987 navigaret,
576 1949 738 1976 caussam
759 1940 912 1976 continet
932 1951 1002 1976 vox
1024 1939 1114 1986 ὡςεὶ,
1137 1940 1294 1977 videlicet
1315 1941 1409 1989 quod
1430 1942 1580 1979 secundo
1602 1944 1689 1979 mari

135 1998 292 2041 ferretur,
312 1996 357 2038 ὦς
372 1995 404 2032 ἐν
420 1996 515 2031 ὕδατι
530 1995 621 2031 κάτω
637 1996 759 2044 ῥέοντι,
783 1996 836 2031 καὶ
853 1996 892 2032 οὗ
909 2000 1021 2044 στατῷ
1038 1996 1111 2032 κατ’
1128 1996 1263 2042 ἰσότητα
1278 1996 1478 2046 ἐπιφανείας,
1502 2001 1553 2036 ait
1566 2000 1688 2038 Eusta-

138 2054 242 2092 thius.
274 2054 442 2091 Similiter
463 2054 500 2091 in
520 2054 580 2090 illo
602 2054 742 2090 Ioannis
762 2055 857 2098 loco,
882 2054 980 2095 δόξαν
1002 2052 1047 2095 ὡς
1069 2058 1280 2102 μονογενοῦςε
1310 2057 1459 2102 qlon'am
1481 2061 1568 2103 eius,
1591 2062 1691 2105 quari

136 2114 316 2158 unigeniti,
343 2109 520 2159 ἐμφατικδν
547 2114 583 2146 et
609 2109 826 2158 αἰτιολογικὸν
854 2115 910 2147 est
935 2110 991 2152 ὡς.
1046 2111 1116 2148 Cur
1139 2113 1231 2148 enim
1254 2117 1353 2149 tauta
1375 2114 1420 2150 sit
1447 2115 1575 2161 gloria,
1606 2126 1688 2152 cou-

137 2169 276 2205 dltionis
298 2169 373 2205 eius
395 2179 436 2205 ac
457 2168 619 2215 dignitati
637 2168 740 2204 debet
760 2169 921 2204 adscribi.
960 2168 1074 2212 Quare
1095 2169 1187 2205 idem
1209 2174 1264 2206 est
1287 2171 1380 2217 quod
1402 2178 1523 2218 utpote.
1563 2172 1631 2208 Sed
1647 2184 1689 2208 ea

136 2226 346 2273 significatio
360 2226 551 2273 particulae
567 2223 612 2266 ὦς
626 2227 742 2273 potius
766 2237 871 2273 quam
892 2224 965 2266 ὡςεὶ
987 2227 1158 2262 convenit.
1193 2227 1284 2272 1mo,
1305 2232 1346 2263 ut
1366 2228 1403 2264 in
1418 2228 1596 2266 Thesauro
1612 2230 1688 2266 Ste-

136 2282 271 2330 phanus
285 2286 424 2326 mouet,
440 2281 513 2324 ὧςεὶ
527 2282 742 2329 frequentius
753 2287 939 2331 usurpatur
949 2295 1012 2331 pro
1025 2286 1175 2326 circiter,
1183 2287 1279 2331 sere,
1296 2295 1336 2320 ac
1348 2285 1496 2322 fortasse
1507 2297 1688 2333 nunquam

136 2341 244 2384 aliter,
259 2340 462 2388 praesertim
476 2341 513 2376 in
528 2350 633 2387 prosa
648 2341 804 2376 oratione
819 2341 978 2376 sumitur.
1010 2340 1108 2377 Unde
1123 2342 1268 2388 colligas
1284 2353 1463 2389 perperam
1485 2344 1625 2379 Ioannis
1647 2345 1688 2379 il-

138 2398 213 2433 lum
227 2398 346 2434 locum
361 2397 404 2433 ad
418 2397 455 2433 id
469 2396 601 2443 afferri,
617 2400 658 2432 ut
672 2397 866 2434 tricesimus
883 2409 997 2434 annus
1010 2398 1141 2434 solidus
1157 2409 1197 2434 ac
1213 2400 1406 2446 completus
1421 2400 1586 2447 baptismi
1601 2405 1687 2437 tem-

136 2465 222 2502 pore
236 2454 345 2490 fuisse
358 2454 527 2491 videatur.
558 2453 712 2490 Primum
727 2454 778 2490 ibi
792 2458 847 2490 est
860 2453 922 2501 ὡς,
938 2466 1010 2490 non
1026 2453 1116 2501 ὦςεὶ,
1134 2459 1170 2490 et
1184 2456 1276 2502 apud
1291 2456 1515 2503 interpretem
1530 2462 1689 2494 nostrum

137 2512 236 2558 quasi
248 2511 341 2547 idem
356 2515 410 2547 est
425 2523 465 2548 ac
481 2518 652 2558 tanquam.
691 2511 823 2547 Deinde
844 2510 1070 2558 αἰτιολογικῶς
1093 2517 1128 2547 et
1148 2511 1332 2559 ἐμφατικῶς
1355 2518 1552 2561 usurpatur.
1583 2516 1629 2551 At
1651 2517 1687 2551 in

137 2569 244 2605 altero
261 2569 320 2605 illo
335 2568 451 2605 Lucae
465 2570 542 2607 loco
559 2567 631 2609 ὡςεὶ
648 2567 847 2615 αἰτιολογίαν
862 2569 997 2604 nullam
1018 2572 1080 2604 aut
1100 2566 1237 2615 ἔμφασιν
1253 2568 1373 2613 habet,
1395 2575 1456 2606 aut
1469 2582 1551 2608 vero
1567 2573 1687 2608 simili-

137 2626 302 2663 tudinem.
332 2626 412 2662 Non
427 2630 519 2663 recte
534 2626 642 2672 igitur
657 2636 737 2660 cum
753 2626 929 2672 superiore
945 2625 1128 2661 confertur.

227 2683 279 2719 De
295 2685 450 2719 anniculi
463 2683 606 2719 notione
622 2682 715 2729 quod
730 2682 892 2729 proponit
907 2682 1072 2729 Scaliger,
1097 2681 1183 2717 nihil
1203 2683 1246 2718 ad
1262 2694 1336 2719 rem
1349 2684 1445 2720 facit.
1475 2686 1578 2722 Aliud
1594 2688 1687 2723 enim
1722 2700 1748 2727 p.
1764 2696 1820 2722 110.

139 2743 192 2775 est
207 2741 401 2783 anniculus,
424 2739 519 2776 aliud
541 2742 640 2787 quam·
654 2740 850 2781 anniculus,
873 2739 915 2774 de
931 2749 999 2786 quo
1015 2749 1128 2774 sermo
1145 2740 1245 2774 nobis
1261 2743 1324 2777 est.
1356 2741 1504 2788 Reliqua
1519 2743 1688 2791 Scaligeri

138 2796 295 2832 collectio
310 2797 487 2844 implicata
503 2800 538 2832 et
552 2797 666 2832 inanis
683 2799 746 2831 est.
787 2794 877 2830 Nam
900 2796 978 2842 quis
994 2795 1080 2831 haec
1102 2796 1295 2843 intelligat?
1337 2798 1377 2834 Si
1398 2797 1470 2839 ὡςεὶ
1490 2799 1687 2848 ἀπορητικὸν

139 2854 200 2897 sit,
224 2853 297 2889 dies
311 2857 447 2890 tantum
462 2866 527 2898 xx,
551 2857 612 2890 aut
632 2853 675 2889 ad
699 2864 875 2888 summum
893 2863 1050 2888 mensem
1065 2853 1108 2888 ad
1124 2853 1310 2890 rotundum
1326 2855 1477 2892 defuisse
1492 2869 1685 2895 numerum.

139 2910 252 2952 Quare
273 2914 313 2946 ut
332 2909 484 2947 Ianuarii
498 2923 545 2948 vr.
567 2911 762 2958 baptizatus
784 2909 905 2952 fuerit,
926 2909 1110 2945 Februario
1133 2921 1252 2946 meuse
1273 2911 1487 2949 tricesimum
1507 2916 1683 2962 implesse.

139 2966 247 3009 Quasi
257 2978 338 3003 vero
355 2967 416 3014 qui
429 2965 501 3008 ὧςεὶ
517 2968 609 3016 apud
623 2967 755 3003 Lucam
771 2964 974 3014 ἄπορητικῶς
991 2967 1083 3002 sumi
1093 2968 1292 3012 voluerunt,
1310 2968 1483 3006 Christum
1498 2971 1684 3008 Februario

139 3035 257 3059 mense
273 3027 394 3060 natum
409 3035 486 3061 esse
501 3025 722 3068 crediderint;
739 3027 778 3059 ut
790 3023 954 3059 Onufrius
963 3050 972 3066 ,
989 3023 1050 3070 qui
1062 3024 1263 3060 duodecimo
1278 3037 1385 3073 prope
1401 3038 1521 3064 mense
1533 3034 1613 3076 post
1624 3031 1684 3065 ba-

139 3081 306 3126 ptismum
325 3085 481 3119 vertente
499 3081 643 3129 triginta
667 3082 806 3118 demum
827 3092 936 3118 annos
960 3081 1116 3118 evolutos
1139 3082 1322 3120 existimat.
1367 3083 1487 3131 Neque
1511 3098 1590 3122 vero
1612 3084 1684 3126 ὡςεὶ

1360 3153 1414 3187 G·
