2008 3294
1546 179 1694 216 CXXIII

152 285 211 331 qui
226 295 306 320 cum
321 284 572 320 Boadromiono
587 284 862 332 Pyanepsionem
876 283 1071 326 continuat,
1089 287 1179 319 errat
1192 284 1347 331 profecto
1363 283 1530 331 Scaliger.
1560 283 1693 318 Plutar-

151 341 236 377 chus
258 343 351 378 enim
371 342 491 389 paucis
514 343 694 377 mensibus
709 346 790 389 post
803 341 951 378 reditum
965 341 1003 375 in
1018 341 1167 386 patriam
1181 341 1314 376 vixisse
1328 340 1597 377 Demosthenem
1612 340 1694 374 scri-

150 399 210 434 bit.
233 399 323 435 Nam
333 399 582 445 Metagitnione
597 410 718 434 mense
729 399 898 446 praelium
908 398 952 434 ad
963 396 1159 433 Oranonem
1171 398 1335 444 contigit3
1350 398 1602 434 Boedsmione
1613 408 1695 433 vero

149 456 358 502 praesidium
373 457 410 492 in
425 455 640 492 Munichiam
655 457 906 499 introductum,
919 454 1159 501 Pyanepsione
1174 455 1314 490 demum
1331 455 1418 491 obiit
1432 454 1693 491 Demosthenes.

109 511 112 515 ’
149 512 228 548 Νοιι
241 513 326 548 dicit
339 513 499 560 sequenti
513 518 593 560 post
608 513 899 550 Boedromionem
918 522 1039 548 mense
1060 516 1236 547 mortuum
1253 523 1339 547 esse.
1369 513 1488 548 Potuit
1501 513 1609 559 igitur
1622 523 1695 548 me-

150 569 226 604 dius
241 570 445 605 intervenire
456 570 736 605 Maemacterion.
759 570 855 606 Idem
870 573 905 605 et
919 568 961 604 de
976 568 1117 603 Diodori
1132 569 1208 603 loco
1224 569 1393 604 iudicium
1409 580 1486 604 esse
1501 569 1619 612 debet,
1636 570 1696 616 qui

148 627 199 661 ita
214 626 347 662 scribit:
370 625 451 660 ’Aah
469 626 569 673 μηνὸς
585 625 622 661 ὃν
639 626 793 662 καλοῦσιν
806 625 970 670 Ἀθηναῖοι
985 625 1265 672 Μαιμακτηριῶνα
1280 627 1346 659 τῶν
1362 624 1443 660 ἑπτὰ
1459 627 1525 660 τῶν
1541 626 1624 661 κατὰ
1639 626 1695 660 τον

149 681 266 730 ἄρκτον
275 681 420 730 ἀστέρων
427 683 544 718 οὐδένα
551 683 647 730 φασὶν
655 682 791 730 ὁρᾶσθαι
802 683 961 732 μίχριτῆς
973 682 1103 729 πρώτης
1111 682 1268 728 φυλακῆς,
1282 686 1332 729 τῷ
1341 682 1376 717 δὲ
1383 683 1587 718 Πωοειδεῶνι
1599 683 1696 731 μέχρι

149 740 308 787 δευτέρας.
339 739 418 776 Non
439 741 532 776 enim
555 741 717 776 continuo
738 745 820 788 post
831 739 1158 776 Maemaoterionom
1173 739 1400 774 Posideonem
1420 741 1519 786 sequi
1534 741 1697 783 declarat,

148 808 226 832 cum
247 801 284 832 et
303 797 410 832 verba
430 797 516 840 ista,
539 795 604 832 ἀπὸ
622 797 926 845 Μαιμακτεριῶνος,
949 796 992 832 de
1013 807 1135 832 mense
1155 807 1227 831 non
1249 797 1409 831 absoluto
1425 798 1560 844 possint
1573 798 1703 845 accipi,-

147 854 204 890 cui
219 854 267 889 sit
279 854 462 901 proximus
478 855 574 898 alter,
589 854 656 890 hoc
671 858 725 890 est
738 854 942 902 Pyanepsio.
965 853 1017 889 Ita
1032 853 1172 889 demum
1187 864 1243 888 res
1259 865 1300 888 eo
1314 854 1493 900 redigitur,
1510 858 1548 889 ut
1562 859 1696 902 praeter

147 911 451 958 Harpocrationem
463 913 655 948 sententiae
668 923 753 947 suae
763 911 936 947 vindicem
946 909 1073 946 habeat
1082 911 1269 947 neminem.
1293 910 1421 946 Scribit
1432 911 1524 947 enim
1535 912 1572 947 in
1583 913 1696 947 lexico

147 968 474 1004 Maemacterionem
489 968 637 1015 πέμπτον
654 964 732 1003 εἶναι
747 970 843 1015 μῆνα.
873 967 942 1004 Sed
952 968 1008 1003 vel
1019 967 1171 1013 τέταρτος
1186 979 1249 1015 pro
1262 967 1410 1014 πέμπτος
1425 969 1696 1011 rescribendum,

146 1025 202 1060 vel
218 1025 249 1060 si
264 1024 351 1061 nihil
365 1024 420 1060 hic
441 1036 464 1060 a
483 1026 622 1060 librario
645 1029 826 1072 peccatum
845 1028 914 1068 est,
936 1032 1018 1060 non
1031 1024 1176 1060 dubium
1199 1028 1254 1060 est
1276 1026 1360 1071 quin
1382 1026 1492 1072 pluris
1515 1026 1607 1072 apud
1630 1037 1695 1061 nos

146 1082 342 1118 Aristotelis
359 1086 394 1117 et
408 1081 583 1118 Plutarchi
598 1093 700 1128 quam
716 1082 935 1128 grammatici
950 1082 1054 1117 unius
1068 1082 1236 1119 autoritas
1251 1093 1330 1117 esse
1345 1082 1480 1117 debeat.

236 1138 400 1186 Sequitur
416 1139 578 1174 immanis
594 1139 764 1186 Scaligeri
777 1144 908 1186 stupor,
924 1138 1008 1174 dum
1022 1134 1250 1174 Posideonem
1266 1139 1316 1174 ita
1331 1150 1411 1175 cum
1427 1140 1586 1174 Ianuario
1602 1150 1696 1174 com-

146 1200 260 1243 parat,
276 1199 315 1231 ut
329 1199 408 1243 post
423 1197 582 1233 brumam
597 1196 756 1243 incipiat,
773 1207 841 1242 quo
857 1195 942 1231 nihil
958 1196 1091 1232 falsius.
1128 1196 1331 1231 Aristoteles
1346 1197 1369 1233 l.
1382 1209 1414 1232 v.
1431 1207 1462 1232 c.
1473 1209 1521 1233 rx.
1538 1198 1581 1232 de
1596 1196 1697 1243 thyn-

146 1253 241 1288 nide:
267 1250 336 1287 ἔστι
359 1252 394 1288 δὲ
416 1252 434 1286 ὁ
452 1252 508 1300 μὶν
525 1254 654 1300 πρῶτος
670 1254 766 1294 τόκος
782 1252 854 1300 περὶ
869 1252 926 1288 τὸν
942 1252 1148 1288 Ποσειδῶνα
1163 1252 1228 1300 πρὸ
1247 1255 1390 1301 τροπῶν.
1437 1253 1696 1301 Theophrastus

146 1310 206 1345 lib.
218 1322 279 1346 vn.
296 1320 369 1357 cap.
382 1322 406 1346 1.
423 1310 465 1346 de
481 1310 616 1347 diverso
633 1310 797 1345 sementis
813 1313 983 1357 tempore:
1005 1313 1188 1358 χειμερινοῦ
1211 1309 1274 1357 γὰρ
1297 1309 1384 1358 ἀρχὴ
1406 1311 1488 1358 μετὰ
1508 1310 1631 1358 τροπὰς
1648 1312 1695 1346 θε-

148 1365 232 1414 ρινὰς
249 1370 307 1401 τοῦ
323 1367 614 1414 Μεταγειτνιῶνος,
630 1369 688 1401 τοῦ
703 1366 738 1402 δὲ
754 1367 903 1414 δευτέρου
919 1365 1017 1402 πάλιν
1034 1367 1115 1414 μετὰ
1129 1366 1224 1412 ἡλίου
1236 1367 1359 1414 τροπὰς
1370 1368 1550 1415 χειμερινὰς
1562 1371 1621 1403 τοῦ
1634 1369 1697 1403 Γα-

147 1423 310 1470 μηλιώνος
327 1425 437 1471 μηνός.
461 1423 584 1460 Incidit
597 1424 704 1470 igitur
718 1424 889 1460 Posideon
904 1428 985 1460 ante
1001 1425 1191 1461 solstitium
1205 1425 1405 1471 hibernum,
1423 1425 1606 1461 Gamelion
1617 1430 1699 1473 post

147 1481 346 1516 solstitium.
367 1480 573 1516 Plutarchus
589 1485 704 1517 autem
719 1482 755 1517 in
771 1482 844 1518 vita
858 1481 1015 1517 Caesaris
1030 1481 1258 1518 Posideonem
1274 1494 1355 1518 cum
1370 1483 1510 1518 ineunte
1526 1483 1698 1518 duntaxat

146 1537 306 1573 Ianuario
321 1537 471 1574 confert:
494 1538 658 1585 Χειμῶνος
675 1537 707 1573 ἐν
723 1540 859 1586 τροπαῖς
881 1535 990 1585 ὄντος,
1013 1538 1187 1586 ἱσταμένου
1203 1538 1404 1587 Ἰανουαρίου
1421 1539 1521 1587 μηνὸς
1537 1536 1649 1586 (οὗτος
1666 1539 1696 1575 δ’

146 1594 184 1628 ἂν
200 1594 247 1638 εἴη
263 1594 447 1630 Ποσειδεὼν
463 1593 666 1642 Ἀθηναίοις).
696 1595 786 1631 Nam
801 1596 931 1631 lunaris
946 1596 1117 1632 Posideon
1131 1607 1384 1643 nonnunquam
1398 1597 1551 1632 Ianuarii
1564 1602 1698 1644 partem

146 1651 270 1689 aufert.
311 1651 409 1687 Idem
424 1655 458 1687 et
473 1651 598 1688 Suidas
614 1653 794 1700 perspicue
809 1653 909 1688 docet
923 1653 978 1689 his
993 1654 1124 1689 verbis:
1147 1653 1330 1688 Ποσειδεὼν
1346 1653 1410 1701 μὴν
1426 1653 1505 1701 παρ’
1517 1653 1697 1699 Ἀθηναίοις

147 1708 235 1743 οὕτω
257 1708 457 1756 καλούμενος
474 1708 679 1756 Δεκέμβριος.
724 1709 823 1752 Quod
845 1721 926 1746 vero
948 1710 1125 1757 Γαμηλιὼν
1146 1712 1346 1757 proximum
1369 1722 1392 1746 a
1409 1713 1558 1747 solstitio
1580 1713 1698 1748 locum

144 1765 288 1809 habeat,
303 1765 455 1802 declarat
469 1766 610 1802 Aristot.
623 1778 646 1802 1.
661 1767 804 1803 Meteor.
820 1778 850 1803 ο.
863 1780 928 1802 τω
956 1766 1033 1802 Ἐπὶ
1048 1767 1084 1802 δὲ
1100 1765 1258 1815 ἄρχοντος
1275 1766 1442 1813 Ἀθήνῃσιν
1457 1768 1622 1810 Εὐκλέους
1637 1773 1697 1805 τοῦ

145 1821 306 1864 Μόλωνος
328 1821 454 1869 ἐγένετο
475 1823 620 1870 κομήτης
642 1822 744 1871 ἀστὴρ
764 1824 846 1871 πρὸς
867 1823 1003 1871 ἄρκτον,
1028 1824 1128 1871 μηνὸς
1144 1825 1358 1871 Γαμηλιῶνος
1377 1826 1450 1872 περὶ
1465 1826 1587 1873 τροπὰς
1605 1824 1697 1867 ὄντος

144 1882 204 1915 τοῦ
219 1879 314 1924 ἡλίου
329 1878 520 1927 χειμερινάς.
545 1880 639 1915 Haec
654 1881 756 1916 nobis
772 1882 876 1928 paulo
892 1882 1087 1918 accuratius
1099 1882 1367 1918 demonstranda
1380 1882 1538 1926 fuerunt,
1555 1884 1647 1931 quod
1663 1888 1699 1919 et

142 1936 329 1984 Epiphanii
342 1937 440 1972 locus
455 1938 506 1972 ita
519 1938 726 1984 postularet,
748 1942 783 1973 et
802 1939 894 1985 quod
908 1939 1050 1985 indigne
1066 1939 1191 1974 ferrem
1207 1939 1359 1974 eruditos
1374 1941 1561 1976 nonnullos
1576 1951 1598 1975 a
1613 1941 1698 1976 Sca-

147 1994 258 2040 ligero
273 1994 311 2029 in
326 1993 475 2030 eundem
491 2005 642 2030 errorem
656 1995 827 2031 inductos.
857 1995 885 2030 E
901 1996 1028 2042 quibus
1051 2007 1142 2031 unus
1163 1997 1287 2032 asserit
1305 1997 1462 2044 imperite
1479 2010 1601 2033 omnes
1616 2003 1697 2034 ante

142 2051 240 2087 illum
255 2051 580 2087 Maemacterionem
597 2055 760 2099 quartum
774 2063 932 2088 mensem
947 2065 1160 2090 numerasse.
1193 2053 1260 2095 Qui
1283 2054 1423 2100 quidem
1444 2059 1496 2090 tot
1516 2057 1696 2091 convictus

142 2107 335 2144 rationibus
351 2107 451 2143 cedat
465 2119 607 2144 necesse
623 2112 692 2152 est,
707 2112 743 2145 et
754 2110 847 2156 qnod
858 2121 880 2146 a
891 2109 1070 2157 Scaligero
1083 2111 1266 2154 didicerat,
1282 2112 1423 2147 tandem
1439 2113 1627 2159 aliquando
1640 2114 1698 2148 de-

145 2165 267 2201 discat.
290 2164 436 2201 Caetera
450 2176 540 2212 quae
556 2166 600 2202 ad
613 2166 806 2202 Atticorum
821 2168 995 2203 mensium
1011 2167 1279 2215 disputationem
1296 2172 1332 2204 et
1345 2169 1457 2204 multa
1472 2174 1506 2204 et
1521 2171 1698 2216 exquisita

144 2221 212 2258 diei
226 2225 386 2268 possent,
402 2233 506 2259 suum
521 2223 638 2260 locum
653 2222 830 2259 habebunt
844 2225 882 2260 in
896 2235 938 2260 eo
955 2235 1059 2271 opere
1074 2236 1144 2272 quo
1159 2230 1353 2273 temporum
1366 2226 1559 2262 doctrinam
1575 2238 1597 2262 a
1612 2227 1696 2262 Sca-

142 2279 244 2325 ligeri
258 2279 403 2316 somniis
417 2279 481 2315 deo
497 2280 674 2327 aspirante
687 2280 952 2318 vindicabimus.

233 2335 322 2372 Illud
338 2347 446 2372 unum
459 2337 623 2373 lectorem
638 2348 782 2373 necesse
793 2341 847 2373 est
857 2338 1052 2382 admoneri,
1069 2340 1208 2375 eosdem
1220 2340 1298 2375 illos
1311 2341 1444 2376 Atticos
1456 2352 1596 2376 menses
1607 2342 1694 2377 alias

142 2393 283 2429 lunares
305 2403 401 2437 esse,
423 2393 509 2431 alias
530 2405 601 2429 non
622 2394 780 2437 lunares,
802 2395 864 2430 sed
885 2396 1102 2439 vicenarios,
1117 2397 1173 2432 vel
1188 2401 1279 2432 certe
1294 2397 1461 2434 Iulianos.
1493 2398 1534 2433 Si
1547 2398 1697 2442 lunares,

144 2452 274 2486 certam
287 2450 421 2487 nullam
436 2451 473 2487 in
487 2450 622 2487 Iuliano
638 2454 805 2487 contextu
820 2451 939 2489 sedem
954 2453 1129 2496 obtinent,
1150 2454 1212 2489 sed
1233 2455 1323 2489 ultro
1345 2455 1501 2501 citroque
1511 2459 1696 2502 vagantur.

145 2505 241 2549 Quae
256 2507 406 2543 varietas
421 2507 529 2544 efficit
550 2511 590 2544 ut
611 2519 683 2543 non
705 2508 829 2544 iisdem
843 2509 987 2545 Iulianis
1002 2511 1180 2546 mensibus
1197 2521 1219 2545 a
1233 2511 1458 2557 scriptoribus
1474 2512 1696 2559 imputentur.

143 2562 358 2610 Epiphanius
380 2563 437 2600 hio
458 2564 502 2600 de
523 2565 733 2607 tricenariis,
757 2568 819 2600 aut
840 2566 960 2611 utique
979 2566 1123 2602 Iulianis
1145 2568 1307 2613 loquitur,
1331 2568 1374 2603 de
1396 2579 1466 2614 quo
1489 2570 1594 2615 paulo
1615 2575 1696 2616 post

145 2630 300 2666 agemus.
331 2621 442 2668 Caput
457 2622 558 2664 anni,
581 2622 613 2657 si
627 2632 708 2657 vera
729 2626 814 2657 sunt
835 2633 924 2668 quae
939 2633 1002 2669 pro
1019 2623 1133 2659 Gazae
1149 2625 1322 2660 sententia
1336 2636 1443 2672 supra
1458 2625 1694 2671 disseruimus,

145 2677 190 2712 ab
206 2675 346 2714 Octobri
358 2678 492 2715 Iuliano
510 2678 698 2714 deducitur.
728 2678 820 2714 Nam
837 2679 1070 2725 Metsgitnion
1091 2680 1129 2715 in
1144 2680 1376 2717 Novembrern
1399 2684 1571 2720 convenit.
1601 2684 1694 2730 Ergo

143 2733 424 2771 Hecatombaeon
439 2735 625 2771 Octobrem
641 2739 805 2782 occupat,
824 2746 846 2770 a
862 2747 930 2782 quo
946 2747 1065 2772 mense
1081 2736 1431 2783 Syromacedonicam
1445 2740 1626 2786 periodum
1641 2753 1694 2777 or-

145 2790 237 2826 ditur
257 2789 422 2838 Scaliger.
467 2793 636 2830 Videntur
655 2796 736 2839 post
756 2792 1060 2828 Constantinianus
1082 2793 1288 2830 indictiones
1309 2807 1441 2832 novum
1461 2797 1547 2833 illud
1569 2798 1695 2834 Iuliani

146 2847 230 2882 anni
249 2847 475 2892 primordium
494 2850 659 2884 statuisse
687 2853 722 2884 et
741 2849 1078 2885 Hecatombaeonem
1099 2851 1136 2886 in
1154 2851 1454 2889 Maemacterionis
1474 2855 1591 2890 locum
1612 2856 1694 2891 sub-

145 2914 299 2949 rogasse.
329 2903 493 2952 Alioquin
507 2906 595 2942 nihil
616 2909 669 2941 est
686 2906 812 2941 certius
828 2917 934 2952 quam
947 2907 1259 2944 Hecatombaeonis
1274 2910 1346 2956 περὶ
1361 2908 1418 2951 τὰς
1433 2911 1556 2958 τροπὰς
1572 2911 1692 2959 θερινὰς

146 2961 351 2996 collocatum
367 2960 488 2999 fuisse.
518 2963 666 2998 Lunaris
688 2963 780 2998 enim
801 2963 1112 2999 Hecatombaeonis
1135 2967 1319 3002 neomenia
1333 2968 1400 3003 fnit
1413 2969 1491 3011 illa,
1515 2980 1605 3015 quae
1624 2971 1693 3004 sol-

147 3017 241 3052 stitio
257 3018 395 3064 propior
409 3022 517 3063 esset,
540 3023 613 3056 tam
634 3023 714 3055 ante
738 3030 844 3066 quam
865 3024 946 3067 post
965 3021 1151 3057 solstitium
1158 3035 1168 3066 ;
1188 3023 1224 3058 id
1245 3024 1337 3070 quod
1358 3024 1524 3061 adversus
1540 3026 1692 3073 Scalige-

1730 2362 1757 2388 p.
1771 2355 1829 2382 1³8.
