2008 3294
1534 198 1685 236 GCGXV

147 306 280 353 quando
296 317 355 340 nec
371 304 527 340 christo!
559 305 603 340 Et
623 305 735 341 multo
757 303 973 341 manifestius
995 303 1057 339 lib.
1079 303 1122 339 de
1145 303 1271 339 Anima
1292 313 1367 351 cap.
1380 314 1519 340 xum-2
1546 303 1638 344 Quia
1654 309 1686 338 ee

147 363 278 398 Dam'el
290 364 390 397 trium
404 362 645 397 hebdomadum
658 365 802 398 statione
817 363 911 402 aruit
922 362 1055 397 victum.

236 418 306 455 Sed
317 429 383 466 ego
390 419 576 455 stationem
584 418 1138 467 apudTertullianumpraesertim
1144 418 1347 464 religiosum
1358 417 1442 454 illud
1448 428 1525 453 esse
1530 417 1685 453 fidelium

147 476 301 513 officium
316 476 473 520 arbitror,
490 487 557 523 quo
570 477 671 512 certis
683 477 805 512 diebus
816 475 860 511 ad
871 475 1022 522 synaxin
1033 475 1214 518 adeuntes,
1229 475 1358 510 ibidem
1371 475 1415 510 ad
1430 486 1559 511 nonam
1573 486 1685 522 usque

144 533 427 581 perseverabant,
450 533 495 569 ad
518 544 623 580 quam
643 534 784 580 insuper
805 532 934 568 ieiunia
947 532 1192 579 producebant.
1226 531 1324 568 Unde
1339 535 1375 568 et
1388 543 1450 579 pro
1465 533 1685 568 multitudine

143 591 222 638 ipsa
243 594 482 637 conventuque
504 601 755 637 nonunquam
777 590 866 626 solet
887 589 1009 636 accipi.
1059 589 1137 624 Non
1160 600 1278 632 secus,
1306 589 1439 637 opinor,
1462 599 1504 626 ae
1525 590 1684 626 militaris

145 648 248 684 statio
263 651 336 684 tam
351 659 412 695 pro
428 647 520 691 loco,
545 659 650 694 quam
670 659 733 695 pro
756 647 871 683 standi
892 650 928 682 et
948 646 1143 682 excubandi
1163 646 1355 690 functione,
1377 646 1448 682 imo
1471 650 1506 682 et
1525 658 1587 694 pro
1608 647 1686 694 ipsa

145 705 286 742 militari
307 715 415 741 manu
437 704 529 752 apud
546 704 687 741 Latinos
710 707 906 752 usurpatur.
938 703 1056 739 Livius
1072 703 1132 740 lib.
1145 715 1309 740 xxxma:
1333 704 1558 739 Pabulatores
1573 705 1685 750 liqna·

146 769 294 809 torosque
309 762 456 797 Romani
469 765 505 797 in
521 774 594 797 eam
604 769 756 808 partem,
771 764 807 796 in
822 774 889 808 qua
903 761 1098 807 colloquium
1101 764 1256 807 suem-nm
1273 767 1358 803 erat,
1375 763 1469 797 ducti
1481 767 1568 803 eunt,
1583 764 1685 796 tutius

145 818 353 865 idficturum‘
369 819 510 854 tribunis
532 821 637 861 ratis,
661 821 741 866 quia
765 830 848 854 cosa.
865 819 1078 865 praesidium
1101 824 1134 855 et
1153 821 1261 864 ipsum
1283 831 1346 864 pro
1368 821 1511 853 statione
1533 819 1687 854 trabium·

146 882 255 919 eram,
269 889 365 911 suam
381 882 490 911 tamen
507 877 650 911 alteram
665 878 840 911 stationem
850 878 994 923 propius
1010 881 1128 910 castra
1145 885 1191 910 nc
1208 877 1348 921 equitum
1358 882 1555 921 posuerunt.
1578 876 1686 911 Erant

145 933 289 976 milites,
307 933 365 980 qui
380 933 556 980 aliquanto
572 943 594 968 a
610 933 730 969 castris
746 932 924 968 intervallo
941 932 985 968 ad
997 942 1118 968 eorum
1134 932 1278 967 tutelam
1294 932 1523 967 excubabant.
1556 933 1686 968 Eodem
1720 942 1748 966 ν·
1761 933 1819 960 ³⁵⁷-

145 990 248 1026 modo
264 989 534 1026 Christianorum
556 990 721 1026 stationes
744 993 816 1025 tam
837 1000 954 1026 sacrae
968 989 1048 1025 illae
1063 989 1184 1024 diebus
1200 989 1301 1024 certis
1316 990 1564 1025 excubationes
1580 1001 1685 1037 quam

144 1047 284 1094 ipsimet
298 1046 453 1083 fidelium
473 1050 661 1083 conventus
684 1046 857 1094 appellati.
890 1046 1031 1082 Tertull.
1046 1046 1083 1082 in
1099 1046 1190 1081 calce
1204 1046 1265 1082 lib.
1281 1046 1323 1081 de
1339 1046 1450 1083 Orat:
1473 1046 1514 1081 Si
1527 1051 1628 1082 seatio
1644 1050 1685 1083 de

145 1105 290 1140 militari
311 1105 456 1151 exemplo
479 1116 591 1139 nomen
616 1106 746 1151 accipit
767 1095 867 1147 (nam⁴
883 1109 916 1138 et
934 1105 1058 1139 micitia
1073 1104 1130 1138 den·
1142 1108 1278 1148 cunnus),
1301 1107 1412 1150 utique
1436 1105 1528 1138 nulla
1551 1106 1685 1140 laetitia

144 1163 214 1196 eive
231 1163 373 1196 trintina
389 1162 561 1196 obveniens
577 1163 701 1196 castr-is
715 1163 876 1196 stationes
890 1162 1030 1195 militum
1045 1161 1217 1195 rescindit.
1252 1159 1385 1202 Quibus
1408 1161 1521 1196 verbis
1545 1161 1685 1197 demon-

145 1221 246 1261 strat,
262 1229 498 1265 nequaquam,
513 1217 605 1266 quod
619 1219 724 1265 vulgo
739 1229 945 1266 persuasum
960 1221 1048 1261 erat,
1063 1218 1232 1253 stationes
1248 1217 1411 1253 dominici
1425 1219 1577 1265 corporis
1592 1230 1685 1254 eom·

144 1275 308 1311 munione
332 1275 489 1318 dissolvi,
518 1275 680 1323 quoniam
710 1275 873 1323 quicquid
900 1275 938 1310 in
961 1275 1096 1318 castris,
1106 1274 1255 1318 accidat,
1283 1275 1356 1310 sive
1382 1286 1588 1322 prosperum
1612 1277 1685 1312 sive

144 1332 259 1376 triste,
282 1332 440 1368 militaris
462 1331 686 1369 nihilominus
709 1333 812 1368 statio
836 1336 1040 1380 perseverat.
1077 1332 1261 1380 Perperam
1276 1332 1384 1378 igitur
1399 1331 1586 1369 Rhabanns
1602 1333 1685 1369 haec

143 1389 349 1436 posteriora,
365 1392 474 1435 utique
489 1390 582 1424 nulla
598 1390 734 1424 laetitia
749 1392 819 1425 sive
835 1392 977 1424 tristitia
993 1393 1070 1432 ete„
1091 1390 1186 1424 velut
1208 1400 1367 1424 caussam
1386 1390 1500 1426 attulit
1514 1401 1575 1426 cur
1590 1390 1685 1426 Chri-

144 1446 337 1482 stianorum
353 1446 456 1482 statio
473 1457 494 1482 a
509 1446 648 1482 militari
663 1458 789 1482 nomen
804 1447 1002 1493 accepisset.
1026 1446 1102 1489 Quo
1119 1446 1239 1482 eodem
1255 1458 1368 1482 errore
1380 1447 1554 1483 Pamelius
1570 1448 1613 1483 ad
1625 1449 1684 1484 lib.

145 1503 186 1539 de
202 1503 337 1539 Corona
351 1503 423 1540 Mil.
439 1514 515 1551 cap.
528 1516 576 1540 xr.
594 1504 779 1539 stationem
796 1503 879 1539 dicit
893 1514 955 1551 per
971 1503 1208 1550 metaphoram
1224 1515 1245 1539 a
1257 1504 1462 1539 militaribus
1477 1506 1684 1541 stationibus

144 1561 320 1608 usurpari,
343 1562 430 1607 quod
443 1562 591 1608 quandiu
606 1563 643 1596 in
657 1564 799 1596 statione
815 1562 936 1596 milites
955 1567 1067 1604 erant,
1090 1564 1244 1596 ieiunare
1266 1562 1344 1596 illos
1366 1563 1549 1608 oportebat.
1585 1562 1685 1605 Quod

144 1629 228 1653 sane
249 1617 433 1653 ridiculum
455 1620 518 1653 est.
551 1617 671 1664 Neque
685 1629 765 1654 vero
786 1618 907 1653 tandiu
926 1618 1104 1654 famelicos
1125 1629 1203 1654 esse
1224 1618 1463 1665 praesidiarios
1481 1620 1560 1654 illos
1576 1624 1610 1655 et
1625 1631 1686 1655 ex-

144 1675 317 1710 cubitores
334 1675 503 1710 exercitus
518 1675 627 1722 ipsius
643 1678 747 1721 atque
762 1675 978 1722 imperatoris
993 1675 1158 1712 interfuit.
1194 1675 1265 1711 Sed
1287 1687 1351 1711 nec
1371 1687 1393 1712 a
1407 1676 1507 1711 statis
1521 1678 1685 1724 tempori·

145 1732 209 1767 bus
232 1732 398 1768 stationes
421 1732 619 1767 nominatae
642 1732 811 1776 videntur,
835 1732 895 1767 sed
917 1733 962 1767 ab
985 1733 1063 1780 ipsa
1085 1732 1284 1775 assistendi,
1306 1732 1372 1768 hoc
1393 1737 1446 1768 est
1461 1734 1685 1769 conveniendi

144 1789 446 1835 commorandique
468 1789 660 1832 mnctione,
689 1789 780 1836 quod
806 1789 899 1824 ultra
923 1790 1117 1836 legitimum
1144 1800 1326 1836 synaxeon
1351 1794 1504 1837 tempus,
1527 1791 1685 1826 videlicet

142 1846 366 1888 matutinum,
389 1846 542 1881 divinum
566 1845 720 1882 officium
743 1846 787 1882 ad
805 1857 932 1882 nonam
949 1857 1059 1894 usque
1074 1847 1316 1894 producerent,
1339 1850 1375 1882 et
1396 1847 1625 1883 diuturniores
1647 1849 1685 1884 in

143 1903 308 1938 ecolessia
327 1914 444 1938 moras
466 1907 620 1950 agerent.
654 1903 755 1950 Apud
771 1903 982 1951 Cyprianum
995 1903 1104 1950 Epist.
1116 1916 1187 1940 ιιι.
1203 1904 1246 1939 ad
1262 1904 1459 1940 Cornelium
1473 1915 1599 1952 papam
1614 1910 1684 1940 sta-

142 1960 246 1996 tionis
257 1971 384 1996 nomen
394 1963 468 1996 tam
479 1960 521 1995 de
533 1964 704 1996 conventu
718 1961 807 2008 ipso,
824 1971 928 2007 quam
944 1961 986 1996 de
1001 1965 1156 2008 tempore
1170 1972 1212 1997 ac
1227 1961 1281 1997 die
1295 1965 1410 2008 potest
1423 1962 1587 2008 intelligi,
1603 1974 1684 1998 cum

143 2016 184 2052 de
206 2016 391 2053 Novatiani
411 2018 536 2064 legatis
559 2017 596 2052 in
610 2017 764 2053 Africam
786 2019 904 2055 missis
928 2029 1053 2064 agens:
1092 2018 1160 2059 Qua·
1174 2031 1247 2053 cum
1262 2022 1299 2053 in
1313 2022 1473 2063 statione,
1489 2020 1617 2066 inquit,
1632 2023 1683 2055 in-

141 2075 280 2109 vidiae-'e
294 2086 417 2121 quoque
433 2077 593 2109 conviciis
609 2081 640 2110 et
654 2076 857 2110 clamoribus
872 2076 1067 2110 turbulentis
1076 2082 1289 2122 proruerunt
1301 2079 1365 2112 etc.

230 2130 462 2173 Quamobrem
485 2132 651 2167 stationes
673 2143 745 2168 non
766 2132 893 2168 ieiunia
914 2133 992 2179 ipsa
1015 2137 1110 2175 sunt,
1137 2133 1199 2168 sed
1225 2144 1304 2169 cum
1329 2134 1467 2170 ieiuniis
1490 2134 1682 2170 coniuncta.

142 2185 344 2235 Quanquam
360 2188 488 2235 duplex
503 2189 709 2224 ieiuniorum
725 2199 835 2236 genus
852 2189 944 2236 apud
963 2190 1124 2236 antiquos
1138 2189 1214 2225 fuit.
1247 2190 1338 2226 Nam
1359 2191 1454 2226 aliud
1475 2191 1682 2237 exquisitius

142 2247 223 2288 erat,
239 2245 332 2291 quod
345 2246 500 2292 longius,
516 2245 581 2282 hoc
597 2250 649 2282 est
665 2246 708 2282 ad
719 2257 899 2294 vesperam
914 2258 1025 2294 usque
1039 2248 1301 2294 prorogabatur,
1318 2249 1370 2283 nti
1385 2248 1682 2294 quadragesimale

140 2301 318 2337 ieiunium.
347 2301 558 2350 Epiphanius
574 2303 666 2338 enim
680 2303 789 2346 infra,
804 2304 926 2339 eodem
940 2305 1008 2339 isto
1023 2315 1183 2348 numero,
1199 2315 1352 2350 synaxes
1368 2305 1682 2351 quadragesimales

140 2358 184 2393 ab
198 2356 284 2394 hora
297 2369 390 2394 nona
405 2359 448 2394 ad
461 2370 641 2406 vesperam
656 2371 765 2407 usque
781 2361 946 2396 celebrari
961 2361 1076 2404 docet,
1098 2365 1178 2396 ante
1200 2372 1287 2408 quas
1307 2373 1458 2407 synaxes
1474 2362 1604 2396 ieiunia
1618 2362 1683 2396 mi-

140 2415 233 2450 nime
249 2415 480 2452 solvebantur.
515 2416 616 2452 Aliud
631 2420 703 2452 erat
717 2418 818 2464 paulo
834 2418 1013 2454 remissius
1033 2428 1074 2453 ac
1089 2418 1242 2461 brevius,
1267 2418 1359 2465 quod
1381 2418 1423 2453 ad
1445 2429 1575 2453 nonam
1595 2418 1683 2454 dun-

140 2475 239 2507 taxat
259 2472 511 2519 produceretur,
534 2473 726 2510 cuiusmodi
746 2474 853 2510 feriae
875 2478 1016 2521 quartae
1033 2477 1221 2522 sextaeque
1236 2475 1404 2510 ieiunium
1419 2476 1575 2511 extitisse
1590 2475 1682 2511 idem

139 2528 354 2576 Epiphanius
370 2530 509 2564 asserit:
526 2531 654 2576 τετράδι
669 2530 704 2565 δὲ
720 2530 774 2565 καὶ
789 2529 821 2565 ἐν
837 2530 1060 2577 προσαββάτῳ
1077 2530 1108 2565 ἐν
1123 2531 1252 2578 νηστείᾳ
1268 2531 1328 2572 ἕως
1345 2531 1432 2579 ὥρας
1449 2531 1570 2576 ἐνάτης.
1593 2533 1682 2568 Hinc

140 2589 195 2622 est
207 2586 317 2633 quod,
340 2590 380 2621 ut
398 2597 442 2622 ex
458 2586 668 2622 Tertulliano
684 2588 910 2634 conspicuum
925 2591 988 2630 est,
1004 2588 1168 2623 stationes
1184 2600 1255 2623 non
1270 2589 1361 2623 ultra
1375 2599 1505 2624 nonam
1520 2589 1682 2625 extende-

140 2647 267 2678 rentur.
292 2642 366 2686 Quo
379 2643 518 2678 nomine
531 2654 552 2678 a
563 2643 739 2679 catholicis
747 2670 756 2687 ‚
773 2655 860 2690 quos
872 2643 1054 2691 psychicos
1065 2645 1224 2691 appellat,
1235 2645 1468 2681 Montanistae
1483 2645 1681 2693 reprehensi

141 2703 238 2744 sunt,
253 2711 315 2747 pro
332 2711 373 2735 eo
391 2700 481 2746 quod
497 2700 663 2735 stationes
680 2711 762 2736 suas
777 2701 821 2736 ad
836 2711 1016 2747 vesperam
1031 2701 1232 2747 proferrent.
1265 2702 1466 2738 Tertulliani
1480 2703 1586 2738 verba
1600 2708 1682 2739 sunt

139 2757 199 2794 lib.
217 2757 258 2792 de
273 2757 413 2792 Ieiuniis
429 2761 548 2792 contra
561 2756 703 2803 Psych.:
721 2758 835 2803 Aeque
845 2761 1006 2792 stationes
1018 2764 1168 2801 nostras,
1184 2765 1221 2793 ut
1230 2761 1408 2805 indiquas,
1424 2762 1588 2807 quasdam
1603 2774 1680 2796 vero

142 2819 174 2848 et
186 2817 223 2848 in
237 2825 347 2848 serum
362 2817 558 2849 constructas
574 2817 732 2849 novitatis
748 2817 876 2849 nomine
890 2817 1062 2856 incusant,
1086 2815 1148 2850 hoc
1168 2828 1290 2862 quoque
1305 2829 1420 2851 munus
1434 2824 1467 2852 et
1481 2829 1521 2852 ex
1537 2819 1681 2852 arbitrio

141 2870 321 2905 obeundum
337 2882 405 2905 esse
421 2872 581 2914 dieentes,
599 2879 630 2906 et
644 2884 708 2906 non
722 2872 814 2906 ultra
830 2883 950 2906 nonam
967 2873 1191 2915 detinendum,
1209 2874 1249 2908 de
1263 2885 1322 2908 suo
1337 2875 1470 2909 seilicet
1483 2887 1583 2911 more.
1612 2875 1680 2910 Ibi-

142 2927 220 2962 dem
241 2930 434 2974 praeterea:
461 2929 622 2974 Arquunt
642 2941 700 2963 nos
722 2930 810 2974 quod
830 2930 959 2963 ieiunia
980 2932 1126 2975 propria
1149 2931 1390 2972 custodiamus,
1413 2933 1500 2977 quod
1520 2935 1681 2966 stationes

135 2985 330 3031 plerumque
344 2986 380 3018 in
394 2996 567 3031 vesperam
577 2986 816 3031 producamus.
852 2984 927 3027 Quo
943 2985 979 3021 in
995 2986 1070 3020 loco
1086 2997 1158 3021 non
1171 2987 1292 3022 leviter
1304 2986 1533 3023 hallucinatus
1549 2993 1603 3023 est
1617 2988 1681 3022 Pa-

141 3040 281 3084 melius,
308 3040 391 3077 dum
412 3041 661 3078 Tertullianum
687 3053 749 3089 per
774 3042 985 3079 calumniam
1009 3041 1094 3078 haec
1119 3043 1156 3079 in
1183 3042 1394 3081 orthodoxos
1415 3045 1527 3081 iacere
1549 3045 1680 3088 scribit,
