2008 3294
195 444 224 469 p.
235 435 295 464 ³28.

330 213 450 251 OGXO

329 316 456 363 triplici
470 314 704 354 Antiochenae
726 314 890 350 ecclesiae
910 313 1056 350 divortio
1078 313 1218 349 eosdem
1233 323 1350 349 rerum
1365 311 1689 357 ecclesiasticarum
1694 311 1878 386 scriptores

330 374 502 409 consules.
1619 384 1622 386 ’
1734 366 1838 417 ,χέῃ

420 430 462 465 N.
477 442 583 465 xxxv.
617 427 708 472 Πλὴν
725 426 756 462 ἐν
773 427 817 462 ἑνὶ
833 427 947 475 μέρει]
993 427 1071 463 Νοιι
1086 431 1268 474 propterea
1283 400 1576 465 damnandustest
1584 398 1767 469 Mel-fles,
1782 425 1880 471 quod

330 489 447 522 locum
462 488 563 522 illum
579 497 625 520 ex
639 485 803 521 Proverb.
819 496 894 532 cap.
906 497 981 522 vm.
998 483 1016 518 ὁ
1034 483 1104 524 θεος
1120 481 1226 518 ἔκτισέ
1246 495 1286 530 με
1309 487 1384 526 etc„
1408 483 1450 521 de
1470 483 1626 538 &guenta
1647 482 1818 529 sapientia
1839 492 1880 519 ae

332 545 387 580 dei
402 545 507 579 verbo
523 544 768 589 interpretatus
783 542 896 579 fuerit.
941 542 1016 578 Hoc
1038 541 1130 576 enim
1153 541 1308 587 plerique
1330 544 1446 586 patres
1467 533 1639 584 iamt,
1662 543 1703 575 ut.
1723 539 1880 585 Ignatiue

331 602 464 646 Martyr
477 601 588 647 Epist.
605 599 648 634 ad
665 598 964 642 Trall.,‘Athanas.
983 599 1024 634 de
1039 599 1195 634 Decretis
1210 597 1384 632 Nicaeuae
1401 597 1532 643 Synodi
1549 601 1584 632 et
1599 597 1660 632 alii
1675 597 1881 642 complures.

420 658 462 695 N.
478 669 612 693 xxxvrr.
635 654 693 696 Ἐξ
709 655 817 690 αὐτῶν
833 655 895 702 γὰρ
914 654 1083 700 Εὖζώῖος.]
1118 654 1352 690 Caesariensis
1367 654 1433 689 iste
1449 652 1521 688 κατ’
1538 652 1783 698 ἀντιδιαστολὴν
1800 653 1882 689 dici·

331 719 397 758 tur,
413 719 453 750 ut
468 715 511 750 ab
525 715 632 749 altero
645 713 869 755 discernatur,
885 713 945 758 qui
960 723 1039 748 cum
1055 712 1220 746 diaconus
1233 711 1486 746 Alexandrinae
1502 714 1595 746 esset
1609 711 1785 754 ecclesiae,
1801 721 1883 747 cum

331 773 413 807 Ario
437 772 558 818 pulsus
580 774 705 817 postea
719 768 970 805 Antiochenam
993 769 1110 804 sedem
1135 769 1295 803 obtinuit.
1332 768 1378 803 At
1401 767 1634 803 Caesariensis
1657 767 1783 803 Acacio
1806 778 1882 802 suc-

332 829 457 863 cedens
472 838 709 863 successorem
724 827 798 873 ipse
817 826 996 862 Gelasium
1011 825 1142 868 habuit,
1157 829 1198 860 ut
1212 825 1349 860 Hieron.
1365 825 1426 860 lib.
1441 824 1483 859 de
1499 823 1623 876 Script.
1635 824 1769 861 Eccles.
1780 828 1883 860 tester

332 890 399 921 tur.
431 885 505 927 Quo
523 885 560 920 in
580 885 668 920 libro
689 884 810 920 Euzoii
830 885 972 930 insuper
992 884 1092 918 istius
1115 882 1274 919 meminit
1296 892 1446 927 eumque
1469 876 1590 916 scribit
1611 891 1692 916 eum
1713 881 1882 928 Gregorio

334 942 540 978 Nazanzeno
557 940 737 988 Thespesii
750 940 897 976 rhetoris
913 940 1105 976 auditorem
1121 939 1311 976 Caesareae
1326 938 1444 974 fuisse.
1477 937 1582 974 Cuius
1597 938 1694 975 urbis
1707 938 1884 986 episcopa-

331 1003 408 1034 tum
437 999 582 1046 adeptus
606 999 756 1046 plurimo
785 999 901 1033 labore
925 1004 1120 1043 corruptam
1144 996 1379 1031 bibliothecam
1406 995 1564 1040 Oriyenie
1593 1002 1623 1030 et
1644 995 1821 1042 Pamphila·
1846 998 1884 1034 in

332 1057 536 1091 membranis
550 1058 747 1091 instaurare
766 1061 909 1090 conatus
930 1060 996 1097 eet,
1020 1055 1069 1088 ad
1089 1059 1266 1089 extremum
1288 1053 1346 1087 sub
1369 1052 1551 1088 Theodosio
1562 1055 1723 1099 principe
1738 1053 1884 1087 ecclesia

331 1115 448 1160 pulsus
463 1119 522 1150 est.

423 1170 465 1206 N.
477 1181 627 1206 xxxviii.
653 1169 721 1204 Τοῦ
739 1168 800 1203 ὑπὸ
818 1167 982 1215 Γεωργίου
998 1170 1058 1203 τοῦ·
1074 1166 1341 1214 Ἀλεξανδρέως]
1371 1166 1531 1202 Socrates
1546 1166 1606 1203 lib.
1620 1177 1656 1202 ιι.
1674 1177 1748 1213 cap.
1760 1177 1884 1207 xxvm.

334 1230 369 1263 et
384 1227 522 1263 Sozom.
539 1227 599 1262 lib.
616 1239 663 1262 ιν.
680 1237 756 1272 cap.
773 1238 821 1262 ιι.
845 1225 985 1273 Aetium
1007 1225 1166 1260 scribunt
1188 1235 1210 1260 a
1231 1223 1376 1259 Leontio
1401 1223 1530 1260 evirato
1545 1222 1750 1260 Antiochiae
1771 1223 1885 1260 diaco-

332 1295 417 1320 num
434 1284 650 1327 ordinatum,
667 1283 760 1330 quod
775 1286 810 1318 et
825 1281 951 1318 Suidas
967 1293 1007 1318 ac
1022 1281 1237 1329 Nicephorus
1253 1281 1421 1328 sequitur.

587 1409 647 1445 AD
670 1408 902 1446 HAERESIM
923 1407 1093 1451 LXXIV„
1114 1406 1632 1454 PNEUMATOMAGHORUM.

424 1484 474 1518 De
496 1482 819 1518 Pneumatomachis
852 1493 1039 1530 eorumque
1065 1482 1219 1529 principe
1246 1481 1449 1517 Macedonio
1474 1481 1549 1528 agit
1571 1480 1732 1517 Socrates
1763 1480 1823 1517 lib.
1843 1493 1884 1518 rr.

336 1551 412 1587 cap.
425 1553 531 1576 xxxv.
548 1540 685 1576 Sozom.
701 1540 760 1576 lib.
774 1552 820 1577 ιν.
837 1544 910 1587 eap'.
923 1551 995 1575 xrx.

702 1665 762 1700 AD
785 1665 1016 1701 HAERESIM
1037 1664 1194 1708 LXXV„
1218 1663 1525 1700 AERIANORUM.

427 1740 468 1776 N.
485 1752 509 1776 1.
539 1737 648 1786 Ὅπερ
671 1737 702 1773 ἐν
723 1742 772 1785 τῷ
788 1739 905 1787 Πόντῳ
922 1739 1096 1784 zelatae]
1125 1739 1211 1775 Vide
1234 1739 1430 1775 Nazanzeui
1453 1739 1650 1787 elegantem
1670 1738 1767 1775 illam
1789 1738 1886 1775 Orat.

339 1797 409 1845 περὶ
426 1796 664 1843 ψιλοπτωχίας
680 1800 715 1831 et
729 1795 869 1831 Nicetae
885 1798 927 1833 ad
943 1808 1021 1833 eam
1037 1796 1206 1833 scholion.

427 1853 488 1888 Καὶ
503 1853 578 1894 τοὺς
590 1852 838 1899 λελωβημένους
854 1852 908 1887 καὶ
919 1851 1119 1898 acuitatem]
1139 1853 1280 1903 Proprie
1296 1850 1471 1894 ἀδυνάτους
1486 1853 1663 1900 appellant
1678 1855 1885 1891 cavanarias.

337 1911 423 1947 Vide
439 1911 744 1957 Harpocratiouem
761 1914 796 1945 et
810 1909 954 1957 Lysiam
967 1908 1060 1948 Orat.
1077 1909 1148 1957 περὶ
1164 1913 1223 1944 τοῦ
1238 1908 1428 1947 Ἀδυνάτου.

428 1968 577 2014 Νομίσειε
594 1966 624 2002 δ’
643 1964 680 2001 ἄν
696 1967 769 2014 ue]
814 1966 867 2010 De
883 1964 1064 2010 Euanthia
1079 1967 1270 2005 Sebasteno
1287 1967 1345 2003 adi
1359 1970 1494 2016 praeter
1509 1967 1820 2005 ecclesiasticarum
1834 1978 1886 2003 re-

338 2037 415 2061 rnm
432 2025 615 2071 scriptores
631 2023 802 2059 Basilium
817 2022 925 2070 Epist.
937 2033 1068 2066 xxxiv„
1084 2026 1119 2058 et
1133 2024 1208 2059 aliis
1225 2024 1433 2071 quibusdam
1448 2025 1686 2073 sequentibus.
1725 2025 1826 2062 nuno
1842 2025 1886 2061 ab

338 2083 447 2117 altero
469 2081 624 2117 eiusdem
646 2080 798 2116 nominis
819 2078 1018 2123 Eustathio,
1042 2080 1102 2126 qui
1123 2080 1160 2115 in
1178 2081 1372 2127 Gangrensi
1394 2081 1527 2128 synodo
1550 2081 1799 2119 condemnatus
1823 2085 1886 2125 est,

339 2139 512 2175 diversum
536 2149 612 2174 esse
636 2137 758 2185 probat
780 2136 946 2173 adversus
969 2135 1165 2180 Socratem,
1187 2136 1419 2175 Sozomenum
1443 2142 1478 2174 et
1504 2141 1674 2183 caeteros,
1700 2139 1740 2175 in
1761 2139 1885 2175 Annal.

338 2195 512 2232 Batonius
527 2194 571 2230 ad
587 2205 619 2230 a.
631 2193 709 2230 319.

429 2250 549 2293 Ἔδοξε
565 2250 601 2286 δὶ
616 2250 669 2286 καὶ
677 2251 767 2299 πρὸς
785 2250 955 2298 Λιβίριον]
981 2249 1222 2286 Macedoniani
1237 2251 1300 2286 sub
1314 2251 1457 2289 Valente
1472 2252 1678 2300 imperatore
1693 2252 1737 2289 ab
1749 2253 1887 2289 Arianis

341 2309 497 2357 oppressi
513 2309 647 2355 legatos
663 2307 706 2343 ad
722 2307 898 2344 Liberium
914 2318 1041 2355 papam
1057 2306 1245 2350 destinant,
1266 2307 1485 2344 Eustathium
1505 2307 1753 2354 Sebastenam,
1776 2310 1888 2347 Silva-

341 2379 425 2403 num
437 2366 644 2402 Tarsensem
659 2369 694 2401 et
709 2365 812 2408 alios,
826 2375 887 2412 per
904 2375 990 2412 quos
1007 2362 1049 2404 εἰς
1065 2363 1103 2398 τὸ
1121 2361 1275 2411 ὃμούσιον
1291 2365 1545 2405 consentientes
1559 2367 1688 2414 recepti
1703 2370 1794 2403 eunt.
1817 2366 1886 2403 Sed

341 2434 383 2459 ea
405 2422 549 2459 consilia
569 2422 614 2459 ab
630 2421 787 2459 Eudoxio
809 2425 931 2470 postea
953 2420 1146 2457 disturbata
1166 2424 1257 2457 eunt.
1288 2421 1373 2457 Vide
1396 2421 1572 2459 Socratem
1594 2423 1654 2460 lib.
1670 2436 1722 2461 nr.
1745 2434 1821 2472 cap.
1837 2435 1888 2461 ιι.

341 2479 542 2517 Eustathius
557 2491 659 2528 porro
675 2478 802 2516 Liberii
821 2478 994 2526 pontificis
1016 2477 1124 2514 literis
1146 2477 1254 2515 fietus
1278 2477 1314 2514 in
1329 2478 1518 2525 Tyranenai
1540 2480 1686 2518 concilio
1708 2481 1887 2518 restitutu-

342 2541 404 2573 ent.
436 2536 586 2573 Basilius
603 2537 638 2572 in
654 2536 762 2584 Epist.
777 2547 887 2574 mxxix.
905 2539 940 2571 et
956 2547 1098 2572 cxxxiv.

432 2592 472 2631 N.
490 2605 540 2630 nr.
572 2592 633 2629 Καί
658 2605 751 2640 φησι,
776 2592 806 2628 τί
829 2590 913 2628 ἔστιν
937 2591 1139 2637 interamnem]
1187 2591 1301 2629 Habes
1325 2592 1362 2629 in
1380 2590 1537 2629 aeriani·
1561 2603 1763 2642 expressam
1784 2594 1887 2631 huius

344 2651 508 2699 temporis
524 2649 773 2686 haereticorum
789 2650 989 2698 imaginem.
1025 2647 1136 2693 Quare
1159 2659 1238 2685 cum
1259 2648 1396 2686 illorum
1421 2648 1599 2696 dogmata,
1621 2651 1746 2698 quibus
1769 2662 1886 2688 recen·

344 2709 447 2743 tiores
465 2707 522 2743 isti
537 2708 806 2755 patrocinantur,
822 2706 1018 2743 damnatae
1032 2705 1158 2742 refellit
1169 2704 1396 2754 Epiphanius,
1411 2706 1551 2754 plenum
1567 2707 1745 2754 gravitatis
1761 2709 1886 2746 autori-

345 2765 493 2811 tatinque
509 2764 672 2800 iudicium
689 2764 725 2800 in
741 2762 906 2800 eosdem'
897 2774 991 2812 ipsos
1006 2762 1217 2811 pronuntiat.

435 2819 475 2855 Τ·
464 2834 500 2865 ην
518 2819 703 2868 οἰκονομίαν
720 2822 775 2866 τῆς
791 2819 968 2867 λατρείας]
999 2819 1088 2863 Quid
1103 2819 1148 2856 sit
1163 2820 1295 2856 dicetur
1310 2819 1354 2856 ad
1368 2787 1630 2867 Expositienem
1646 2820 1750 2859 Fidei.

436 2876 475 2912 N.
493 2889 537 2913 ιν.
563 2876 621 2912 Καὶ
638 2876 686 2912 ὅτι
703 2876 759 2925 μὶν
776 2875 957 2926 ἀφροσύνης
973 2874 1084 2923 ἱστίη]
1112 2876 1307 2924 Disputavit
1321 2876 1362 2914 de
1377 2886 1420 2913 ea
1434 2877 1634 2924 quaestione
1650 2878 1887 2925 copiosissime

347 2932 515 2970 Beroniun
533 2933 575 2968 ad
590 2945 720 2970 annum
738 2946 840 2978 rvm,
864 2933 922 2970 ubi
937 2933 1177 2970 difficillimum
1194 2945 1238 2971 ex
1253 2933 1450 2980 Hieronymi
1474 2934 1655 2971 autoritate
1674 2935 1804 2973 nodum
1818 2936 1886 2972 dis·

347 2989 466 3034 solvit,
486 2989 544 3036 qul
564 2990 600 3027 in
613 2989 768 3049 §pi-tola
784 3001 912 3027 cxxxv.
929 2990 971 3027 ad
988 2989 1177 3039 Evagrium
1190 2989 1277 3029 nihil
1291 2990 1373 3028 olim
1389 2990 1570 3039 episcopos
1586 2991 1674 3028 inter
1689 3002 1730 3028 ac
1746 2993 1885 3040 presby·

348 3051 437 3083 teron
454 3046 561 3083 sunno
577 3045 782 3082 discriminis
799 3046 990 3084 affirmasse
1006 3046 1148 3084 videtur.
