2008 3294
204 630 232 656 p.
244 622 303 649 225.

337 225 511 264 CXCVIII

337 333 436 374 sunt,
453 333 488 365 et
503 340 524 364 a
539 329 683 364 caeteris
697 329 945 376 interpretibus
962 329 1105 372 omissa,
1128 340 1208 364 cum
1224 329 1260 363 in
1275 327 1430 363 Hebraeo
1445 328 1589 364 minime
1604 328 1830 375 reperiantur,
1850 330 1891 364 ut

336 390 485 422 testatur
503 387 676 421 Eusebius
697 386 758 421 lib.
770 398 820 422 ιι.
838 385 880 421 de
902 385 1099 422 Demonstr.
1114 386 1248 431 Evang.
1294 385 1369 420 Iam
1393 395 1474 421 vero
1497 396 1559 432 pro
1582 384 1653 428 his,
1678 384 1890 432 προςεδέξατο

339 444 438 478 αὐτὸν
455 447 534 487 etc.,
557 443 728 489 quaedam
751 443 831 479 edit.
848 442 1024 479 habebant
1046 443 1131 478 olim
1153 441 1188 477 ὃν
1205 441 1386 489 ᾗρέτισενὴ
1409 441 1499 489 ψυχή
1521 454 1601 489 μου,
1622 442 1676 478 Al.
1695 440 1731 476 zv
1747 441 1890 489 ᾑρέτισα,

339 499 380 541 εἰς
397 500 433 535 ’ὄν
448 499 629 544 ἡυδόκησεν
646 503 710 535 etc.
1635 546 1638 549 ι

427 557 470 592 Ν.
478 570 526 593 v1.
543 555 713 604 ’Ὢσπεργε
730 559 823 604 κακῷ
840 557 909 592 κυνὶ
925 553 1030 604 ὄνομα
1045 557 1156 602 λέων]
1181 556 1334 603 Insignis
1351 556 1396 592 ad
1411 556 1557 592 eandem
1572 556 1781 592 sententiam
1795 555 1892 591 locus

338 619 391 650 est
407 626 453 650 ex
468 614 618 649 Helladii
633 613 917 650 Chrestomathiis
933 615 1026 662 apud
1040 614 1216 650 Photium:
1233 611 1313 648 “Ort
1324 613 1363 648 τ“ο
1380 612 1425 660 μὴ
1441 612 1545 660 λέγειν
1563 613 1714 660 δῦςφημα
1729 613 1809 648 πᾶσι
1824 614 1892 653 τοῖς

339 672 491 712 παλαιοῖς
509 671 565 718 μὲν
583 671 712 718 φροντὶς
728 667 784 718 ἦν,
808 669 950 718 μάλιστα
973 670 1008 706 δὲ
1023 673 1091 712 τοῖς
1107 670 1298 715 Ἀθηναίοις.
1335 669 1392 704 Διὶ)
1409 669 1463 705 καὶ
1477 669 1516 704 τὸ
1534 669 1756 717 δεσμωτήριον
1773 668 1894 717 οἴκημα

338 727 488 775 ἐκάλουν,
506 728 560 762 καὶ
575 728 632 762 τὀν
650 728 766 775 δήμιον
782 727 901 775 κοινὸν,
917 728 974 769 τὰς
991 728 1026 763 δὲ
1042 727 1208 776 Ἐριννύας
1223 726 1419 775 Εὐμενίδας,
1439 725 1462 772 ἥ
1478 725 1602 774 Σεμνὰς
1618 726 1708 774 θεὰς,
1725 726 1763 761 τὸ
1781 726 1816 762 δὲ
1832 729 1894 774 μῦ-

339 799 395 826 σος
413 783 510 832 ἄγος,
527 785 565 820 τὸ
583 784 619 820 δὲ
635 782 708 826 ὅξος
725 785 818 832 μέλι,
843 785 896 820 καὶ
912 784 970 830 τὴν
986 785 1092 832 χολὴν
1108 785 1274 832 γλυκεῖαν,
1297 784 1354 819 τὸν
1371 782 1407 819 δὲ
1423 783 1583 831 βόρβορον
1600 780 1716 831 ὃχετὶιν
1732 787 1797 820 etc.
1842 784 1896 820 Ita

339 843 432 890 apud
447 843 624 879 Hebraeos
640 846 808 885 *qv-inv.)
824 845 877 878 est
892 853 1033 885 caecus,
1050 854 1131 878 cum
1148 846 1182 877 et
1196 842 1333 877 radium
1349 840 1525 888 significet
1539 852 1562 876 s
1576 841 1770 888 splendore.
1795 840 1895 884 Quod

338 912 420 935 vero
436 901 507 935 mel
521 903 661 936 acetum
676 900 769 947 apud
783 900 918 935 Atticos
935 900 1065 934 dictum
1087 900 1150 943 sit,
1171 899 1207 935 id
1231 911 1277 934 ex
1291 899 1403 935 Plinio
1421 897 1618 934 confirmari
1631 909 1735 945 posse
1749 898 1894 941 videtur,

340 958 399 1004 qui
414 958 531 993 lib.xr.
547 969 697 1004 cap.xv„
713 957 750 992 in
767 957 861 992 omni
877 958 979 992 melle
995 957 1087 1003 quod
1101 968 1163 1004 per
1179 968 1216 992 se
1232 955 1328 1000 fluit,
1345 959 1482 991 acetum
1494 955 1563 990 dici
1576 958 1757 992 memoret.
1780 954 1894 998 Quan-

340 1025 446 1061 quam
461 1025 526 1050 nos
544 1026 682 1049 acerum
696 1014 885 1060 legendum
902 1025 979 1050 esse
996 1014 1248 1061 disputavimus
1265 1014 1310 1049 ad
1323 1012 1565 1049 Themistium.

595 1117 656 1152 AD
679 1117 912 1153 HAERESIM
934 1117 1064 1160 LV111.,
1089 1116 1208 1159 QUAE
1230 1116 1316 1152 EST
1334 1115 1636 1152 VALESIORUM.

430 1185 474 1221 N.
488 1198 513 1222 1.
545 1185 606 1220 Καὶ
621 1185 660 1219 τὸ
678 1185 735 1232 μὲν
753 1182 859 1232 ὄνομα
874 1184 1072 1232 Ἀραβικὸν]
1105 1185 1179 1220 Ιιιιο
1194 1185 1358 1220 Latinum
1382 1185 1518 1220 Valens.

431 1242 494 1276 Καὶ
510 1242 604 1276 αὐτοὶ
621 1242 656 1277 δὲ
672 1243 744 1288 περὶ
760 1241 902 1289 ἀρχῶν.]
933 1242 1078 1278 Videtur
1092 1241 1252 1278 nonnihil
1268 1241 1405 1286 deesse,
1421 1242 1514 1289 quod
1529 1252 1700 1289 suspensa
1714 1241 1759 1277 sit
1773 1241 1897 1277 horum

339 1300 524 1335 verborum
540 1301 729 1342 sententia,
747 1299 852 1339 οὔτως
869 1298 1052 1340 δοξάζουσι.

431 1357 493 1391 Καὶ
509 1356 562 1390 ἐπὶ
593 1356 782 1403 συμψελίοις
799 1356 981 1401 δήσαντες.]
1025 1356 1098 1392 Aut
1112 1356 1318 1403 depravata,
1341 1359 1404 1392 aut
1422 1356 1545 1404 ignota
1558 1355 1645 1392 mihi
1659 1367 1729 1392 vox
1746 1358 1800 1392 est
1815 1367 1898 1402 συμ-

342 1413 415 1448 -ἐλί
406 1426 473 1454 οις.
505 1414 545 1448 Ιιι
563 1425 632 1460 qua
647 1413 917 1448 divinationibus
933 1424 974 1448 ac
990 1413 1196 1449 coniecturis
1212 1414 1329 1449 ludere
1343 1413 1446 1449 facile
1462 1417 1526 1449 est.

430 1470 472 1508 N.
490 1483 541 1506 111
572 1469 674 1506 Ὅσοι
691 1469 726 1505 δὲ
743 1469 784 1510 εἰς
800 1482 838 1505 το
856 1471 1058 1518 πρόχειρον]
1105 1470 1300 1518 Exscripsit
1313 1471 1405 1507 hunc
1420 1470 1606 1518 Epiphanii
1619 1444 1735 1506 locum
1750 1469 1897 1506 Anasta-

341 1528 414 1563 sius
436 1528 621 1575 episcopus
643 1527 795 1563 Nicenus
820 1527 884 1570 Qu.
901 1539 1021 1564 nxnx.
1043 1532 1127 1564 tom.
1139 1541 1165 1564 1.
1186 1527 1278 1564 Bibl.
1292 1527 1357 1565 PP.
1373 1529 1435 1564 ubi
1453 1527 1711 1565 Matth.1ocum
1730 1528 1832 1564 illum
1851 1538 1898 1563 ex

341 1596 417 1634 cap.
431 1598 503 1623 x1x.
520 1586 750 1634 plurimorum
764 1588 903 1633 patrum
920 1585 1071 1621 collectis
1088 1585 1269 1621 sententiis
1283 1585 1443 1621 illustrat.

574 1735 635 1770 AD
659 1734 893 1771 HAERESIM
913 1734 1020 1778 LIX„
1043 1734 1163 1778 QUAE
1186 1734 1270 1771 EST
1293 1733 1667 1771 NOVATIANORUM.

477 1815 535 1851 De
564 1816 872 1863 poenitentiae
895 1818 1043 1851 vetere
1071 1815 1115 1851 in
1145 1815 1332 1851 ecclesia
1361 1815 1532 1851 ratione
1562 1814 1764 1851 diatriba.

774 1918 871 1959 Quae
877 1921 991 1965 suerit
1006 1918 1279 1954 Novatianorum
1296 1919 1472 1955 Haeret-is.

432 1987 697 2022 Ecclesiasticae
713 1987 763 2022 rei
778 1986 1036 2034 functionisque
1057 1988 1245 2035 praecipua
1266 1998 1348 2035 pars
1371 1987 1586 2034 poenitentis
1607 1986 1752 2033 eiusque
1775 1996 1842 2021 usu
1865 1988 1900 2021 et

343 2043 641 2080 administratione
665 2044 871 2079 continetur.
920 2044 1107 2079 Testantur
1122 2044 1157 2079 id
1172 2044 1343 2092 imprimis
1359 2047 1478 2080 vetere.
1493 2043 1610 2080 omnia
1625 2043 1771 2079 concilis
1785 2046 1820 2078 et
1834 2041 1899 2078 SS.

342 2101 406 2138 PP.
424 2101 561 2137 decreta
569 2128 578 2145 ‚
594 2112 682 2148 quae
698 2100 763 2136 hac
778 2101 813 2137 in
827 2111 898 2136 une
909 2111 946 2136 re
959 2100 1185 2148 gubernanda
1196 2104 1231 2136 et
1242 2101 1485 2137 constituenda
1495 2100 1715 2148 potissimum
1727 2099 1899 2143 laborant,

344 2169 384 2193 ac
408 2158 450 2193 de
473 2159 727 2206 poenitentium
749 2158 854 2193 variis
880 2158 1058 2194 ordinibus
1082 2161 1117 2193 et
1139 2157 1321 2204 gradibus,
1349 2157 1460 2204 deque
1487 2158 1705 2204 singulorum
1732 2161 1898 2205 tempore,

343 2215 447 2251 modo
471 2226 511 2251 ac
535 2216 669 2251 ratione
693 2215 846 2251 studiose
870 2216 1119 2262 praescribunt.
1166 2214 1278 2258 Quem
1303 2214 1442 2262 quidem
1459 2214 1665 2250 christianae
1696 2214 1899 2262 disciplinae

342 2277 487 2319 partem,
503 2283 642 2320 unaque
658 2276 692 2308 et
708 2273 873 2309 ecelesiae
889 2276 1098 2320 potestatem
1111 2282 1324 2319 oppugnare,
1342 2275 1381 2307 ut
1393 2271 1476 2307 olim
1487 2270 1685 2316 Novatieni‚
1701 2272 1752 2307 sic
1763 2275 1899 2308 nostra-

343 2335 395 2364 tes
412 2329 574 2365 haeretici
591 2330 687 2366 omni
703 2341 768 2377 ope
783 2341 825 2366 ac
841 2330 975 2366 ratione
991 2333 1171 2367 conantur.
1220 2327 1316 2372 Quae
1336 2327 1422 2365 mihi
1443 2338 1567 2364 causes
1581 2329 1668 2364 satis
1683 2328 1808 2365 idonee.
1822 2328 1900 2365 viss

345 2391 414 2430 est,
437 2397 497 2422 cur
519 2387 560 2422 de
577 2388 792 2434 poenitentia
806 2387 883 2434 ipss.
898 2387 941 2423 ad
957 2386 1046 2422 hene
1061 2386 1333 2422 Novatianorum
1348 2384 1518 2422 haeresim
1533 2385 1669 2433 plenius
1684 2385 1814 2433 aliquid
1828 2386 1899 2422 vel·

345 2444 413 2479 lem
430 2444 637 2491 uberiusque
655 2444 832 2480 disserere.
856 2444 975 2492 Neque
987 2455 1068 2480 vero
1082 2454 1169 2492 quae
1182 2443 1225 2479 ad
1238 2454 1316 2479 eam
1329 2443 1493 2487 attinent,
1507 2442 1669 2478 universa
1680 2443 1898 2490 complectar,

347 2500 405 2535 sed
430 2511 472 2536 ea
495 2501 627 2536 scilicet
646 2502 815 2548 attingam
832 2512 921 2549 quse
938 2501 981 2537 ad
999 2499 1226 2537 Gatharorum
1241 2499 1413 2536 haeresim
1428 2502 1532 2547 stque
1547 2498 1732 2547 Epiphanii
1747 2499 1898 2547 dispute-

301 2596 308 2604 ,
346 2559 476 2594 tionem
493 2557 730 2594 illustrandam
746 2559 940 2595 necessaria
954 2558 1123 2595 videntur.
1150 2558 1199 2594 Ac
1215 2558 1366 2606 primum
1382 2556 1424 2593 de
1438 2556 1530 2593 iliius
1545 2561 1660 2592 sectae
1677 2567 1717 2592 ao
1733 2555 1898 2592 schisma-

347 2616 391 2651 tis
408 2619 547 2659 autore,
563 2614 672 2661 deque
689 2614 762 2651 eius
779 2615 942 2663 dogmate
958 2626 1070 2663 peuce
1085 2614 1257 2663 quaedam
1273 2626 1292 2651 e
1307 2614 1426 2651 multis
1441 2612 1582 2650 libanda
1596 2617 1689 2650 sunt.

438 2672 474 2708 ln
492 2683 560 2719 quo
573 2671 756 2719 plerosque
768 2677 921 2709 veterum
934 2676 1082 2720 petrum,
1098 2683 1139 2709 sc
1151 2672 1372 2721 potissimum
1386 2670 1607 2713 Grseoorum,
1625 2670 1805 2707 eberrseee
1817 2682 1898 2707 con-

347 2733 432 2771 stet,
456 2730 515 2776 qui
531 2729 617 2764 duos
634 2732 749 2764 sectae
765 2728 866 2764 huius
882 2729 1085 2766 architectos
1102 2730 1137 2766 in
1161 2740 1271 2766 uuum
1286 2729 1448 2772 miscent,
1471 2727 1695 2764 similitudine
1717 2728 1899 2764 nominum

347 2786 495 2833 decepti,
512 2785 685 2821 Novarum
702 2790 736 2821 et
752 2785 994 2824 Novatisnum.
1044 2786 1197 2830 Quorum
1212 2786 1270 2823 ille
1286 2785 1468 2823 Afriomm
1492 2785 1674 2832 epiecopus
1695 2785 1778 2829 fuit,
1799 2786 1898 2822 euius

348 2842 583 2890 turpissimam
605 2853 645 2878 se
661 2841 970 2890 sssgitioeissimam
985 2844 1109 2888 vitam,
1131 2843 1296 2880 avaritIae
1318 2842 1452 2887 sordes,
1473 2841 1727 2886 credulitatem,
1748 2842 1900 2879 nefanda

348 2899 531 2948 parricidia
543 2899 705 2935 describit
718 2899 912 2947 Cyprianus
927 2900 1032 2948 Epist.
1047 2913 1142 2939 χιιι.
1175 2900 1268 2937 idem
1283 2910 1382 2945 vero,
1398 2909 1476 2936 cum
1492 2899 1528 2936 in
1544 2899 1721 2947 lapsorum
1737 2900 1898 2947 grstiem,

349 2967 437 3005 quos
454 2955 647 3003 Cyprianus
663 2957 875 2993 diuturniore
891 2958 1127 3006 eeverioreque
1144 2957 1326 3006 discipline
1344 2955 1550 2993 coercendos
1573 2956 1788 3000 decreverat,
1810 2956 1899 2993 Feli-

350 3013 511 3050 cissimus
528 3013 707 3060 presbyter
723 3012 874 3050 echisms
890 3012 1092 3059 conflasset,
1115 3014 1158 3051 ad
1180 3013 1283 3058 huius
1305 3013 1490 3052 swtionem
1507 3012 1753 3050 adhaerescens
1769 3013 1898 3050 Africa-

349 3081 431 3107 nsm
454 3070 624 3118 imprimis
648 3069 828 3106 ecciesiem
853 3071 1065 3117 permiscuit.
1110 3071 1192 3108 Inde
1214 3070 1360 3107 Romam
1384 3070 1553 3117 navigans
1576 3070 1806 3107 Novetisnum
1827 3070 1897 3107 illie
