2008 3294
276 197 340 234 CX

276 301 443 336 decretus.
473 300 538 335 Hic
553 302 608 334 est
618 298 721 334 Urbis
737 309 850 335 annus
865 308 1018 343 nccvu„
1040 310 1108 346 quo
1124 297 1402 334 Alexandrinum
1422 298 1553 335 bellum
1574 301 1750 346 patratum
1765 300 1829 342 est,

275 362 315 393 ut
330 370 374 393 ex
390 357 535 404 Iosepho
552 357 737 403 colligitur.

365 414 496 449 Eodem
511 425 602 449 anuo
612 440 621 457 ,
636 417 677 448 nt
689 413 859 460 Iosephus
874 424 950 462 cap.
963 426 1049 449 xvir.
1066 413 1202 456 scribit,
1218 412 1402 460 Antipater
1411 413 1621 449 Phasaelum
1634 413 1830 459 Hierosoly-

275 472 342 507 mis
363 471 535 518 praeficit,
551 471 679 506 Herodi
696 470 888 507 Galilaeam
903 471 1103 513 committit,
1120 470 1184 516 νέῳ
1200 469 1404 505 παντάπασιν
1422 467 1499 505 ὄντι·
1519 469 1554 505 ιε’
1572 470 1635 518 γὰρ
1652 469 1744 516 αὐτῷ
1761 468 1830 516 ἐγε-

277 530 365 575 γόνει
380 530 467 575 μόνα
483 526 549 572 ἔτη.
576 527 804 564 Manifestum
818 529 856 564 in
869 539 1015 564 numero
1031 527 1197 563 mendum
1213 530 1282 571 est,
1299 528 1392 574 quod
1407 528 1550 564 eruditis
1565 528 1649 563 viris
1665 527 1831 570 suboluit,

277 591 312 620 et
327 584 374 620 κε’
391 597 454 632 pro
477 583 512 620 ιε’
534 585 765 622 scribendum.
811 586 911 621 Certe
933 597 1011 620 cum
1032 588 1112 620 ante
1136 595 1268 620 annum
1291 584 1394 621 Urbis
1410 596 1532 622 ncxcr.
1553 588 1676 620 natum
1697 587 1833 620 constet

275 643 465 686 Herodem,
488 654 580 678 anno
603 643 664 678 illo
681 653 817 680 necyn.
842 643 1015 678 decimum
1039 646 1200 678 octavum
1223 642 1348 678 saltem
1371 643 1546 690 attigerat.
1577 642 1623 677 At
1637 653 1719 677 vero
1742 651 1832 688 quae

276 704 348 736 toto
364 701 424 735 illo
440 712 526 736 ινιτ.
549 701 661 747 capite
682 701 727 736 ab
747 697 881 736 Herode
905 704 1006 747 gesta
1027 703 1274 743 memorantur,
1297 711 1369 735 non
1390 711 1537 747 puerum
1557 699 1747 742 Herodem,
1770 697 1832 733 sed

275 758 436 793 iuvenem
459 757 637 795 exhibent.
682 757 803 804 Neque
826 758 971 792 dubium
995 760 1063 800 est,
1087 757 1171 802 quin
1194 767 1265 792 vox
1288 756 1361 791 νέου
1383 757 1519 792 virilem
1541 757 1648 792 etiam
1670 758 1832 798 aetatem,

275 816 386 850 multo
402 815 518 862 magis
533 815 750 851 iuventutem
764 815 950 862 significet.
982 814 1059 856 Qua
1073 814 1206 849 ratione
1222 813 1350 849 Saulus
1365 814 1440 850 Act.
1453 826 1515 851 vn.
1531 814 1655 854 νεανίας
1670 816 1832 856 vocatur3

276 884 347 908 non
364 873 457 919 quod
471 873 680 908 vocabulum
695 872 790 908 istud
804 872 956 907 ferocem
979 883 1020 906 eo
1042 872 1119 907 loco
1143 875 1179 906 et
1201 871 1369 907 audacem
1392 872 1552 907 declaret.
1596 871 1717 918 Friget
1738 870 1832 905 enim

276 930 361 965 haec
377 930 629 977 interpretatio.
661 929 797 977 Quippe
812 930 893 965 licet
908 929 1031 969 νεανίας
1046 929 1221 964 interdum
1236 939 1278 964 ea
1297 929 1438 965 notione
1461 931 1628 972 sumatur,
1650 938 1833 974 nunquam

276 991 395 1023 tamen
411 988 485 1022 sine
502 987 720 1023 substantivo
737 987 853 1034 aliquo
863 1013 873 1030 ‚
894 992 980 1033 puta
997 983 1112 1032 ἀνδρὸς
1126 987 1182 1022 vel
1198 986 1303 1033 λόγου
1333 990 1398 1022 etc.
1441 986 1543 1033 Apud
1556 985 1688 1022 Lucam
1705 988 1833 1029 autem,

275 1045 338 1080 nbi
359 1045 519 1080 absolute
539 1045 681 1092 ponitur
702 1044 854 1091 idipsum
878 1047 933 1079 est
954 1043 1046 1091 quod
1066 1044 1236 1090 interpres
1260 1047 1378 1079 noster
1406 1044 1595 1091 expressit,
1623 1044 1830 1078 adolescens.

276 1102 378 1149 Apud
394 1102 623 1138 Censorinum
635 1102 743 1138 Varro
760 1101 1007 1148 quadrifariam
1022 1100 1173 1136 hominis
1190 1105 1339 1137 aetatem
1354 1101 1513 1154 partitur,
1534 1104 1572 1136 et
1587 1100 1773 1148 pueritiam
1789 1099 1833 1135 ad

277 1171 408 1195 annum
424 1172 500 1203 xv„
515 1159 596 1194 inde
612 1159 656 1194 ad
671 1171 754 1194 xxx.
770 1159 1040 1194 adolescentiam
1055 1158 1185 1194 definit.

365 1217 450 1252 Post
470 1216 558 1252 haec
581 1227 604 1251 a
625 1216 734 1252 Sexto
759 1215 906 1251 Caesare
928 1215 1146 1262 Coelesyriae
1169 1216 1368 1263 praeficitur
1388 1215 1558 1260 Herodes,
1582 1215 1704 1251 eodem
1726 1226 1832 1251 anno.

276 1274 386 1310 Credo
403 1273 602 1321 quindecim
622 1285 794 1309 annorum
812 1284 960 1320 puerum
975 1273 1154 1308 Romanus
1169 1273 1360 1320 Imperator
1376 1273 1560 1321 στρατηγὸν
1575 1273 1721 1308 faceret:
1746 1276 1833 1315 esto,

278 1332 314 1367 id
329 1332 365 1367 in
380 1332 495 1379 priore
511 1331 674 1377 exemplo
690 1333 834 1377 paterno
849 1330 962 1377 possit
977 1331 1089 1365 amori
1102 1330 1409 1377 indulgentiaeque
1423 1330 1541 1366 tribui.
1570 1330 1711 1373 Iterum,
1726 1332 1767 1365 ut
1779 1340 1833 1364 re-

275 1390 343 1425 fert
358 1400 433 1436 cap.
446 1401 520 1425 xxx.
531 1415 540 1432 ,
557 1399 578 1423 a
594 1388 702 1423 Bruto
720 1391 754 1423 et
770 1387 889 1423 cassio
907 1387 1062 1423 eiusdem
1079 1387 1298 1434 Goelesyriae
1314 1387 1497 1434 στρατηγὸς
1514 1391 1651 1424 creatus
1667 1390 1737 1431 est,
1753 1398 1833 1423 cum

275 1446 467 1490 mandatis,
483 1449 523 1481 ut
538 1446 729 1481 exercitum
745 1444 909 1480 adversus
924 1445 1123 1492 Augustum
1139 1448 1175 1480 et
1190 1445 1380 1480 Antonium
1395 1445 1642 1489 conscriberet,
1662 1445 1756 1480 facta
1771 1455 1832 1491 po-

276 1504 389 1539 tiundi
410 1504 513 1550 regni
533 1514 595 1550 spe
610 1506 691 1550 post
705 1503 928 1549 impetratam
942 1502 1136 1538 victoriam.
1169 1501 1244 1544 Quo
1259 1506 1417 1549 tempore
1431 1501 1590 1539 Malchus
1607 1502 1718 1538 Arabs
1735 1502 1832 1537 Anti-

275 1566 414 1608 patrum
429 1571 564 1596 veneno
585 1561 738 1603 necavit,
761 1559 910 1606 ideoquo
933 1559 1075 1595 iubente
1099 1559 1219 1594 Cassio
1242 1559 1401 1595 Malchus
1425 1560 1470 1595 ab
1493 1558 1628 1596 Herode
1652 1563 1707 1595 est
1727 1560 1832 1594 inter-

274 1619 398 1656 fectus.
430 1618 636 1665 Congruunt
650 1617 735 1653 haec
755 1628 847 1653 anno
864 1616 967 1652 Urbis
983 1626 1139 1660 nccxn„
1161 1617 1295 1652 Iuliano
1318 1620 1454 1663 quarto.
1485 1617 1686 1653 Secundum
1704 1615 1833 1663 Philip-

275 1687 419 1724 pensem
434 1687 590 1724 pugnam
606 1675 778 1710 Antonius
793 1675 830 1710 in
846 1674 986 1721 Syriam
999 1674 1174 1721 profectus
1190 1673 1398 1710 Phasaelum
1413 1678 1449 1709 et
1459 1674 1630 1710 Herodem
1643 1672 1834 1710 tetrarchas

276 1734 474 1778 constituit,
496 1733 550 1767 καὶ
572 1734 638 1767 τῶν
654 1731 823 1767 Ἰουδαίων
847 1731 959 1772 αὐτοῖς
980 1729 1140 1778 ἐπιτρέπει
1155 1729 1344 1779 πράγματα.
1376 1731 1544 1779 Iosephus
1559 1733 1583 1767 1.
1595 1743 1669 1770 xxv.
1685 1729 1830 1768 mxxiii.

276 1791 409 1827 Accidit
422 1790 488 1826 hoc
504 1802 597 1826 anno
614 1789 717 1826 Urbis
734 1799 884 1827 nccxm.
895 1815 904 1833 ,
919 1789 1055 1825 Iuliano
1072 1802 1104 1824 v.

365 1849 450 1884 Post
465 1859 546 1884 cum
559 1846 677 1883 Parthi
692 1847 906 1893 Antigonum
922 1846 1113 1882 Aristobuli
1127 1845 1165 1881 F.
1181 1846 1219 1881 in
1234 1856 1384 1893 regnum
1405 1846 1656 1890 restituissent,
1678 1845 1832 1883 Herodes

275 1907 319 1942 ab
335 1906 378 1941 iis
393 1906 515 1953 pulsus
531 1905 682 1940 Romam
696 1904 741 1940 ad
752 1904 942 1940 Antonium
957 1908 993 1939 et
1004 1903 1190 1940 Gaesarem
1205 1903 1378 1951 confugit,
1395 1914 1417 1939 a
1433 1903 1558 1950 quibus
1573 1902 1833 1952 perhumaniter

277 1967 442 2011 exceptus
466 1966 502 1999 et
523 1962 662 1998 senatui
685 1961 889 1997 conciliatus
908 1971 1056 2007 regnum
1073 1961 1224 1996 obtinuit
1238 1972 1284 1996 ex
1299 1960 1336 1996 S.
1350 1961 1388 1998 O.
1399 1987 1408 2004 ‚
1433 1960 1638 2008 Olympiade
1654 1971 1832 2004 csxxxrv„

276 2020 429 2056 Domitio
446 2020 588 2056 Calvino
604 2032 643 2055 rx.
660 2022 696 2054 et
710 2018 831 2054 Asinio
846 2018 1002 2054 Pollione
1018 2028 1125 2061 coss.‚
1143 2028 1234 2053 anno
1251 2017 1353 2053 Urbis
1366 2028 1522 2061 nccxrv„
1538 2018 1673 2053 Iuliano
1686 2029 1744 2061 vr„
1761 2027 1831 2064 quo

277 2078 379 2114 desiit
394 2077 610 2124 Olympiadis
627 2086 794 2112 ccxxxiv.
811 2086 924 2111 annus
939 2087 986 2111 xv.
1003 2078 1038 2110 et
1053 2075 1233 2122 Olympias
1250 2085 1401 2110 cmxxxv.
1418 2075 1542 2122 coepit.
1573 2074 1686 2110 Roma
1708 2075 1744 2110 in
1767 2075 1832 2109 Pa-

276 2136 461 2171 laestinam
476 2145 634 2170 reversus
650 2132 802 2169 Herodes
818 2143 899 2168 cum
914 2132 1090 2179 Antigono
1107 2132 1235 2167 bellum
1251 2132 1378 2178 gessit,
1402 2132 1511 2167 donec
1527 2132 1711 2168 adiuvante
1728 2131 1831 2167 Sosio

197 2207 212 2224 o
235 2228 242 2236 ,
276 2197 377 2239 capta
391 2193 474 2228 urbs
491 2196 560 2234 est,
583 2196 618 2227 et
632 2190 828 2237 Antigonus
844 2190 995 2234 occisus,
1017 2199 1108 2224 anno
1132 2189 1329 2232 sabbatim,
1349 2189 1506 2236 Agrippa
1520 2192 1554 2225 et
1569 2189 1713 2225 Canidio
1730 2189 1832 2226 Gallo

276 2262 365 2286 coss.
382 2249 577 2296 Olympisd.
594 2258 767 2291 ccxxxv„
787 2258 907 2283 mense
922 2247 1040 2291 tertio,
1063 2249 1102 2294 τῇ
1119 2244 1214 2293 ἑορτῇ
1230 2248 1286 2291 τῆς
1301 2246 1457 2290 νηστείας.
1494 2246 1558 2282 Hic
1573 2250 1626 2282 est
1639 2257 1753 2283 annus
1769 2246 1832 2282 Ur-

278 2309 331 2343 bis
349 2317 525 2349 nccxvn„
548 2306 702 2341 Iulianus
720 2317 785 2349 rx.‚
803 2304 941 2352 Olymp.
959 2315 1111 2341 cmxxxv.
1128 2314 1241 2339 annus
1259 2315 1308 2339 m.
1326 2303 1486 2339 desinens
1503 2307 1538 2339 et
1553 2304 1667 2339 iniens
1683 2316 1729 2340 iv.
1740 2329 1749 2347 ,
1772 2314 1831 2351 pe-

278 2365 365 2400 riodi
381 2364 535 2400 Iulianae
550 2363 664 2410 4677„
682 2374 750 2410 quo
766 2362 927 2399 currebat
941 2361 1156 2404 sabbaticus,
1172 2360 1271 2407 cyclo
1286 2360 1390 2396 lunae
1405 2359 1438 2396 3.
1454 2360 1519 2396 Dio
1535 2371 1616 2397 vero
1632 2361 1720 2397 libro
1733 2372 1829 2398 xmx.

278 2422 518 2468 Hierosolyma
533 2425 635 2468 capta
650 2431 726 2456 esse
749 2419 869 2456 scribit
884 2429 976 2456 auno
993 2418 1232 2462 antecedente,
1257 2417 1399 2454 Claudio
1416 2421 1452 2454 et
1466 2417 1629 2456 Norbano
1646 2429 1733 2454 coss.
1744 2444 1753 2462 ,
1775 2418 1831 2454 Iu-

276 2480 369 2516 liano
387 2491 461 2516 vm.
494 2478 564 2515 Sed
580 2477 750 2514 sabbatici
765 2477 849 2513 anni
865 2475 1042 2513 character
1057 2475 1203 2523 Iosepho
1219 2475 1439 2523 suffragatur.

366 2536 536 2584 Deinceps
559 2536 693 2584 aliquot
714 2534 859 2571 Herodis
882 2534 965 2570 anni
986 2534 1196 2570 nominatim
1219 2543 1242 2569 a
1262 2531 1408 2580 Iosepho
1432 2532 1684 2580 concipiuntur.
1714 2533 1830 2570 Veluti

278 2594 335 2630 lib.
354 2605 410 2631 xv.
421 2619 430 2637 ,
447 2604 522 2641 cap.
535 2604 596 2629 vn.
612 2603 725 2629 annus
741 2592 875 2628 Actiaci
890 2591 1030 2639 praelii,
1047 2591 1107 2639 qui
1122 2594 1177 2627 est
1190 2589 1344 2627 Iulianus
1360 2600 1417 2627 xv.
1427 2615 1436 2633 ,
1451 2589 1596 2626 Herodis
1612 2590 1713 2637 regni
1727 2590 1830 2637 septi-

278 2663 355 2687 mus
371 2654 525 2687 vocatur.
556 2650 643 2687 Item
659 2650 719 2687 lib.
734 2662 791 2686 xv.
807 2659 883 2697 cap.
896 2660 958 2686 an.
974 2649 1106 2685 mentio
1122 2647 1164 2685 fit
1178 2648 1261 2684 anni
1272 2658 1348 2685 xm.
1363 2646 1526 2691 Herodis,
1543 2658 1647 2694 quem
1661 2647 1831 2695 Keplerus

278 2719 409 2744 sunum
424 2708 534 2744 fuisse
549 2708 673 2756 probat
687 2707 860 2744 lulianum
872 2717 962 2750 xxa,
978 2705 1079 2742 Urbis
1096 2715 1266 2743 nccxxrx.
1297 2704 1343 2740 At
1356 2714 1432 2752 esp.
1446 2716 1540 2748 xm„
1556 2704 1830 2752 decimiseptimi,

278 2766 330 2800 vel
347 2765 603 2809 decimioctsvi,
624 2764 801 2809 meminit,
824 2766 881 2809 τῆς
905 2762 1006 2798 αὐτοῦ
1030 2762 1192 2810 βασιλιίας
1216 2759 1255 2804 ιζ’
1273 2760 1490 2809 παρελθόντος
1512 2758 1620 2809 ἔτους,
1644 2762 1680 2798 id
1703 2765 1757 2798 est
1778 2761 1831 2798 in-

277 2822 401 2858 choato
419 2834 516 2859 svm.
564 2822 639 2865 Quo
661 2821 801 2870 quidem
817 2820 989 2857 Zenodoti
1009 2819 1230 2857 tetrarchiam
1252 2822 1375 2856 nactus
1397 2822 1462 2855 est.
1507 2819 1609 2866 Apud
1625 2819 1773 2855 Dionem
1794 2818 1829 2854 id

277 2880 402 2916 accidit
416 2891 505 2915 coss.
519 2879 664 2926 Apuleio
680 2883 715 2915 et
726 2879 812 2915 snio
821 2905 830 2923 ,
846 2878 948 2914 Urbis
960 2888 1173 2922 noenum,
1196 2876 1437 2914 Iulianoxxvr.
1451 2875 1618 2924 Keplerus
1633 2877 1669 2912 in
1684 2875 1829 2912 Herodis

279 2948 410 2974 sunum
427 2948 512 2973 svn.
528 2937 680 2979 confert,
702 2936 848 2985 ideoque
869 2940 949 2973 ante
964 2935 1072 2972 Nisau
1081 2961 1091 2979 ,
1115 2934 1206 2971 unde
1220 2932 1364 2971 Herodis
1387 2943 1496 2969 annos
1512 2933 1698 2981 losephum
1714 2934 1828 2981 auspi-

278 2995 348 3031 cari
364 2998 475 3042 putat.
506 2993 604 3037 Quod
620 2992 706 3029 nibil
721 2998 775 3030 est
790 3003 943 3030 necesse.
974 2991 1065 3030 Nam
1087 2990 1307 3040 παρελθόντος
1329 2993 1388 3026 τοῦ
1411 2988 1500 3031 ἔτους
1526 2990 1564 3032 ιζ’
1583 2991 1722 3038 scripsit
1736 2990 1828 3026 Iose-

279 3051 383 3098 phun
401 3051 563 3088 nimirum
580 3061 672 3086 anno
690 3051 765 3097 ipso
784 3063 880 3088 svm.
918 3050 1046 3087 Eodem
1064 3060 1156 3087 anno
1173 3060 1271 3088 svm.
1287 3048 1351 3095 (ait
1366 3047 1533 3095 Iosephus
1549 3059 1624 3095 cap.
1640 3048 1727 3094 nv.)
1742 3051 1827 3086 tem-
