2008 3294
298 223 362 260 XC

297 332 398 373 putat
419 328 479 373 qui
502 338 592 362 anno
617 328 800 373 superiori,
823 328 889 363 hoc
913 331 966 363 est
986 328 1133 363 Lentulo
1157 332 1192 362 et
1214 328 1401 363 Messalino
1424 338 1513 364 coSS.
1537 332 1658 363 natum
1674 327 1850 363 Christum

298 385 518 427 existimant,
541 395 647 430 quam
662 396 784 419 eorum
799 386 860 431 qui
873 386 917 420 iis
931 386 1034 432 ipsiS‚
1057 397 1145 431 quos
1161 383 1375 430 Epiphanius
1395 385 1569 428 nominat,
1594 396 1684 420 coss.
1698 385 1851 422 natalem

299 442 518 487 consignant.
549 441 735 488 Propterea
758 442 850 488 quod
871 443 903 477 si
924 453 1143 478 communem
1160 442 1202 476 de
1223 453 1344 476 mense
1365 442 1492 477 natalis
1515 453 1555 476 ac
1571 442 1624 485 die
1641 442 1852 479 sententiam

300 503 392 533 esset
414 499 614 544 amplexus,
643 499 785 535 omnino
812 500 1007 546 superiores
1029 500 1108 534 illos
1132 510 1220 534 coss.
1243 499 1474 545 praetulisset.
1521 498 1619 534 Unde
1643 498 1852 541 Cassiodori,

301 567 404 602 quem
425 555 598 590 Batonius
620 557 786 602 sequitur,
807 569 878 593 non
894 557 1044 599 Onufrii,
1069 557 1205 591 decreto
1227 556 1451 602 opinionique
1472 555 1658 602 suffragari
1677 555 1852 602 putandus

300 617 362 648 est
387 612 487 654 Quod
500 613 608 659 igitur
620 613 776 649 Christus
788 613 934 650 Lentulo
951 618 985 649 et
997 614 1185 649 Messalino
1202 624 1292 648 coss.
1309 616 1403 648 ortus
1418 613 1474 656 sit,
1491 623 1583 648 anno
1596 613 1729 648 Iuliane
1742 625 1854 656 um„

300 670 452 705 studiose
475 671 728 710 demonstratur
747 672 784 707 in
804 671 1014 714 Annalibus,
1035 671 1140 716 idque
1162 671 1256 705 velut
1277 670 1495 706 fundamenti
1514 671 1591 706 loco
1612 671 1765 716 ponitur,
1785 681 1855 716 quo

300 731 463 770 nutante,
480 731 519 762 ut
533 729 632 764 aiunt
645 729 728 775 ipsi,
748 730 926 764 annalium
941 732 1145 764 contextum
1161 739 1302 762 omnem
1317 738 1416 763 ruere
1431 727 1625 773 collabique
1641 727 1687 762 sit
1701 737 1855 763 necesse.

299 785 447 820 Proinde
461 786 594 832 primus
609 797 631 820 a
645 786 754 829 natali
764 785 908 829 Christi,
923 787 995 821 sive
1008 786 1241 831 Dionysianae
1257 795 1356 820 aerae
1373 795 1414 830 ac
1430 785 1584 831 vulgaris
1601 795 1731 827 annus,
1747 795 1769 819 a
1780 783 1856 819 Kal.

299 843 470 878 Ianuariis
487 843 570 878 anni
583 843 710 878 Iuliani
724 855 818 879 xmv.
834 843 957 878 iisdem
972 844 1007 877 in
1024 843 1218 877 Annalibus
1233 842 1369 888 incipit,
1388 841 1489 877 Urbis
1511 853 1557 876 ex
1568 841 1784 877 Varroniana
1804 851 1858 876 ra-

300 901 396 935 tione
411 911 565 944 occur„
580 901 679 936 cuius
692 900 815 936 Palilia
829 901 939 946 Aprili
955 911 1075 934 mense
1090 900 1248 946 proxime
1265 903 1385 934 secuta
1399 902 1496 942 sunt3
1518 899 1603 934 adeo
1621 901 1660 933 ut
1674 899 1712 934 in
1727 909 1859 937 annum

301 957 403 992 Urbis
419 968 540 993 που.
556 958 710 1004 vulgaris
731 968 832 992 aerae
853 957 1082 1004 primordium
1102 957 1273 999 incurrat,
1297 955 1512 1003 Olympiadis
1530 966 1648 1004 crcrv.
1673 966 1805 991 aunum
1819 968 1859 993 u.

301 1015 363 1049 Est
378 1026 421 1049 ea
436 1015 576 1061 quidem
588 1014 787 1050 Cassiodori
803 1015 990 1057 sententia,
1008 1015 1224 1061 aliorumque
1240 1017 1314 1048 tam
1325 1017 1481 1048 veterum
1494 1024 1602 1059 quam
1615 1013 1860 1056 recentiorum,

302 1076 354 1115 et,
371 1072 463 1119 quod
479 1073 523 1107 ad
538 1073 692 1108 natalem
706 1073 822 1118 ipsum
839 1073 977 1114 attinet,
994 1083 1078 1106 sane
1090 1071 1291 1118 probabilis.
1317 1070 1416 1112 Quod
1432 1075 1550 1106 autem
1564 1071 1623 1106 ille
1638 1070 1731 1105 idem
1748 1081 1860 1105 annus

302 1141 381 1165 cum
393 1141 474 1166 aera
486 1130 699 1175 Dionysiana
714 1130 948 1175 coniungitur,
964 1128 1029 1164 hoc
1041 1133 1095 1163 est
1107 1128 1199 1174 quod
1216 1129 1347 1174 primus
1363 1139 1464 1163 aerae
1477 1127 1694 1163 Christianae
1705 1126 1862 1171 Iulianus

303 1199 379 1222 esse
390 1199 484 1223 xuv.
497 1188 672 1230 asseritur,
685 1187 822 1233 Olymp.
832 1198 948 1222 cxciv.
962 1186 1146 1228 secundus,
1158 1185 1193 1220 id
1202 1197 1283 1221 vero
1295 1196 1518 1232 nequaquam
1530 1184 1696 1232 procedit.
1713 1183 1862 1222 Biennio

303 1246 397 1280 enim
411 1246 566 1288 aberrat,
583 1249 623 1280 ut
638 1245 775 1290 quidem
791 1245 946 1291 plerique
960 1243 1128 1278 hactenus
1143 1242 1476 1285 animadverterunt3
1498 1246 1539 1292 ut
1553 1246 1672 1278 autem
1688 1242 1863 1284 existimo,

303 1303 409 1339 etiam
423 1303 571 1338 triennio
584 1313 606 1336 a
617 1302 776 1348 Dionysii
787 1305 904 1336 mente
916 1305 1021 1346 atque
1037 1311 1118 1335 aera
1134 1300 1256 1343 distat,
1272 1300 1323 1335 uti
1338 1300 1442 1347 paulo
1458 1304 1540 1346 post
1556 1299 1863 1335 demonstrabitur.

303 1361 375 1396 Nos
391 1361 530 1395 interim
547 1370 635 1406 quae
651 1360 688 1394 in
701 1360 880 1405 Apparatu
895 1359 940 1393 ad
955 1359 1107 1393 Annales
1123 1357 1165 1392 de
1181 1356 1246 1392 hoc
1261 1367 1354 1392 anno
1371 1357 1542 1392 subtiliter
1557 1360 1592 1392 et
1607 1357 1781 1403 exquisite
1797 1355 1865 1392 dis-

303 1422 469 1466 putantur
485 1417 712 1463 expendenda
727 1417 936 1458 censuimus.

396 1475 484 1510 Cum
500 1475 606 1521 igitur
623 1485 645 1508 a
660 1473 838 1509 nonnullis
854 1473 1043 1519 improbari
1058 1483 1160 1508 suam
1177 1473 1218 1507 de
1234 1472 1343 1507 natali
1355 1471 1484 1507 Christi
1498 1464 1710 1514 sententiam
1723 1471 1867 1514 videret,

306 1534 350 1568 ob
366 1533 401 1567 id
418 1544 527 1568 unum
543 1533 696 1567 maxime
719 1531 812 1577 quod
833 1531 869 1565 in
886 1530 1059 1565 Iulianum
1075 1542 1193 1573 xum,
1217 1530 1276 1576 qui
1298 1541 1388 1565 coss‚
1405 1528 1511 1565 habet
1525 1529 1712 1565 Lentulum
1726 1532 1762 1565 et
1775 1529 1867 1564 Mar-

305 1591 484 1632 cellinum,
507 1589 679 1625 bisextilis
701 1589 775 1623 dies
790 1588 934 1623 minime
949 1587 1102 1630 caderet,
1125 1590 1246 1622 contra
1265 1587 1323 1622 ille
1340 1587 1391 1622 sic
1406 1586 1625 1633 praescribit:
1648 1589 1786 1621 tantum
1807 1585 1869 1621 ab-

263 1689 268 1694 ,
306 1660 399 1691 esse,
415 1648 505 1683 utin
523 1658 654 1690 aunum
669 1647 768 1682 illum
784 1645 958 1681 bisextilis
972 1645 1047 1696 [dies
1064 1656 1135 1680 non
1151 1644 1298 1688 incidat,
1320 1646 1359 1679 ut
1380 1644 1418 1679 in
1437 1643 1543 1678 alium
1559 1643 1712 1688 nullum,
1735 1642 1804 1679 nisi
1825 1641 1872 1678 ab

307 1707 429 1741 eodem
445 1709 625 1752 quartum,
649 1705 723 1739 sive
739 1706 836 1746 ante,
858 1703 931 1738 sive
954 1706 1034 1749 post
1048 1703 1182 1748 ipsum,
1207 1701 1389 1737 conyenire
1404 1701 1526 1748 possit.
1557 1700 1695 1736 Etenim
1709 1711 1772 1748 pro
1790 1710 1870 1736 con·

307 1764 401 1800 fesso
417 1763 630 1808 minimeque
646 1761 751 1796 dubio
768 1761 803 1796 id
818 1761 855 1796 in
871 1760 935 1795 hac
952 1763 1028 1795 tota
1043 1759 1277 1806 disputatione
1293 1759 1416 1801 sumit,
1439 1769 1571 1794 annum
1586 1758 1702 1801 illum,
1725 1768 1794 1804 quo
1810 1767 1871 1794 ua-

308 1826 363 1856 tus
381 1826 435 1856 est
450 1819 625 1862 Christus,
642 1819 840 1854 bisextilem
855 1818 963 1853 fuisse
973 1844 982 1860 ,
1004 1820 1187 1863 propterea
1202 1815 1295 1862 quod
1311 1816 1372 1862 qui
1388 1815 1550 1862 deinceps
1566 1815 1611 1850 ab
1628 1825 1669 1851 ee
1685 1815 1874 1862 propagati

308 1886 391 1913 sunt
414 1889 475 1924 per
498 1881 686 1924 quaternos
709 1876 810 1911 divisi
832 1876 1010 1910 bisextiles
1034 1878 1227 1910 occurrunt.
1258 1873 1332 1908 Iam
1348 1884 1429 1908 vero
1451 1883 1564 1908 annus
1587 1883 1609 1908 a
1623 1875 1705 1907 nato
1721 1871 1872 1908 Domino
1941 1885 1949 1893 ·

310 1946 496 1978 cocnxiv„
528 1946 596 1980 quo
617 1933 881 1970 Valentinianus
911 1932 1097 1979 imperium
1120 1931 1265 1978 adeptus
1293 1934 1364 1973 est,
1397 1930 1594 1966 bisextilem
1621 1929 1743 1965 habuit
1769 1929 1872 1973 diem,

308 1992 601 2039 quemadmodum
623 1992 683 2026 lib.
700 2003 794 2026 xxvi.
811 1990 931 2025 scribit
955 1989 1171 2024 Ammianus.
1202 1988 1295 2034 Ergo
1313 1997 1464 2023 ccccxv.
1481 1990 1562 2022 ante
1584 1986 1684 2023 illum
1698 1997 1872 2034 peraeque

309 2050 483 2086 bisextilis
504 2053 569 2085 est.
612 2049 718 2094 Atqui
739 2048 796 2083 ille
819 2051 873 2082 est
893 2047 985 2093 ipse,
1009 2046 1070 2093 qui
1091 2046 1276 2081 Lentulum
1298 2049 1332 2080 et
1345 2045 1588 2081 Marcellinum
1603 2055 1693 2079 coss.
1707 2043 1869 2091 praefert,

311 2108 438 2154 quibus
454 2106 638 2141 Decembri
653 2116 772 2141 mense
789 2108 892 2140 uatus
911 2108 966 2139 est
981 2103 1150 2139 Christus.
1184 2103 1289 2139 Recte
1312 2095 1420 2148 igitur
1442 2100 1498 2136 hic
1521 2101 1558 2137 iu
1574 2101 1768 2137 Annalibus
1792 2112 1872 2137 con-

311 2166 452 2201 stitutus
468 2164 613 2200 videtur.

402 2222 520 2268 Pergit
535 2222 570 2256 in
587 2220 709 2256 eodem
725 2222 932 2265 argumento
950 2218 1090 2254 uberius
1107 2216 1314 2265 explicando
1324 2243 1333 2260 ,
1350 2219 1386 2251 et
1400 2216 1442 2251 de
1454 2215 1590 2252 Iuliana
1603 2208 1773 2253 bisextilis
1790 2216 1875 2253 anni

313 2280 538 2327 dispositione
554 2282 658 2325 atque
671 2276 822 2324 Augusti
837 2276 1049 2318 correctione
1061 2275 1216 2318 disserit3
1233 2280 1271 2310 ut
1285 2277 1449 2321 appareat
1464 2283 1596 2309 annum
1612 2274 1728 2317 illum,
1744 2274 1806 2320 qui
1820 2277 1874 2309 est

313 2338 467 2374 lulianus
484 2348 600 2379 nnn,
625 2336 802 2371 bisextum
824 2333 999 2370 habuisse.
1031 2332 1168 2368 Etenim
1184 2332 1292 2367 Iulius
1309 2331 1435 2368 Caesar
1457 2341 1549 2366 anuo
1571 2330 1616 2365 ab
1634 2330 1673 2367 U.
1693 2330 1731 2367 C.
1747 2331 1872 2367 Varro-

313 2396 418 2432 niano
436 2405 600 2436 nccviu„
623 2404 691 2440 quo
713 2393 788 2439 ipse
810 2391 951 2427 tertium
966 2401 1045 2426 cum
1061 2389 1189 2437 Lepido
1206 2400 1276 2425 cos.
1292 2388 1374 2432 fuit,
1396 2399 1527 2424 anuum
1544 2387 1742 2424 Romanuin
1757 2399 1873 2425 emen·
1914 2399 1916 2402 ’

314 2454 396 2489 dare
411 2453 462 2488 sic
481 2456 534 2487 est
547 2461 752 2497 aggressus,
769 2453 808 2485 ut
823 2449 984 2495 deinceps
1000 2460 1047 2484 ιν.
1063 2458 1202 2494 quoque
1219 2456 1310 2482 anuo
1326 2445 1477 2482 solidum
1493 2445 1583 2481 diem
1599 2445 1874 2482 intercalandum

315 2509 515 2546 decreverit.
547 2509 596 2544 Ac
613 2508 644 2543 si
659 2518 751 2543 anno
768 2507 828 2543 illo
850 2505 1120 2549 emendationis,
1144 2515 1248 2552 quem
1263 2503 1463 2540 Macrobius
1479 2502 1694 2538 confusionis
1711 2502 1874 2550 appellat,

316 2567 401 2603 nihil
417 2571 550 2614 praeter
565 2576 704 2602 menses
721 2575 763 2600 ae
775 2564 850 2600 dies
866 2563 1120 2606 intercalasset,
1133 2561 1178 2598 ab
1194 2572 1235 2598 eo
1249 2561 1324 2608 ipso
1338 2559 1553 2597 bisextilium
1565 2570 1738 2596 annorum
1750 2558 1875 2596 duceu-

317 2625 400 2660 dum
422 2625 547 2660 fuisset
570 2622 769 2665 exordium,
792 2621 843 2658 ita
866 2625 905 2657 ut
926 2620 1058 2668 primus
1083 2632 1129 2657 ιν.
1153 2622 1233 2666 post
1251 2629 1343 2655 anno
1366 2616 1496 2665 Lepido
1521 2628 1557 2654 u.
1582 2621 1616 2652 et
1637 2616 1766 2653 Planco
1787 2628 1874 2653 coss.

317 2685 539 2727 congrueret,
577 2691 647 2727 qua
677 2680 811 2715 ratione
842 2690 903 2726 per
934 2677 1162 2725 quadriennis
1193 2673 1429 2712 descendendo
1462 2674 1634 2710 bisextilis
1669 2674 1874 2711 undecimus

318 2752 386 2774 non
415 2739 449 2774 in
475 2750 574 2775 xum.
598 2748 620 2773 a
646 2737 857 2773 correctione
885 2746 1033 2778 annum,
1062 2734 1122 2770 sed
1151 2734 1186 2769 in
1211 2744 1322 2776 mv„
1350 2730 1415 2767 hoc
1439 2735 1508 2774 est,
1532 2742 1601 2766 non
1625 2731 1661 2766 in
1685 2731 1872 2768 Lentulum

318 2802 354 2832 et
374 2796 619 2838 Messalinum,
650 2794 711 2831 sed
739 2794 776 2830 in
799 2794 1000 2840 Augustum
1024 2804 1100 2830 χιιι.
1124 2795 1160 2828 et
1180 2790 1355 2834 Blautium
1385 2799 1475 2826 coes.
1507 2788 1714 2832 incurreret,
1744 2789 1872 2836 quibus

319 2853 446 2889 Christi
475 2853 625 2889 natalem
642 2850 858 2902 ,assignabat
885 2849 1061 2887 Onufflus.
1118 2848 1164 2885 At
1186 2847 1221 2884 id
1244 2857 1344 2884 secus
1371 2857 1409 2883 se
1432 2844 1563 2881 habuit.
1621 2845 1710 2881 Nam
1740 2849 1877 2893 praeter

319 2911 507 2946 solidorum
528 2910 661 2945 dierum
682 2907 979 2944 intercalationem
1002 2905 1176 2954 quadrans
1203 2905 1344 2952 insuper
1367 2901 1450 2947 diei,
1480 2901 1572 2949 quod
1602 2902 1743 2938 Solinus
1765 2902 1875 2945 docet,

320 2979 343 3004 a
357 2969 503 3004 cao-uo
518 2972 570 3003 est
585 2967 750 3003 adiectus.
795 2964 906 3008 Quem
923 2969 961 3000 ut
974 2963 1208 3007 intercalaret,
1230 2962 1313 3009 quia
1333 2960 1428 2998 solus
1451 2958 1529 2995 addi
1546 2972 1615 2996 uon
1639 2963 1794 3007 poterat,
1817 2971 1876 2995 ne-

321 3035 419 3062 cesse
434 3024 500 3061 luit
515 3028 554 3060 ut
570 3024 605 3060 in
619 3036 665 3061 ιν.
683 3033 814 3060 sunum
832 3021 1043 3065 differretun
1066 3020 1175 3057 donee
1188 3018 1347 3056 videlicet
1369 3028 1414 3053 ex
1433 3016 1623 3064 quadrante
1639 3017 1699 3053 illo
1716 3020 1752 3052 et
1766 3016 1877 3053 tribus

321 3082 398 3119 aliis
414 3081 556 3118 tetidem
573 3080 859 3127 consequentium
875 3089 1047 3116 annorum
1062 3077 1135 3115 dies
1150 3078 1366 3123 exsurgeret.
1397 3074 1518 3122 ltaque
1533 3074 1685 3122 primum
1700 3074 1877 3111 bisextum
