2008 3294
1547 146 1719 184 COXLlX

166 251 347 299 presbyter
356 254 470 294 esset,
486 262 547 298 pro
564 252 727 298 episcopo
743 262 823 286 sese
836 251 947 298 gessit
961 253 996 285 et
1011 250 1244 286 ordinationes
1259 251 1421 287 instituit.
1467 250 1539 286 Sed
1553 251 1598 286 ab
1613 251 1720 286 Hosio

167 308 452 344 “Alexandrino
468 309 615 343 concilio
631 309 816 355 pristinum
831 309 869 344 in
884 307 1040 353 ordinem
1057 308 1256 354 compulsus
1279 311 1343 345 est.
1387 308 1486 343 Idem
1506 312 1544 344 et
1562 308 1721 343 haeresin

166 365 377 412 peculiarem
395 365 522 408 tenuit,
546 373 583 400 ut
597 367 692 400 deum
708 367 1052 411 malorumsactorem
1068 377 1130 398 uon
1149 377 1219 399 esee
1235 367 1378 406 diceret,
1401 370 1440 400 ut
1453 365 1671 412 Augustinus
1687 369 1722 400 et

166 421 371 459 Philaetrius
385 422 521 459 docent.
569 422 669 465 Quod
684 423 727 458 de
740 422 784 458 iis
799 422 900 458 malis
913 421 1155 468 accipiendum
1171 426 1223 457 est
1239 433 1328 468 quae
1345 433 1405 468 per
1421 433 1497 458 sese
1514 423 1624 465 bona,
1643 422 1721 459 ideo

166 479 260 515 mala
274 479 446 523 dicuutur,
461 479 555 526 quod
570 479 614 515 ad
628 480 944 526 malorum-poenas
960 477 1177 524 infliguntur.

255 535 297 572 N.
312 548 366 573 m.
399 535 592 583 Ἥμιφόριον
609 537 672 583 γὰρ
690 535 708 571 ὃ
724 539 870 576 τοιοῦτος
886 533 960 580 dut]
993 533 1186 581 Ἥμιφόριον
1207 535 1301 571 idem
1316 539 1371 570 est
1386 536 1478 583 quod
1492 536 1665 583 Hesychia
1682 548 1722 573 ac

165 593 293 629 Suidae
307 591 493 640 ἡμιφάριον,
517 593 583 629 hoo
604 598 660 630 est
677 594 778 640 ἥμισυ
793 591 933 640 ἱματίου.
977 592 1154 631 Palladius
1178 593 1214 628 in
1234 593 1387 628 Historia
1407 593 1595 637 Lausiaca,
1619 606 1722 641 quem

166 650 250 685 citat
262 650 455 686 Menreius:
479 649 585 685 πάντα
607 650 706 695 αὐτῆς
727 650 785 696 (de
805 650 958 694 Melania
978 649 1130 694 iuniore)
1151 648 1192 684 τὰ
1214 649 1332 695 σηρικὰ
1346 650 1505 696 ἠμιφόρια
1521 651 1722 698 καλύμματα

165 708 234 747 τοῖς
246 706 482 754 θυσιαστηρίοις
493 706 696 752 ἐδωρήσατο.
721 707 874 754 Utraque
884 718 968 743 voce
981 706 1160 742 dimidiata
1171 707 1279 742 vestis
1296 708 1513 753 exprimitur.
1539 708 1723 744 Golobium

166 770 296 799 eur-eam
313 767 460 799 tunicam
476 765 694 811 interpretari
708 765 834 812 possis.
878 763 1019 810 Proprie
1035 763 1174 811 quidem
1192 774 1280 810 quae
1297 765 1444 799 manicis
1465 770 1582 800 careat
1602 777 1643 801 ao
1663 767 1720 802 de-

165 824 300 857 curtata
314 821 370 856 sit.
415 822 467 856 De
489 833 558 868 qua
580 820 736 858 nonnihil
754 821 799 856 ad
813 819 1042 857 Themistium
1057 821 1221 857 diximus.
1269 821 1337 856 Sed
1354 833 1424 856 non
1442 822 1556 858 minus
1573 827 1654 869 apte
1670 824 1721 859 sic

164 878 332 924 appellari
347 878 490 922 videtur,
514 879 597 926 qnid
618 890 689 914 non
712 878 803 914 ultra
822 882 942 925 pectus
964 883 1068 927 atque
1091 877 1255 914 humeros
1271 882 1419 925 pateret,
1442 880 1543 924 quasi
1565 880 1721 915 dimidia-

164 939 239 970 tum
254 939 347 971 esset
360 936 514 982 pallium.
547 935 725 982 Siquidem
741 935 927 981 κολοβιῶνα
942 935 1053 971 latum
1068 935 1207 971 clavum
1223 935 1398 970 nominari
1413 941 1531 971 censet
1542 937 1646 980 Acro3
1664 939 1721 973 cni

163 992 371 1039 respondere
388 993 472 1028 dicit
485 993 726 1028 indumentum
741 993 828 1029 illud
844 1004 888 1028 ex
904 1003 1058 1040 purpura
1073 993 1177 1039 quod„
1188 1003 1210 1028 a
1233 992 1366 1028 cervice
1389 992 1432 1027 ad
1455 998 1576 1038 pectus
1600 1000 1720 1030 exten-

165 1052 241 1084 tum
255 1050 443 1096 gestabant
455 1050 639 1097 principes.
662 1049 755 1096 Ergo
768 1053 950 1097 propterea
961 1049 1115 1095 κολόβιον
1132 1053 1167 1084 et
1181 1048 1356 1096 ἧμιφόριον
1374 1054 1535 1084 vocatum
1551 1055 1621 1093 est,
1639 1052 1721 1098 quia

164 1107 277 1141 iustae
291 1107 398 1142 vestis
414 1118 509 1142 more
524 1117 745 1153 nequaquam
760 1107 1023 1143 extendebatur.
1070 1106 1174 1143 Aliud
1190 1110 1244 1141 est
1259 1105 1450 1152 ὠμοφόριον
1467 1107 1720 1154 episcoporum,

167 1163 210 1198 de
227 1174 296 1210 quo
314 1163 508 1199 Germanus
525 1163 937 1211 Constantinopolitanae.

254 1220 434 1256 Σικοΰνὸον
451 1218 514 1267 γὰρ
530 1220 587 1255 τὀν
602 1220 872 1266 Πενταπολίτην]
915 1221 997 1257 Fuit
1011 1222 1076 1257 iste
1091 1221 1315 1257 Ptolemaidis
1333 1221 1534 1268 episcopus,
1558 1223 1617 1268 qui
1641 1234 1720 1258 cum

164 1277 324 1321 Theona,
341 1277 432 1324 quod
445 1278 565 1313 Arium
581 1278 743 1314 damnare
759 1279 868 1314 nollet
882 1279 919 1314 in
933 1278 1086 1315 Nicaeno
1102 1279 1248 1315 concilio
1264 1278 1450 1314 damnatus
1466 1283 1535 1322 est,
1551 1278 1656 1315 homo
1672 1285 1720 1315 te·

165 1335 338 1370 terrimus.
369 1335 474 1371 Cuius
490 1335 640 1382 sparsim
654 1334 866 1371 Athanasius
882 1337 1054 1373 meminit.

255 1391 296 1427 N.
312 1404 360 1429 rv.
386 1391 490 1432 Εὐθὺς
506 1391 640 1439 τελευτᾷ·
657 1390 675 1427 ὅ
693 1390 932 1439 ὅμολογητής]
958 1394 1070 1429 Tanto
1088 1398 1169 1429 ante
1185 1393 1375 1429 Alexandri
1389 1398 1535 1429 mortem
1551 1398 1587 1429 et
1601 1394 1720 1430 Nicae-

165 1459 250 1484 num
273 1449 457 1485 concilium
471 1449 661 1485 decessisse
675 1450 855 1486 Meletium
875 1454 985 1497 putat.
1030 1451 1071 1486 In
1094 1462 1164 1498 quo
1180 1450 1400 1486 vehementer
1423 1454 1531 1494 errat,
1555 1457 1594 1487 ut
1616 1463 1721 1499 supra

165 1505 440 1542 demonstratum
456 1511 509 1542 est
522 1507 560 1542 in
574 1507 842 1543 Meletianorum
857 1507 1055 1543 schismate.

254 1562 296 1599 N.
311 1575 346 1598 v.
376 1561 470 1611 Ἀμα
485 1564 654 1611 Λουκιανῷ
677 1562 710 1598 ἐν
731 1564 955 1612 Νικομηδείᾳ.]
1002 1565 1156 1601 Lucieno
1180 1566 1401 1601 sanctissimo
1425 1570 1593 1612 martyre,
1617 1577 1721 1613 quem

166 1619 392 1656 nihilominus
408 1620 528 1656 Ariani
541 1625 726 1668 patronum
742 1626 967 1669 autoremque
983 1633 1087 1661 suum
1101 1623 1288 1658 iactabant.
1319 1623 1370 1658 De
1388 1634 1456 1669 quo
1472 1624 1577 1670 paulo
1592 1628 1682 1670 post.

254 1677 296 1713 N.
309 1690 355 1714 vr.
381 1677 440 1712 Καὶ
452 1678 515 1712 πᾶν
527 1678 628 1712 κακὸν
641 1680 746 1724 nivet]
770 1678 854 1730 Igeg.
872 1690 916 1714 ex
929 1678 1144 1715 Theodoreto
1159 1680 1219 1715 lib.
1232 1693 1256 1716 r.
1272 1691 1347 1727 cap.
1358 1693 1403 1723 v.‚
1423 1680 1481 1716 ubi
1496 1679 1581 1716 haee
1597 1681 1719 1716 eadem

164 1734 314 1780 epistola
328 1735 532 1778 continetur,
549 1733 655 1771 πάντα
670 1734 782 1771 κάλων
799 1739 892 1771 met:
927 1737 1059 1772 Omnem
1074 1743 1180 1772 ‚novet
1193 1739 1377 1772 rudentem.
1423 1737 1651 1773 Notissimnm
1667 1743 1720 1774 est

163 1791 393 1838 proverbium.
729 1787 731 1789 ’

253 1847 316 1882 Καὶ
330 1847 504 1890 Θεοδόσιος
527 1849 582 1884 καὶ
596 1849 786 1896 Παυλῖνος.]
831 1851 914 1898 Leg.
939 1851 1100 1892 θεόδοτος
1123 1863 1196 1888 ιιοιι
1217 1851 1411 1898 θεοδόσιος,
1435 1863 1481 1887 ex
1504 1851 1718 1888 Theodoreto

162 1905 223 1942 lib.
237 1917 262 1942 1.
278 1916 352 1952 oap.
364 1917 410 1949 v.‚
425 1909 461 1941 et
474 1905 617 1954 Niceph.
633 1907 694 1943 lib.
707 1920 781 1944 vm.
798 1919 872 1955 cap.
888 1921 934 1944 rx.
964 1909 1045 1945 Fuit
1059 1909 1316 1945 hichaodiceae
1332 1910 1517 1957 episcopus
1527 1937 1535 1953 ,
1551 1910 1717 1946 Paulinus

163 1961 260 2008 Tyri,
275 1961 486 1998 Athanasius
501 1963 690 2007 Ansam-bi,
708 1964 896 2011 Gregorius
913 1965 1050 2012 Beryti,
1066 1966 1187 2003 Aetius
1201 1966 1356 2013 Lyddae.

252 2018 318 2054 Σὺν
333 2019 564 2068 Λουκιανιστᾷ,
581 2019 711 2065 ἀληθῶς
727 2021 888 2068 Εὖσέβιε.]
935 2022 1198 2061 Emendandum
1213 2023 1507 2060 Συλλουκιανιστόι.
1544 2024 1636 2060 Nam
1652 2025 1718 2060 Lu-

163 2075 254 2111 oiani
267 2077 429 2123 martyris
444 2077 632 2125 discipulos
648 2090 686 2114 se
703 2090 780 2114 esse
795 2080 1047 2126 gloriabantur.
1091 2081 1288 2117 Alexander
1313 2082 1498 2129 episcopus
1514 2082 1718 2117 Alexandri-

162 2143 229 2168 nus
250 2133 287 2169 in
309 2133 417 2181 Epist.
439 2134 484 2170 ad
501 2135 738 2172 Alexandrum
758 2136 1022 2184 Constantinop.
1037 2137 1231 2174 Lucianum
1254 2140 1472 2186 perstringit,
1498 2140 1598 2186 quasi
1621 2140 1719 2174 Pauli

163 2189 383 2228 samosateni
398 2191 526 2238 dogma
542 2196 681 2228 secutus
697 2198 805 2237 esset,
827 2194 990 2241 ob-idque
1006 2205 1028 2230 a
1042 2195 1152 2230 tribus
1169 2195 1332 2242 deinceps
1347 2195 1570 2231 Antiochenis
1587 2197 1718 2242 episco-

162 2247 217 2294 pis
233 2247 278 2282 ab
293 2248 437 2284 ecclesia
450 2250 617 2285 reiectum
632 2251 767 2286 asserit.
790 2251 890 2286 Hunc
902 2252 1022 2287 Ariani
1037 2253 1195 2288 certatim
1212 2253 1383 2288 asciscere
1399 2253 1468 2288 sibi
1483 2263 1524 2288 ac
1536 2253 1718 2288 vendicare

162 2303 363 2348 studebant,
385 2305 471 2342 adeo
492 2306 650 2354 quidem,
673 2310 712 2342 ut
730 2307 768 2343 iu
784 2307 998 2343 Antiochena
1019 2309 1152 2354 synodo
1175 2310 1257 2344 fidei
1279 2310 1466 2345 formulam
1485 2315 1653 2356 tanquam
1670 2311 1715 2345 ab

161 2360 221 2396 illo
237 2365 440 2413 conceptam
455 2362 634 2398 ediderint
676 2363 746 2399 Sed
760 2364 954 2400 Lucienum
969 2366 1013 2401 ab
1030 2377 1072 2401 ea
1087 2367 1263 2402 calumnia
1278 2370 1406 2412 purgat
1422 2365 1548 2401 Baron.
1565 2367 1601 2401 in
1617 2366 1717 2403 Notis

161 2417 446 2466 adMartyrolog.
462 2423 496 2455 et
516 2420 553 2455 in
572 2421 696 2457 Annal.
714 2420 807 2458 Eccl.
823 2432 856 2459 a.
871 2421 949 2458 311.
967 2426 1002 2457 et
1015 2422 1095 2459 318.
1144 2423 1209 2458 Ubi
1231 2423 1427 2458 Lucianum
1450 2423 1551 2458 docet
1573 2424 1610 2458 in
1633 2435 1715 2459 con·

160 2475 306 2511 munda
320 2475 597 2512 Sabellianorum
612 2476 746 2513 haeresi
762 2479 902 2524 longius
918 2490 1144 2525 progressum
1167 2480 1376 2515 contrariam
1397 2480 1435 2514 in
1455 2483 1590 2526 partem
1611 2481 1716 2528 paulo

162 2530 399 2568 vehementius
414 2533 625 2576 incubuisse,
641 2538 676 2569 et
687 2540 726 2570 ut
738 2545 967 2581 personarum
983 2535 1168 2571 discrimen
1185 2536 1386 2579 adstrueret,
1402 2538 1594 2572 nonnulla
1583 2538 1716 2580 iecisse,

163 2598 254 2634 quae
266 2589 386 2625 Ariani
400 2590 622 2637 postmodum
637 2592 751 2626 exorti
767 2602 870 2627 suum
886 2592 923 2626 in
938 2603 1042 2627 usum
1056 2593 1318 2628 transtulerunt.
1366 2592 1465 2635 Quod
1485 2594 1578 2629 idem
1592 2595 1715 2641 pleris-

165 2653 232 2690 que
245 2649 400 2682 veterum
414 2652 554 2694 patrum
569 2659 649 2683 cum
664 2648 701 2682 in
717 2647 782 2682 hoc
797 2649 958 2694 negotio,
979 2652 1054 2684 tum
1070 2649 1106 2684 in
1122 2650 1200 2684 aliis
1217 2649 1298 2684 fidei
1313 2649 1528 2685 Christianae
1543 2652 1714 2698 capitibus

164 2702 342 2746 usuvenit,
363 2709 404 2739 ut
422 2708 504 2740 ante
525 2715 681 2740 errorum
696 2708 799 2750 atque
814 2704 1022 2748 haereseon,
1044 2706 1170 2752 quibus
1187 2717 1228 2741 ea.
1243 2707 1448 2753 singillatim
1465 2710 1716 2755 oppugnaban-

165 2760 241 2800 tur,
263 2758 433 2806 originem
459 2761 615 2796 nondum
644 2761 729 2796 satis
751 2762 925 2797 illustrata
947 2773 987 2797 ac
1010 2763 1184 2809 patefacta
1207 2763 1257 2798 rei
1279 2764 1423 2799 veritate
1446 2765 1619 2810 quaedam
1642 2767 1714 2801 suis

166 2813 301 2861 seriptis
315 2819 523 2863 asperserint
538 2829 626 2864 quae
642 2829 721 2853 cum
734 2817 950 2854 orthodoxae
960 2819 1041 2854 fidei
1055 2821 1178 2866 regula
1192 2820 1335 2856 minime
1352 2822 1579 2857 consentiant.
1604 2823 1654 2858 Ne
1671 2824 1714 2858 ab

166 2869 231 2906 hoo
244 2871 408 2908 trinitatis
421 2875 587 2920 mysterio
603 2886 645 2910 ao
663 2875 867 2920 quaestione
890 2875 1080 2918 discedam,
1106 2877 1366 2912 observavimus
1389 2878 1591 2914 iamdudum
1614 2881 1715 2914 lusti-

166 2937 252 2962 num
265 2928 451 2974 Martyron
465 2930 613 2977 Dialogo
630 2943 708 2966 cum
725 2931 909 2977 Tryphone
925 2933 967 2967 de
982 2933 1054 2967 filio
1070 2933 1125 2968 dei
1140 2934 1232 2968 idem
1247 2935 1498 2981 propemodum
1522 2947 1601 2971 cum
1618 2937 1713 2970 Aria-

166 2983 221 3022 nis
237 2985 373 3022 sentire.
411 2986 500 3023 Nam
519 2998 602 3034 pag.
628 2988 709 3024 edit.
724 2988 832 3023 Paris.
852 2989 926 3025 119.
952 2990 1095 3025 verbum
1117 2990 1172 3026 dei
1187 3002 1227 3026 ac
1241 2991 1370 3036 filium,
1397 2993 1502 3028 etiam
1526 2997 1714 3039 antequam

1776 1706 1782 1711 .
1796 1687 1856 1714 28⁵.
