1968 3294
250 259 490 296 SYMnoLAE
515 260 564 294 m
587 260 793 294 EPIPHAN.
817 259 915 295 PAN.
939 258 1154 294 scam-AB
1183 261 1235 294 ΑΒ
1261 261 1356 294 Am.
1382 260 1549 294 ummo.
1624 253 1675 293 41

130 340 298 375 notandus
321 345 372 374 eet
396 339 553 386 frequens
576 339 787 374 librariorum
817 349 927 382 error,
961 339 1093 374 literam
1116 342 1135 377 λ
1158 347 1284 375 temere
1307 339 1558 387 duplicantium.
1602 341 1680 376 Vid.

131 404 246 434 annot.
270 397 304 431 in
329 397 441 432 Etiam
467 399 546 432 Cret.
571 397 635 431 col.
656 399 722 431 890
742 397 834 444 (10).

221 455 259 489 Ρ.
279 458 345 489 114
366 455 478 501 (459).
511 448 617 490 οὔτε
648 450 910 502 ἀηδεστάτῃ
945 453 1209 500 ἐκπυρώσει
1250 454 1500 497 καύσωνος
1534 454 1681 502 έπηρ-

129 523 183 558 τη
196 511 347 559 μένος]
384 513 498 557 Lego:
522 510 770 559 έπηρτυμένος,
806 513 842 547 id
863 518 933 546 est:
969 522 1066 556 neque
1094 514 1140 547 ad
1168 516 1377 548 molestissimi
1399 516 1526 549 ardoris
1545 516 1681 549 maio-

128 579 200 605 nem
223 573 432 612 corruperam.

221 627 258 660 Ρ.
284 629 349 660 134
369 627 481 671 (470).
517 625 560 663 έν
586 650 620 661 ..
644 631 748 668 ταῖς
774 627 946 672 ῥηταῖς
980 626 1173 674 βίβλοις]
1202 628 1302 661 conf.
1326 641 1359 674 p.
1381 631 1447 663 130
1467 629 1570 674 (469)
1594 624 1684 664 κατὰ

130 680 193 724 τὰς
216 681 323 728 ῥητὰς
344 681 490 730 γραφάς.
514 696 546 730 p.
568 687 633 718 196
658 685 759 730 (506)
791 687 868 724 ταῖς
890 683 1009 729 ῥηταῖς
1031 682 1131 730 μόνον
1155 689 1303 731 γραφαῖς
1322 686 1512 733 κέχρηνται.
1557 682 1682 730 ‘pn-rat

129 735 260 787 γραφαὶ
282 748 358 774 sunt
372 767 380 781 ,
407 753 490 787 quae
513 741 593 775 alias
613 741 800 778 ένδιάθετοι
819 748 988 775 vocantur.
1035 741 1113 775 Vid.
1138 749 1253 775 annot.
1277 742 1310 775 in
1333 744 1375 777 T.
1391 745 1431 777 ΙΙ.
1455 756 1488 788 p.
1505 746 1549 777 80
1569 745 1682 788 (441).

223 799 257 831 Ρ.
281 801 346 832 146
370 799 483 844 (477).
520 810 574 844 πρ
589 797 728 846 οβολά
741 800 772 843 ς]
799 798 900 840 Quod
923 799 1024 844 vulgo
1049 799 1222 844 legebatur
1249 798 1456 846 προςβολᾶς,
1491 800 1538 835 ita
1561 801 1682 848 corrigi

129 855 278 890 petavius
301 854 401 888 docte
423 855 526 889 iussit.
576 856 653 890 Vid.
679 862 793 890 annot.
817 855 853 890 in
875 858 916 891 T.
940 858 964 890 Ι.
989 869 1022 901 p.
1044 859 1109 891 146
1133 856 1225 902 (69).

220 912 257 946 Ρ.
282 914 346 945 152
368 911 480 958 (481).
513 911 671 961 Ὁρᾷς,
707 912 843 959 φασὶ,
874 913 1010 950 πάλιν
1046 915 1126 957 cet.]
1153 914 1286 947 Nollem
1307 912 1418 959 φησὶ,
1443 914 1535 948 libris
1558 915 1682 958 invitis,

129 967 162 1002 in
185 967 274 1014 φασὶ
294 976 544 1006 commutatum.
591 971 689 1005 conf.
714 970 884 1017 proxima:
915 968 1042 1018 Ὁρᾷς,
1068 970 1177 1016 φησὶ,
1202 971 1278 1012 πῶς
1302 983 1368 1012 -;
1401 978 1438 1005 et
1468 971 1535 1006 vid.
1567 981 1683 1007 annot.

128 1026 163 1060 in
186 1027 228 1062 T.
252 1029 275 1060 1.
303 1039 338 1073 p.
358 1030 425 1062 488
451 1027 562 1072 (264).
610 1028 765 1062 Ceterum
790 1028 912 1061 veneris
946 1028 1131 1073 eiegantiae
1159 1034 1231 1071 est,
1269 1039 1388 1062 vocem
1422 1026 1507 1076 δρᾷς
1537 1030 1683 1076 reliquae

128 1083 272 1118 orationi
307 1084 511 1131 ἐλεγκτικῶς
544 1085 766 1132 praemittere.
812 1084 900 1118 vide
926 1087 1113 1128 Krabinyer.
1137 1097 1256 1130 meque
1283 1085 1326 1119 ad
1360 1088 1487 1129 arceor.
1513 1089 1604 1129 Nysa.
1634 1088 1683 1120 De

129 1141 246 1175 Anima
270 1149 304 1175 et
327 1142 515 1178 Resurreet.
539 1155 572 1188 p.
588 1145 665 1176 195.
687 1149 722 1176 et
743 1142 832 1178 conf.
858 1143 1023 1185 Epiphen.
1047 1154 1078 1188 p.
1095 1146 1159 1177 714
1182 1143 1283 1188 (799)
1307 1140 1415 1191 Ὀρᾷς
1438 1139 1492 1180 ὅτι
1515 1144 1683 1190 λέγει-ς

127 1199 168 1233 Τ.
191 1199 248 1232 ιη.
275 1212 307 1245 p.
330 1201 396 1233 388
425 1199 560 1246 (1025).
591 1203 658 1235 426
680 1199 816 1245 (1046).

220 1257 256 1290 P.
280 1258 344 1290 152
372 1258 478 1303 (482).
518 1257 680 1302 Πάντη
712 1256 760 1294 δὲ
792 1257 851 1304 τῷ
883 1255 957 1293 τόν
988 1257 1090 1293 νοῦν
1115 1257 1186 1298 εἰς
1219 1256 1324 1294 θεὸν
1349 1258 1679 1306 κεκτημένῳ..

128 1309 465 1360 εὖθυέλεγκτος
498 1312 517 1351 ὅ
541 1312 691 1351 αὐτῶν
726 1312 872 1360 λόγος]
907 1315 986 1348 Non
1019 1322 1070 1348 est
1100 1315 1257 1357 dubium,
1295 1314 1373 1360 quin
1405 1315 1583 1360 legendum
1619 1316 1681 1350 sit:

125 1369 225 1407 παντὶ
245 1369 285 1408 δὲ
309 1378 372 1406 cet.
420 1371 520 1406 Conf.
545 1385 579 1418 p.
601 1375 668 1406 420
691 1372 792 1417 (630)
827 1370 899 1407 Καὶ
923 1370 1074 1418 γνωστὸν
1108 1372 1212 1416 (male
1234 1372 1333 1418 vulgo
1366 1372 1548 1418 γνωστέον)
1585 1375 1684 1412 τοῦτο

127 1425 223 1464 ἔσται
244 1427 342 1464 παντὶ
364 1430 414 1476 τῷ
441 1428 574 1466 σύνεσιν
597 1429 808 1476 κεκτημένῳ.
840 1429 952 1475 ibique
975 1435 1087 1463 annot.
1101 1455 1111 1473 ,
1136 1441 1169 1474 p.
1194 1432 1260 1463 458
1283 1431 1383 1475 (649)
1408 1429 1521 1466 Παντὶ
1542 1429 1609 1477 γὰρ
1632 1431 1684 1477 τῷ

125 1484 200 1521 νοῦν
225 1483 333 1532 ἔχοντι
351 1485 385 1523 έν
404 1485 510 1531 κυρίῳ
533 1485 577 1524 τὰ
599 1487 664 1532 τῆς
685 1483 850 1531 οἷληὸείας
872 1484 1042 1531 τεκμήρια
1064 1482 1195 1532 εὔδηλα
1214 1486 1384 1532 δήπουθέν
1406 1486 1494 1524 ἐστιν
1516 1487 1552 1530 ἐξ
1575 1484 1685 1535 αὐτῆς

125 1541 190 1587 τῆς
211 1538 379 1588 ἀληθινῆς
401 1543 632 1584 διδασκαλίας.
660 1556 692 1591 ρ.
713 1547 780 1577 484
803 1543 905 1588 (663)
936 1543 1035 1579 παντὶ
1057 1543 1123 1589 γὰρ
1146 1545 1196 1591 τῷ
1224 1542 1355 1580 σύνεσιν
1379 1544 1581 1592 κεκτημένῳ
1613 1557 1683 1591 φα-

127 1596 223 1642 νερόν
248 1598 337 1636 ἐστιν
360 1596 418 1637 ἀπ’
442 1594 551 1646 αὐτῆς
573 1601 639 1646 τῆς
661 1603 798 1647 γραφῆς
821 1600 881 1636 καὶ
911 1599 1132 1646 danavetae,
1168 1597 1221 1637 ὅτι
1249 1609 1313 1636 cet.
1350 1615 1380 1646 p.
1405 1604 1470 1635 668
1495 1602 1596 1648 (772)
1622 1603 1681 1639 καὶ

129 1655 232 1701 δῆλον
257 1652 277 1694 ὅ
299 1669 332 1692 τι
366 1658 510 1703 (repone
535 1658 622 1703 vulg.
661 1654 729 1703 ὅτι)
763 1657 823 1694 καὶ
855 1657 954 1694 παντὶ
987 1658 1038 1705 τῷ
1073 1657 1204 1694 σύνεσιν
1240 1659 1441 1705 κεκτημένῳ
1474 1659 1584 1706 σαφὲς
1616 1661 1683 1706 εἴη.

129 1713 170 1746 Τ.
186 1714 239 1746 m.
265 1725 297 1759 p.
309 1716 377 1747 400
400 1714 525 1761 (1031)
546 1715 643 1751 παντὶ
662 1715 771 1762 σαφές
789 1714 862 1751 ἐστι
878 1716 928 1763 τῷ
948 1714 1080 1751 σύνεσιν
1098 1715 1308 1763 κεκτημένῳ.
1360 1717 1539 1751 contrario
1562 1717 1683 1752 mendo

129 1765 239 1817 πάντῃ
263 1770 297 1804 in
321 1770 421 1807 παντὶ
443 1772 525 1806 abiit
549 1773 590 1807 Τ.
613 1775 653 1806 1¹.
680 1786 710 1818 ρ.
733 1776 753 1806 8
778 1774 892 1819 (399).
918 1775 985 1806 220
1005 1773 1120 1818 (520).

219 1829 256 1862 P.
281 1831 344 1862 152
370 1829 482 1874 (482).
517 1828 574 1865 Et
605 1827 687 1875 γὰρ
722 1829 825 1871 υἱός
858 1827 1074 1877 ὑπάρχει,
1108 1828 1289 1871 πάντως
1317 1831 1397 1868 τοῦ
1429 1844 1553 1872 τινος
1585 1831 1686 1874 υἱὸς

127 1884 222 1931 εἴη,
255 1881 334 1932 ἀφ’
359 1879 409 1921 οὗ
431 1885 720 1932 γεγένηται·]
745 1887 983 1921 scribendum:
1007 1885 1143 1928 πάντως
1164 1885 1246 1924 πού
1270 1900 1358 1929 τινος
1380 1886 1452 1929 υἱός
1476 1889 1542 1934 εἴη.
1589 1887 1684 1926 Πάν·

125 1953 195 1983 τως
217 1953 279 1979 που
302 1944 431 1979 Nostro
454 1945 610 1979 usit-tum
635 1951 697 1978 est.
749 1944 846 1978 Conf.
869 1946 910 1979 Τ.
932 1946 957 1978 1.
993 1956 1026 1990 p.
1052 1948 1095 1978 28
1119 1945 1187 1990 (2).
1223 1948 1287 1979 136
1308 1946 1398 1991 (64).
1434 1947 1477 1982 Τ.
1501 1948 1542 1981 ΙΙ.
1569 1959 1602 1992 p.
1618 1950 1684 1981 348

129 2000 239 2046 (591).
272 2003 338 2034 352
360 2001 473 2048 (593).
510 2004 575 2036 616
601 2003 713 2047 (743).
746 2003 787 2036 Τ.
813 2004 868 2036 111.
905 2015 937 2047 p.
958 2005 1025 2035 414
1048 2003 1186 2048 (1040),
1221 2006 1288 2036 416
1311 2004 1448 2049 (1040).
1497 2003 1573 2039 nou
1610 2016 1684 2038 cum

125 2056 193 2098 πᾶς
212 2056 423 2092 coniunctum
448 2061 488 2094 T.
511 2061 551 2093 Π.
578 2071 610 2105 p.
635 2062 701 2092 456
724 2059 826 2106 (648)
862 2057 911 2100 οἷς
932 2059 1030 2095 παντί
1052 2071 1115 2096 που
1142 2061 1243 2106 δῆλον
1267 2061 1331 2105 εἴη.
1380 2061 1515 2094 Habent
1548 2061 1684 2108 quidem

125 2117 202 2152 τοῦ
226 2128 312 2157 τινος
333 2116 408 2150 edd.
434 2116 530 2152 Basil.
552 2124 586 2150 et
609 2117 744 2156 Petav.;
769 2117 827 2150 sed
845 2117 1002 2151 articulus
1026 2125 1104 2151 ante
1123 2115 1214 2158 τινός
1235 2130 1293 2163 per
1315 2129 1352 2151 se
1376 2119 1598 2153 offensionem
1619 2119 1683 2153 ha-

125 2172 205 2215 bet,
240 2184 348 2219 neque
370 2172 404 2207 in
429 2174 590 2208 eiusmodi
612 2174 921 2208 ratiocinationibus
942 2174 1084 2220 ponitur.
1135 2175 1234 2208 Conf.
1260 2177 1348 2210 Ptat.
1369 2178 1524 2222 Sympos.
1549 2190 1580 2221 p.
1605 2179 1683 2211 199·

125 2230 168 2266 D.
194 2230 232 2264 Ε.
257 2231 419 2274 Epiphan.
444 2232 486 2266 T.
509 2233 549 2266 Π.
574 2245 608 2278 p.
631 2235 697 2265 426
723 2231 825 2277 (633)
852 2231 882 2268 εἰ
906 2229 978 2268 ἔστι
1001 2230 1135 2278 φθορὰ,
1169 2230 1260 2273 τινὸς
1281 2228 1349 2277 ἄρα
1372 2234 1426 2278 εἴη
1449 2233 1572 2279 φθορά.
1599 2246 1684 2280 quae

127 2288 299 2322 Gor-narius
329 2294 363 2320 et
386 2290 536 2322 petavius
560 2289 680 2322 Latine
705 2296 897 2332 verterunt,
933 2289 1026 2334 quasi
1061 2289 1239 2334 legissent:
1273 2290 1361 2331 τίνος
1380 2286 1448 2335 ἄρα
1471 2291 1524 2336 εἴη
1551 2291 1683 2337 φθοράς

124 2344 165 2379 Τ.
187 2345 246 2377 ΙΙΙ.
272 2356 305 2390 p.
326 2347 391 2378 108
415 2345 516 2391 (866)
551 2345 679 2391 Πατήρ
714 2345 779 2392 γὰρ
812 2346 884 2382 υἱοῦ
908 2345 1020 2392 πατὴρ
1045 2346 1189 2392 λέγεται.
1236 2348 1331 2389 Quae
1358 2348 1470 2381 omnia
1494 2349 1685 2384 reseruntur

126 2400 169 2435 ad
192 2413 295 2447 genus
318 2403 386 2438 τῶν
408 2401 495 2448 πρός
516 2415 568 2444 τι,
602 2403 646 2437 de
670 2415 736 2449 quo
760 2403 828 2438 vid.
859 2403 1033 2437 Animadv.
1054 2404 1089 2437 in
1113 2406 1147 2437 S.
1175 2404 1271 2438 Basil.
1297 2407 1318 2438 1.
1345 2417 1376 2450 p.
1399 2407 1476 2438 156.

214 2458 331 2493 Ρ.154
351 2460 465 2506 (483).
489 2458 744 2506 συναλιφήν
768 2458 888 2496 εἶναι
909 2458 1021 2505 πρὸς
1042 2459 1119 2497 τὸν
1142 2459 1238 2498 υἱὸν
1262 2459 1310 2498 τό
1335 2458 1464 2508 ἅγιον
1487 2463 1681 2509 πνεῦμα]

125 2514 191 2550 Pro
213 2515 396 2563 συναλιφῆν
420 2528 548 2562 repono
574 2516 786 2564 συναλοιφὴν.
833 2518 1031 2552 Mendosum
1054 2517 1219 2563 συναλιφῆ
1244 2531 1354 2552 rursus
1378 2519 1610 2564 corrigendum
1632 2528 1684 2555 est

124 2584 158 2619 p.
179 2574 245 2606 388
269 2574 383 2619 (612).
406 2577 470 2608 392
493 2575 604 2620 (615).
631 2577 695 2608 394
720 2576 834 2620 (615).
861 2578 925 2609 706
949 2576 1062 2622 (794).
1086 2577 1127 2610 Τ.
1153 2577 1207 2609 ιιι.
1233 2587 1266 2620 p.
1290 2578 1355 2609 138
1378 2576 1473 2620 (883.
1495 2578 1591 2623 884).
1615 2581 1681 2613 512

127 2629 262 2676 (1095).
288 2633 354 2664 518
378 2631 515 2677 (1098).
542 2634 606 2665 522
631 2632 755 2678 (1101)
782 2639 816 2665 et
837 2632 925 2666 alibi.
975 2633 1067 2666 Idem
1089 2632 1247 2666 mendum
1268 2633 1310 2666 el.
1334 2633 1464 2676 editor,
1488 2634 1568 2668 licet
1589 2636 1681 2670 libris

122 2685 257 2732 invitia,
290 2693 402 2722 tamen
426 2689 496 2722 iure
519 2689 706 2735 meritoque
735 2689 881 2724 correxit
914 2691 959 2724 Τ.
985 2692 1025 2723 11.
1061 2701 1094 2734 p.
1118 2692 1184 2723 164
1215 2690 1328 2736 (488).
1364 2694 1430 2725 212
1464 2693 1560 2737 (514.
1585 2695 1682 2740 515).

125 2745 192 2778 216
217 2744 310 2790 (517.
336 2747 420 2791 518)
448 2753 482 2780 et
506 2745 597 2781 alibi.
644 2748 720 2788 Quo
743 2746 847 2792 magis
869 2746 994 2789 miror,
1018 2746 1110 2792 quod
1132 2746 1224 2780 idem
1242 2747 1286 2781 ad
1304 2748 1497 2782 mendosam
1519 2750 1682 2784 librorum

123 2800 320 2847 scripturam
340 2803 510 2837 revolutus
530 2803 575 2837 sit
594 2805 634 2838 T.
650 2805 703 2837 ΠΙ.
731 2818 761 2849 p.
776 2807 853 2838 138.
877 2811 990 2837 annot.
1008 2807 1038 2838 3.
1065 2816 1097 2849 p.
1115 2806 1190 2838 512.
1214 2817 1286 2851 cap.
1302 2808 1357 2839 14.
1377 2814 1490 2841 annot.
1504 2811 1534 2841 1.
1554 2820 1587 2853 p.
1604 2810 1680 2842 518.

124 2864 240 2894 annot.
264 2861 296 2894 5.
332 2872 365 2904 p.
389 2861 467 2894 522.
493 2868 607 2894 annot.
627 2863 659 2894 4.
706 2861 832 2894 Eadem
866 2863 990 2896 petavii
1019 2861 1241 2896 inconstantia
1275 2863 1361 2908 fuit,
1400 2864 1456 2909 qui
1486 2877 1518 2910 p.
1542 2868 1620 2899 488.
1643 2866 1680 2900 C.

124 2915 201 2949 514.
223 2915 266 2948 D.
292 2917 369 2950 515.
390 2918 431 2951 D.
456 2920 531 2951 834.
559 2919 593 2951 Β.
628 2924 661 2950 et
682 2918 761 2952 alibi
780 2918 977 2952 mendosam
1001 2918 1156 2952 editionis
1177 2919 1272 2952 Basil.
1293 2920 1492 2965 scripturam
1515 2922 1680 2968 συναλιφῆ

124 2970 284 3006 intactam
303 2973 460 3020 reliquit,
498 2974 638 3008 eandem
672 2987 705 3020 p.
728 2978 805 3009 883.
823 2976 864 3009 D.
901 2977 979 3009 884.
1003 2977 1036 3009 Β.
1069 2978 1146 3009 900.
1171 2977 1211 3010 D.
1246 2979 1324 3010 901.
1348 2979 1383 3010 Β.
1408 2978 1443 3011 C.
1466 2979 1506 3012 D.
1541 2982 1619 3013 918.
1642 2980 1677 3013 C.

126 3029 202 3063 940.
226 3029 263 3062 Β.
301 3031 378 3064 964.
401 3034 440 3065 A.
477 3034 552 3066 984.
577 3035 617 3066 Α.
654 3034 813 3066 10951).
857 3035 956 3066 1098.
983 3032 1018 3066 c.
1061 3036 1161 3068 1101.
1185 3034 1222 3070 c,
1254 3042 1290 3069 et
1317 3034 1396 3069 alibi
1426 3036 1461 3069 in
1494 3036 1678 3082 συναλοιφή

127 3086 356 3122 commutavit.
401 3087 525 3123 Verum
545 3089 717 3124 enimvero
739 3087 909 3135 συναλιφή
927 3095 978 3124 est
997 3102 1106 3126 merus
1128 3091 1308 3134 iaciemus,
1333 3099 1368 3126 et
1389 3092 1573 3140 ουναλοιφῆ
1594 3106 1679 3128 ana-
