2008 3294
195 1538 224 1563 p.
238 1530 296 1557 263.

326 204 491 242 CCXXX

635 354 694 389 AD
718 352 950 390 HAERESIM
971 353 1089 398 LXV„
1118 353 1251 389 PAULI
1275 352 1574 390 SAMOSATENI.

416 423 458 459 N.
475 437 499 459 1.
530 422 587 457 Ἐν
602 421 736 470 ἡμέραις
751 422 982 470 Αὐρηλιανοΰ]
1027 422 1102 458 Imo
1117 434 1198 458 vero
1222 422 1291 457 sub'
1305 421 1462 458 Gallieno
1484 426 1566 470 post
1579 422 1789 458 Demetriani
1809 422 1881 458 obi·

326 485 413 516 tum.
436 481 606 515 Eusebius
622 481 682 516 lib.
695 493 757 516 vn.
772 473 905 515 Historl
917 491 992 527 cap.
1004 492 1091 516 xxrr.
1115 479 1284 527 Imposuit
1297 478 1490 526 Epiphanio
1507 480 1599 526 quod
1615 480 1681 515 sub
1697 479 1881 515 Aureliano

327 539 511 573 damnatus
528 541 563 572 et
578 538 779 584 episcopatu
795 537 946 572 deiectus
963 541 1032 580 est;
1052 537 1207 583 adeoque
1223 536 1401 572 Aureliani
1416 536 1551 572 decreto
1561 563 1570 580 ,
1587 537 1679 584 quod
1695 536 1884 572 Christiani

328 595 499 630 antistites
514 595 753 641 impetrarunt.
786 593 856 633 Sed
871 595 1107 642 episcopatum
1123 595 1257 640 aliquot
1271 593 1372 628 annis
1389 597 1469 629 ante
1485 597 1632 641 ceperat.

418 651 485 695 Τὴν
503 650 621 698 αἵρεσω
645 654 704 685 τοῦ
720 649 950 698 Ἀρτέμωνος.]
995 652 1156 686 Meminit
1175 650 1347 686 Eusebius
1369 651 1429 686 lib.
1441 663 1475 687 v.
1498 661 1573 698 cap.
1584 662 1694 688 xxvu.
1741 649 1882 698 Niceph-

327 710 387 744 lib.
400 721 446 744 iv.
463 719 538 756 cap.
550 721 608 744 xx.
640 708 727 743 Vide
743 708 834 755 Aug.
851 709 887 744 in
903 708 1039 744 haeresi
1053 709 1310 743 Paulianorum.

417 763 544 812 Ὦςπερ
558 764 673 812 ’ἀμέλει
689 764 743 799 καὶ
761 763 778 799 ὅ
795 764 1002 812 Σαβέλλιος.]
1042 765 1167 801 Novati
1181 777 1309 801 nomen
1325 760 1507 812 perperam
1521 765 1669 812 irrepsit.
1710 764 1801 800 Nam
1815 763 1884 800 No-

327 823 475 866 vatiani,
492 822 586 869 quod
597 813 791 858 trinitatem
807 823 948 867 attinet,
964 822 1050 858 nihil
1065 834 1086 857 a
1101 822 1279 858 catholicis
1297 821 1553 866 dissenserunt,
1576 825 1616 858 ut
1637 822 1676 857 in
1691 821 1884 858 Annalibus

329 881 447 916 docuit
460 879 588 916 Baton.
604 890 636 917 a.
649 879 726 915 265.
1580 884 1584 889 ’

418 937 460 974 N.
477 949 513 973 11.
547 935 680 982 Τᾶληθῆ
697 935 750 983 δὲ,
768 936 817 971 ὅτι
834 937 908 972 οὔτε
923 937 1124 984 περιτομήν.]
1172 937 1314 972 Frustra
1336 936 1444 983 igitur
1465 936 1502 971 in
1524 937 1599 972 eius
1621 935 1757 972 haeresi
1771 935 1885 972 Phila-

329 995 434 1030 strius
451 994 748 1030 circumcisionem
762 995 862 1030 illum
878 992 1038 1030 docuisse
1054 993 1253 1037 confirmat,
1276 993 1368 1040 quod
1390 1004 1503 1040 neque
1518 993 1752 1040 Augustinus,
1773 1003 1886 1040 neque

329 1051 495 1098 synodica
516 1052 578 1086 illa
598 1050 805 1086 Antiocheni
828 1052 980 1095 concilii,
1005 1051 1097 1098 quod
1120 1051 1284 1086 adversus
1312 1050 1460 1086 eundem
1487 1050 1699 1086 celebratum
1726 1054 1795 1094 est,
1821 1058 1886 1085 nec

330 1109 418 1144 alius
435 1109 619 1156 quisqam
634 1109 795 1156 prodidit.

420 1165 462 1202 N.
480 1178 527 1201 ιν.
559 1164 618 1205 Ὧς
635 1164 670 1200 δὲ
687 1164 717 1199 oi
733 1162 829 1199 ἄλλοι
845 1163 1003 1211 ἐκδόται]
1039 1166 1224 1200 Paululum
1242 1165 1378 1200 diversa
1393 1168 1476 1200 sunt
1490 1168 1647 1200 veterum
1661 1165 1888 1212 interpretum

330 1224 454 1267 verba,
478 1234 568 1270 quae
591 1223 627 1258 iu
650 1223 754 1257 variis
779 1222 972 1258 Bibliorum
995 1223 1201 1258 lectionibus
1225 1222 1511 1258 circunferuntur.
1557 1221 1647 1257 Nam
1674 1233 1719 1256 ex
1741 1221 1888 1268 Aquilae

332 1280 480 1316 editione
503 1280 552 1314 ita
575 1280 782 1326 concipitur:
807 1278 871 1314 ἀπο
891 1279 1014 1327 μήτρας
1030 1279 1284 1327 ἐξωρθρισμένου
1302 1292 1353 1314 σοι
1370 1279 1488 1326 δρόσος
1511 1279 1719 1323 παιδιότητός
1743 1290 1814 1313 σου.
1859 1277 1888 1314 Ε

331 1337 539 1383 Symmacho
556 1348 653 1371 vero:
679 1335 723 1376 ὡς
740 1335 812 1370 κατ’
831 1333 946 1383 ὄρθρον
964 1349 1016 1371 σοι
1032 1337 1150 1383 δρόσος
1166 1336 1186 1381 ἡ
1203 1338 1313 1381 νεότης
1331 1349 1400 1370 σου.
1447 1336 1502 1371 Ex
1525 1336 1647 1383 quinta
1667 1336 1830 1382 denique:
1853 1334 1888 1370 ἔκ

332 1394 455 1441 μήτρας
472 1392 523 1428 ἐπὶ
540 1391 658 1441 ὄρθρου
676 1406 728 1428 σοι
744 1394 861 1440 δρόσος
878 1392 898 1438 ἡ
916 1394 1026 1438 νεότης
1043 1405 1114 1430 σου.
1146 1406 1217 1429 nxx
1233 1393 1276 1429 ad
1292 1404 1434 1429 sensum
1448 1394 1582 1440 potius,
1604 1403 1710 1439 quam
1726 1393 1769 1428 ad
1783 1393 1890 1428 verba

331 1455 569 1498 respexerunt.
617 1450 729 1493 Quam
750 1454 867 1486 autem
882 1451 998 1486 variae
1020 1454 1094 1486 tam
1117 1454 1315 1486 nostrorum
1339 1461 1445 1497 quam
1465 1450 1680 1486 Rabinorum
1702 1450 1775 1485 sint
1789 1449 1830 1485 de
1847 1460 1888 1485 eo

331 1510 406 1544 loco
423 1509 631 1550 sententiae,
655 1519 700 1543 ex
719 1509 860 1543 illorum
877 1501 1134 1543 commentariis
1149 1512 1302 1555 repetere
1318 1508 1407 1543 licet.
1453 1509 1610 1543 Hebraea
1624 1507 1675 1543 ita
1689 1507 1792 1543 hodie
1808 1518 1889 1543 con-

332 1572 506 1626 cipiuntur
529 1552 671 1627 ἾΠἾΒἿ
694 1552 762 1619 ξω
788 1552 848 1628 Ἶξ
877 1576 1022 1613 &ruma
1049 1573 1187 1612 nri-172
1210 1570 1276 1606 hoc
1299 1573 1367 1614 est,
1397 1582 1442 1606 ex
1469 1574 1585 1614 utero,
1613 1574 1693 1606 ante
1717 1580 1889 1613 auroram,

331 1635 402 1678 vel,
427 1635 472 1670 ab
489 1645 629 1677 aurora,
650 1635 713 1669 tibi
729 1646 786 1670 ros
802 1634 993 1670 nativitatis
1009 1638 1100 1669 tuae.
1147 1646 1216 1669 Lxx
1233 1634 1393 1680 legerunt
1414 1613 1574 1691 ''pn-rb*
1596 1636 1700 1679 qenai
1713 1640 1755 1670 te.
1799 1633 1889 1669 Hinc

332 1692 423 1739 apud
438 1691 671 1738 Epiphaniam
687 1703 749 1738 pro
766 1690 926 1739 ἰελεδέχεθ
942 1691 1090 1727 fortasse
1106 1691 1387 1726 substituendum
1403 1694 1457 1726 est
1472 1688 1649 1738 ἰελεδέθεχς
1669 1694 1710 1726 ut
1724 1690 1761 1726 in
1774 1688 1890 1726 Hexa-

332 1749 398 1795 plis
416 1748 613 1796 Octaplisve
628 1749 729 1784 colon
743 1749 829 1784 illud
844 1748 1142 1796 repraesentabat,
1157 1749 1193 1783 in
1210 1759 1279 1795 quo
1291 1748 1463 1784 Hebraica
1476 1747 1619 1783 Graecis
1635 1746 1890 1783 characteribus

333 1806 460 1852 scripta
475 1806 689 1852 legebantur.
713 1806 788 1841 lam
803 1805 889 1841 illud
905 1803 1033 1841 λακτὰλ
1044 1804 1260 1853 Epiphanius
1276 1806 1378 1841 vertit
1394 1805 1447 1839 ned
1463 1803 1526 1852 πρὸ
1540 1806 1596 1849 τῆς
1613 1804 1733 1852 δρόσου
1750 1803 1888 1838 παιδίον.

333 1868 427 1911 Quae
444 1872 526 1903 sunt
542 1869 608 1904 duo
626 1880 665 1903 ac
683 1869 819 1905 diversa
830 1870 924 1904 vocis
941 1868 1095 1904 eiusdem
1109 1869 1332 1915 glossemata.
1371 1849 1438 1917 bn
1455 1879 1569 1903 rorem
1585 1866 1770 1914 significat.
1804 1847 1888 1914 *bn

332 1931 387 1966 vel
403 1911 520 1978 ἦκτο
537 1932 592 1966 vel
609 1914 724 1979 &¹⁴er
742 1943 887 1978 puerum
904 1936 939 1967 et
953 1932 1139 1975 infantem,
1161 1932 1221 1967 sed
1239 1931 1440 1974 Chaldaice,
1462 1942 1533 1966 uon
1552 1929 1730 1966 Hebraico.
1777 1928 1890 1972 Quare

334 1987 419 2023 nihil
434 1988 477 2022 ad
493 1986 584 2024 hunc
599 1989 713 2024 locum
729 1990 898 2035 posterior
913 1989 981 2024 ista
997 1989 1091 2025 notio
1107 1989 1266 2035 pertinet.

422 2044 464 2081 N.
482 2057 512 2081 v.
545 2044 647 2086 Λέξειε
665 2044 694 2080 δ’
712 2042 749 2079 ἄν
767 2057 821 2085 τις·
840 2043 984 2090 ἔδειξας.]
1032 2046 1184 2092 Angelos
1201 2050 1281 2081 ante
1297 2045 1419 2081 mundi
1433 2045 1706 2092 procreationem
1722 2054 1744 2080 a
1760 2043 1823 2080 deo
1838 2043 1890 2079 t'a-

333 2105 407 2138 ctos
421 2113 498 2137 esse
510 2102 665 2149 plerique
678 2106 832 2138 veterum
846 2106 1000 2149 patrum,
1016 2103 1218 2149 praesertim
1232 2102 1460 2145 Graecorum,
1473 2102 1629 2138 arbitrati
1644 2102 1740 2144 sunt3
1756 2105 1791 2138 et
1802 2101 1891 2137 inter

334 2163 490 2195 caeteros
508 2158 696 2205 Gregorius
713 2158 951 2195 Nazianzenus
975 2159 1066 2194 Orat.
1083 2171 1231 2195 xxxviii.
1278 2158 1390 2202 Quam
1413 2158 1619 2195 sententiam
1639 2157 1794 2206 theologi
1815 2158 1890 2205 qui·

335 2217 415 2252 dam
431 2217 666 2259 temerariam,
688 2221 723 2251 et
745 2215 810 2252 hoc
834 2220 988 2263 tempore
1010 2217 1115 2252 etiam
1130 2215 1339 2252 haereticam
1354 2216 1581 2263 pronunciare
1597 2227 1668 2251 non
1683 2219 1766 2251 sunt
1780 2215 1890 2251 veriti.

336 2274 374 2309 In
407 2273 532 2320 quibus
562 2273 781 2320 prudentiam
811 2284 851 2309 sc
883 2273 1155 2309 moderationem
1182 2273 1305 2308 merito
1334 2272 1507 2309 desiderat
1531 2273 1688 2319 Vasquez
1715 2272 1751 2308 in
1775 2285 1788 2309 1
1811 2271 1887 2308 Par.

335 2331 420 2378 disp.
439 2330 531 2367 224:
556 2331 615 2366 ubi
632 2330 844 2366 validissime
861 2330 1074 2366 demonstrat
1090 2341 1152 2365 nec
1170 2330 1293 2366 erroris
1311 2329 1542 2366 damnandam
1558 2329 1652 2365 illam
1669 2340 1762 2373 esse,
1778 2340 1890 2377 neque

334 2388 378 2424 ab
402 2388 548 2424 ecclesis
570 2388 752 2430 reiectsm;
777 2388 916 2424 tametsi
938 2389 1042 2434 longe
1066 2388 1111 2423 sit
1133 2388 1242 2424 altera
1263 2387 1486 2434 probabilior,
1509 2397 1598 2434 quae
1621 2386 1764 2434 angelos
1785 2390 1891 2433 negat

336 2448 416 2481 ante
432 2445 519 2481 coeli
534 2446 744 2481 creationem
761 2456 836 2481 esse
851 2445 1054 2492 productos,
1077 2444 1168 2492 quod
1183 2443 1397 2492 Epiphanius
1414 2444 1640 2492 amplectitur.

426 2500 723 2549 Ἀποστελῆςγὰρ,
741 2502 844 2549 φησί]
889 2502 1000 2539 Nimis
1024 2502 1134 2538 otiose
1156 2502 1270 2538 locum
1293 2500 1384 2538 hunc
1400 2512 1419 2538 e
1435 2500 1572 2537 Psalmo
1594 2500 1665 2536 147.
1683 2501 1726 2536 ad
1744 2501 1798 2537 dei
1814 2511 1890 2537 ver-

339 2561 419 2595 bum
436 2560 561 2595 retulit.
593 2559 631 2594 In
648 2570 716 2606 quo
733 2570 953 2607 nequaquam
970 2558 1159 2595 audiendus
1176 2562 1240 2595 est.

426 2615 467 2657 N.
486 2628 559 2653 vm.
592 2614 679 2651 Οὖδὶ
694 2616 921 2660 ταυτοούσιος,
943 2614 1018 2651 ἀλλ’
1036 2613 1238 2663 ὃμοούσιος.]
1285 2615 1434 2652 Difficile
1457 2618 1510 2651 est
1533 2615 1743 2650 ταυτοούσιον
1766 2614 1888 2651 Latine

338 2674 386 2708 sic
402 2674 612 2721 exprimere,
634 2678 673 2709 ut
697 2673 740 2708 ab
763 2685 802 2708 eo
820 2673 911 2720 quod
928 2677 980 2708 est
997 2672 1172 2720 ὀμοούσιον
1189 2673 1395 2720 distinguas.
1442 2671 1626 2720 Significat
1640 2675 1756 2708 autem
1774 2683 1889 2709 essen—

338 2731 421 2766 tism
443 2741 482 2766 sc
503 2731 733 2767 substantiam
756 2731 804 2767 its
826 2730 962 2778 penitus
985 2730 1146 2775 eandem,
1172 2734 1210 2766 ut
1231 2742 1274 2767 ne
1297 2739 1522 2778 personarum
1544 2728 1683 2776 quidem
1706 2729 1888 2766 discrimen

340 2786 508 2824 admittat.

695 2912 754 2948 AD
778 2912 980 2950 nAERslM
1002 2913 1136 2956 LXVI„
1161 2911 1532 2949 MANIGHAEORUM.

429 2991 469 3028 N.
486 3004 508 3028 ι.
541 2991 599 3027 Διὰ
616 3004 684 3027 τινα
701 2992 910 3039 οὖίτρανον.]
947 2993 1153 3028 Vetersnum
1178 2993 1307 3028 Acusm
1331 2991 1496 3039 appellat,
1521 2990 1585 3027 hoc
1610 2995 1663 3028 est
1684 2993 1743 3040 qui
1767 2993 1890 3029 militis

340 3049 520 3086 defunctu·
537 3049 728 3096 legitimam
745 3050 945 3086 missionem
964 3050 1190 3097 impetrasset.
