2008 3294
178 1552 204 1578 p.
217 1545 274 1572 228.

306 174 361 211 GC

304 282 450 321 vocant,
466 279 675 326 potestatem
691 277 857 312 ecclesiae
873 286 914 311 ac
930 278 1164 313 sacerdotibus
1182 277 1414 320 detraherent,
1435 280 1474 312 ut
1494 278 1647 325 reliquos
1669 278 1856 314 eorundem

306 347 438 371 errores
454 335 628 376 omittam,
643 333 828 369 Novatiani
841 337 1009 381 tanquam
1023 334 1186 370 haeretici
1201 333 1358 370 damnati
1372 338 1464 370 sunt.
1487 334 1626 382 Alioqui
1640 335 1776 382 lapsos,
1789 333 1856 375 hoc

307 397 359 428 est
373 392 588 427 idololatriae
605 391 814 437 contagione
828 390 998 437 pollutos,
1019 392 1057 427 in
1079 395 1284 439 perpetuum
1306 392 1350 426 ab
1372 392 1517 428 ecclesia
1538 403 1757 427 summovere
1771 403 1856 428 non·

308 450 389 484 dum
404 460 466 495 pro
482 447 654 483 haeretico
672 448 808 483 decreto
825 449 1004 494 cognitum
1017 448 1141 484 fuerat.
1186 448 1385 490 Quinetiam
1403 449 1526 495 priscis
1547 449 1616 484 illis
1632 448 1788 484 florentis
1803 460 1857 484 ec-

308 507 431 541 clesiae
447 505 662 552 temporibus
679 505 781 540 certis
793 509 1010 551 peccatorum
1025 506 1209 552 generibus
1222 506 1467 541 communione
1478 506 1699 542 interdictum
1708 532 1717 549 ‚
1733 509 1768 541 et
1783 506 1857 552 qui-

308 564 386 598 dem
408 566 574 609 perpetuo
598 562 726 604 fuisse,
757 562 1011 609 quamplurima
1040 563 1186 598 concilia
1209 573 1249 597 ac
1272 561 1336 599 SS.
1358 561 1422 598 PP.
1451 563 1650 598 testimonia
1672 563 1857 599 declarant.

309 620 407 662 Quod
428 631 507 655 cum
529 619 573 654 ad
589 620 768 666 antiquam
784 619 950 663 ecclesiae
965 620 1183 667 disciplinam
1199 619 1477 666 cognoscendam
1491 621 1786 667 pernecessarium
1801 620 1858 662 sit,

308 681 343 712 et
358 677 402 712 ad
416 677 530 712 varios
546 687 631 712 usus
652 679 901 724 opportunum,
923 688 988 713 nos
1012 688 1101 724 quae
1125 677 1166 713 de
1191 687 1232 712 ea
1253 688 1290 712 re
1312 677 1418 724 longo
1441 677 1556 714 studio
1576 689 1618 714 ac
1635 677 1793 724 diligenti
1809 677 1858 712 le-

309 734 421 769 ctione
437 734 728 780 conquisivimus,
751 734 788 770 in
802 732 1045 782 theologorum
1061 735 1283 782 potissimum
1299 734 1448 782 granam
1467 735 1572 782 paulo
1587 735 1782 771 accuratius
1799 746 1859 770 ex-

307 791 524 838 plicabimus.

374 916 640 958 QUIBUSNAM
661 916 965 953 PEGGATORUM
989 917 1244 954 GENERIBUS
1267 917 1325 954 ET
1348 902 1586 960 QUATENUS'
1610 916 1795 954 NEGATA

667 985 908 1023 GOMMUNIO
933 985 1004 1022 SIT
1026 986 1074 1022 IN
1095 986 1311 1022 ECOLESIA
1325 985 1502 1023 VETERI.

399 1077 541 1113 Nullum
557 1089 634 1113 esse
649 1078 764 1113 delicti
778 1077 973 1126 flagitiique
988 1089 1118 1125 genus,
1142 1079 1234 1125 quod
1249 1090 1320 1114 non
1335 1078 1457 1114 eadem
1475 1078 1552 1122 illa,
1576 1089 1666 1125 quae
1685 1078 1797 1125 ligare
1818 1089 1860 1113 ac

309 1135 455 1170 retinere
470 1138 602 1181 potest,
619 1135 752 1171 solvere
769 1146 808 1170 ac
824 1136 998 1171 remittere
1013 1135 1126 1182 possit
1140 1136 1304 1171 ecclesiae
1319 1138 1491 1182 potestas,
1511 1147 1625 1183 neque
1643 1135 1862 1182 probandum

310 1191 374 1226 hoc
390 1192 467 1227 loco
484 1195 554 1235 est,
578 1203 691 1238 neque
715 1192 758 1227 ab
783 1192 860 1227 aliis
885 1203 991 1238 quam
1013 1193 1056 1227 ab
1078 1193 1252 1239 evangelii
1272 1196 1375 1239 atque
1397 1193 1564 1228 ecclesiae
1579 1192 1810 1228 desertoribus
1824 1192 1863 1228 in

312 1250 581 1284 controversiam
598 1249 788 1286 adducitur.
817 1249 928 1284 Huius
943 1260 1024 1285 vero
1040 1250 1220 1297 potestatis
1236 1261 1358 1293 usum,
1383 1261 1462 1286 cum
1476 1250 1514 1285 in
1529 1250 1684 1285 eiusdem
1698 1249 1864 1285 ecclesiae

312 1306 452 1341 arbitrio
469 1307 603 1353 positus
620 1307 684 1349 sit,
699 1307 793 1341 varie
809 1310 1039 1352 temperatum
1055 1310 1091 1342 et
1105 1307 1384 1343 administratum
1399 1318 1474 1343 esse
1489 1318 1560 1342 non
1577 1307 1722 1343 dubium
1737 1310 1806 1350 est,
1830 1310 1866 1342 et

311 1362 355 1396 ad
372 1363 616 1398 continendam
633 1363 925 1409 sanciendamque
941 1363 1157 1411 disciplinam
1174 1365 1404 1400 severioribus
1419 1364 1592 1400 interdum
1606 1365 1744 1411 legibus
1763 1367 1798 1400 et
1811 1363 1865 1399 in-

312 1420 439 1454 stitutis
461 1419 674 1455 adstrictum.
722 1419 890 1462 Quocirca
913 1421 978 1456 sub
1000 1421 1116 1467 ipsum
1139 1420 1354 1457 Christianae
1375 1422 1554 1468 religionis
1577 1421 1778 1465 exordium,
1801 1419 1864 1456 fla-

311 1480 434 1521 grante
450 1488 622 1523 peraeque
639 1477 754 1512 studio
770 1477 910 1523 pietatis
926 1480 962 1512 et
975 1478 1206 1524 improbitatis
1221 1478 1300 1514 odio
1309 1504 1318 1522 ,
1334 1479 1444 1514 multo
1457 1482 1492 1514 et
1503 1479 1680 1526 graviores
1691 1479 1729 1514 in
1741 1478 1865 1514 delicta

310 1544 443 1579 poenae
460 1539 495 1568 et
510 1534 740 1570 diuturniores
758 1534 964 1570 constitutae
981 1538 1073 1572 sunt.
1120 1534 1216 1578 Quae
1236 1547 1292 1571 res
1308 1547 1348 1572 eo
1365 1547 1476 1582 usque
1490 1546 1718 1583 progressum
1731 1534 1864 1578 habuit,

311 1594 351 1625 ut
373 1591 601 1626 atrocioribus
627 1591 836 1638 quibusdam
864 1592 1051 1627 sceleribus
1074 1593 1177 1628 venia
1200 1592 1484 1639 indulgentiaque
1510 1592 1665 1628 funditus
1693 1592 1866 1639 denegata

310 1647 430 1691 fuerit,
446 1659 627 1695 nunquam
642 1652 682 1684 ut
697 1660 776 1683 cum
793 1648 939 1683 ecclesia
953 1649 1167 1685 reconciliari
1180 1653 1335 1696 possent.
1373 1649 1472 1692 Quod
1487 1653 1526 1685 ut
1541 1650 1584 1685 ab
1599 1649 1774 1686 hodiernis
1789 1660 1864 1685 mo-

311 1705 406 1739 ribus
423 1708 457 1739 et
473 1706 639 1741 institutis
655 1705 844 1741 abhorrens
860 1716 905 1740 ne
922 1706 999 1751 quis
1015 1706 1214 1742 incredibile
1228 1706 1375 1742 forsitan
1390 1707 1586 1750 arbitretur,
1602 1710 1760 1743 autorem
1775 1706 1865 1743 dabo

311 1761 561 1797 Tertullianum
569 1789 579 1805 ,
596 1763 656 1809 qui
670 1764 707 1798 in
722 1763 810 1798 libro
827 1762 868 1798 de
880 1762 1051 1798 Pudicitia
1066 1763 1154 1799 clare
1167 1763 1202 1798 id
1214 1774 1254 1799 ac
1267 1763 1392 1800 diserte
1404 1767 1562 1801 testatur.
1587 1764 1734 1812 Scripsit
1747 1767 1867 1800 autem

312 1817 403 1854 hunc
419 1819 548 1854 librum
564 1830 644 1855 cum
659 1820 730 1855 iam
752 1831 798 1854 ex
821 1819 990 1855 catholico
1006 1820 1166 1856 Montani
1188 1821 1301 1856 factus
1326 1827 1418 1857 esset
1441 1821 1591 1865 assecla,
1615 1821 1779 1857 adversus
1801 1821 1867 1856 Ze·

312 1875 450 1921 phyrini
461 1886 571 1923 papae
583 1876 774 1920 decretum,
788 1888 857 1923 quo
870 1877 900 1912 is
913 1877 1086 1913 adulteros
1098 1881 1179 1925 post
1189 1879 1437 1925 poenitentiam
1449 1878 1680 1914 admittendos
1694 1878 1864 1914 edixerat:

312 1931 469 1978 Pontifex
490 1934 622 1967 scilicet
639 1937 804 1968 maximus
820 1934 1039 1980 (Tertulliani
1054 1935 1160 1970 verba
1180 1938 1294 1981 sunt),
1317 1939 1494 1984 episcopus
1514 1939 1746 1982 episcoporum
1769 1937 1865 1979 dicit,

314 2001 372 2033 eqo
389 1996 421 2023 et
434 1989 605 2024 moechiae
622 1992 906 2035 ecfer-nicationis
921 1992 1048 2027 delicta
1058 1995 1270 2037 poenitentia
1277 1995 1413 2039 fimetis
1429 1994 1568 2029 dimitto.
1617 1991 1718 2035 Quod
1737 1992 1866 2028 summi

312 2045 486 2092 pontificis
503 2046 653 2082 edictum
669 2046 901 2083 Tertullianus
926 2058 1132 2094 oppugnans
1156 2060 1202 2084 ex
1223 2060 1264 2085 eo
1288 2049 1466 2096 redarguit
1489 2049 1582 2096 quod
1604 2060 1684 2085 cum
1707 2049 1775 2085 tria
1796 2050 1867 2086 sint

314 2103 523 2149 gravissima
545 2103 689 2146 scelera,
712 2103 922 2147 idololatria,
945 2103 1168 2141 homicidium
1191 2109 1227 2141 et
1250 2106 1474 2149 adulterium,
1498 2106 1650 2142 exclusis
1673 2106 1767 2142 etin
1789 2118 1865 2153 per-

312 2165 455 2207 petuum
481 2160 616 2196 reiectis
644 2160 780 2196 duobus
806 2161 946 2208 reliquis
974 2162 1086 2197 solum
1114 2162 1274 2199 adulterii
1299 2163 1430 2199 crimen
1452 2162 1496 2198 ad
1518 2163 1658 2199 veniam
1679 2158 1864 2211 exceperit.

318 2218 410 2258 Quid
425 2220 517 2263 eyia,
539 2217 667 2264 inquit,
689 2218 885 2253 mollissima
908 2224 941 2253 et
960 2218 1201 2254 humanissima
1226 2220 1435 2266 disciplina!
1480 2220 1554 2255 Aut
1573 2220 1722 2255 omnibus
1737 2222 1786 2255 eis
1802 2221 1864 2256 Ιιοο

315 2287 384 2310 esee
401 2275 533 2310 debebis
548 2275 657 2316 (beati
672 2276 757 2310 em'm
771 2277 944 2322 pacffici),
968 2282 1027 2311 aut
1044 2278 1076 2310 si
1096 2289 1161 2311 non
1181 2277 1346 2319 omnibus,
1370 2281 1487 2312 nocem
1509 2288 1589 2313 esse.
1638 2277 1866 2313 Idololatram

314 2333 445 2378 quidem
461 2338 494 2367 et
504 2332 707 2367 homicidam
723 2333 824 2367 comet
839 2333 997 2375 damnas,
1016 2333 1184 2368 moechum
1200 2345 1278 2369 vero
1295 2335 1336 2369 de
1351 2335 1460 2370 medio
1475 2336 1621 2380 excipis,
1643 2335 1865 2371 idololatriae

314 2401 547 2433 wccessorem,
561 2389 737 2424 homicidii
749 2394 1001 2433 antecessorem,
1013 2392 1185 2437 atr-iusque
1198 2391 1386 2436 coueyam!
1407 2390 1580 2426 Personae
1597 2393 1790 2438 acceptatio
1805 2397 1865 2435 est,

315 2447 577 2481 miserabiliores
600 2449 827 2493 poenitentias
850 2447 1027 2493 reliquisti.
1073 2447 1182 2482 Plane
1207 2450 1239 2482 si
1265 2448 1421 2483 oetentiae
1449 2449 1490 2483 de
1516 2448 1632 2494 quibus
1655 2450 1865 2494 patrociniis

317 2505 552 2549 exemplorum,
568 2510 828 2550 praeceptorum
846 2504 1048 2547 coelestium,
1071 2505 1136 2540 soli
1155 2504 1326 2540 moechias
1349 2511 1381 2541 et
1394 2508 1431 2540 in
1447 2506 1727 2552 casorm'cau'om‘
1741 2517 1865 2552 quoque

316 2564 454 2595 ianuam
465 2563 693 2607 poenitentiae
709 2562 896 2607 expandas.
927 2560 1020 2597 Ilaec
1035 2571 1110 2608 cap.
1125 2573 1158 2598 v.
1205 2561 1252 2597 At
1271 2564 1394 2609 postea
1415 2571 1490 2609 cap.
1509 2573 1575 2598 ιιι
1599 2561 1692 2597 Hinc
1716 2567 1766 2597 est
1779 2564 1868 2608 quod

317 2631 417 2663 neque
442 2618 674 2660 idololatriae,
699 2630 799 2663 neque
822 2620 983 2664 sanquim·
1000 2631 1075 2665 pax
1098 2618 1141 2653 ab
1166 2620 1318 2654 ecclesiis
1334 2618 1498 2655 redditur.
1546 2617 1642 2661 Quae
1666 2629 1865 2667 quanquam

317 2675 472 2710 Montani
488 2675 558 2711 iam
574 2675 729 2710 imbutus
746 2686 859 2710 errore
875 2675 1066 2723 scripserit,
1082 2686 1127 2712 ex
1143 2675 1220 2722 ipsa
1234 2678 1349 2712 tamen
1366 2674 1630 2723 argumentandi
1646 2676 1780 2712 ratione
1795 2676 1865 2712 col-

319 2731 444 2775 ligitur,
461 2731 561 2767 cortis
574 2732 776 2769 criminibus
789 2732 885 2779 pacis
898 2742 937 2768 ac
951 2732 1071 2768 veniae
1083 2743 1182 2780 spem
1197 2743 1258 2781 per
1273 2732 1332 2769 ilia
1346 2735 1502 2780 tempora
1518 2732 1730 2768 subtractam
1745 2733 1864 2771 fuisse.

320 2787 346 2822 15
350 2793 363 2823 t
378 2788 469 2823 enini
486 2800 529 2824 ex
546 2800 603 2832 eo,
620 2789 713 2836 qnod
728 2790 764 2825 in
781 2789 867 2825 libro
892 2789 933 2825 de
949 2789 1080 2826 IeIunio
1097 2793 1217 2826 contra
1232 2787 1416 2837 Psychicos
1433 2787 1620 2825 catholicos
1637 2790 1865 2837 reprehendit,

320 2845 409 2891 quod
435 2845 534 2881 unico
552 2845 844 2892 Quadragesimae
868 2846 996 2883 ieiunio
1021 2847 1175 2883 contenti
1198 2850 1334 2883 caetera
1355 2856 1378 2882 a
1398 2846 1618 2883 Montauistis
1646 2847 1788 2884 inventa
1812 2858 1864 2884 re-

319 2902 514 2949 pudiarent.
530 2902 839 2948 quadragesimalis
857 2903 976 2940 ieiunii
987 2907 1140 2940 vetustas
1152 2903 1218 2940 hoo
1233 2903 1309 2951 ipso
1321 2902 1523 2940 Tertulliani
1534 2903 1732 2940 testimonio
1745 2908 1865 2941 contra

320 2958 507 2995 haereticos
523 2957 705 2995 hodiernos
722 2960 919 3004 adstruitur,
936 2961 986 2996 ita
1000 2960 1155 3008 profecto
1171 2960 1306 2997 duobus
1323 2959 1393 2997 iliis
1409 2959 1551 3004 saltem,
1568 2960 1621 2996 vel
1638 2961 1748 2997 tribus
1765 2961 1862 2998 initio

320 3016 470 3063 pcccatis
485 3026 606 3063 pacem
626 3016 757 3053 nullam
779 3017 824 3053 ab
846 3017 991 3054 ecclesia
1011 3028 1231 3062 concessam,
1253 3027 1298 3054 ex
1320 3016 1473 3054 eiusdem
1495 3018 1677 3054 autoritate
1701 3028 1741 3054 ac
1762 3018 1863 3055 ratio-
