<?xml version="1.0" encoding="UTF-8"?>
<!DOCTYPE html PUBLIC "-//W3C//DTD XHTML 1.0 Transitional//EN"
    "http://www.w3.org/TR/xhtml1/DTD/xhtml1-transitional.dtd">
<html xmlns="http://www.w3.org/1999/xhtml" xml:lang="en" lang="en">
 <head>
  <title>
</title>
<meta http-equiv="Content-Type" content="text/html;charset=utf-8" />
  <meta name='ocr-system' content='tesseract 3.04.00' />
  <meta name='ocr-capabilities' content='ocr_page ocr_carea ocr_par ocr_line ocrx_word'/>
</head>
<body>
  <div class='ocr_page' id='page_1' title='image "./corporishaereseo03epip_0153.png"; bbox 0 0 2008 3294; ppageno 0'>
   <div class='ocr_carea' id='block_1_1' title="bbox 0 1961 11 2051">
    <p class='ocr_par' dir='ltr' id='par_1_1' title="bbox 0 1961 11 2051">
     <span class='ocr_line' id='line_1_1' title="bbox 0 1961 11 2051; textangle 90"><span class='ocrx_word' id='word_1_1' title='bbox 0 1961 11 2051; x_wconf 59' lang='lat' dir='ltr'><strong>ae-z-rw</strong></span> 
     </span>
    </p>
   </div>
   <div class='ocr_carea' id='block_1_2' title="bbox 247 229 1232 306">
    <p class='ocr_par' dir='ltr' id='par_1_2' title="bbox 247 229 1232 306">
     <span class='ocr_line' id='line_1_2' title="bbox 247 229 1232 306; baseline -0.006 -10"><span class='ocrx_word' id='word_1_2' title='bbox 247 261 312 296; x_wconf 74' lang='lat' dir='ltr'><strong>Kal</strong></span> <span class='ocrx_word' id='word_1_3' title='bbox 326 262 382 306; x_wconf 74' lang='grc' dir='ltr'><strong>τῆς</strong></span> <span class='ocrx_word' id='word_1_4' title='bbox 398 258 522 304; x_wconf 77' lang='grc' dir='ltr'><strong>πλάνης</strong></span> <span class='ocrx_word' id='word_1_5' title='bbox 537 255 578 293; x_wconf 78' lang='grc' dir='ltr'><strong>τὰ</strong></span> <span class='ocrx_word' id='word_1_6' title='bbox 594 257 812 305; x_wconf 73' lang='grc' dir='ltr'>βοσκήματα]</span> <span class='ocrx_word' id='word_1_7' title='bbox 835 229 996 293; x_wconf 63' lang='lat' dir='ltr'><strong>Eutime</strong></span> <span class='ocrx_word' id='word_1_8' title='bbox 1009 254 1052 289; x_wconf 83' lang='grc' dir='ltr'><strong>τὰ</strong></span> <span class='ocrx_word' id='word_1_9' title='bbox 1066 255 1232 301; x_wconf 72' lang='grc' dir='ltr'><strong>σχήματά.</strong></span> 
     </span>
    </p>
   </div>
   <div class='ocr_carea' id='block_1_3' title="bbox 160 357 1713 995">
    <p class='ocr_par' dir='ltr' id='par_1_3' title="bbox 655 357 1617 402">
     <span class='ocr_line' id='line_1_3' title="bbox 655 357 1617 402; baseline -0.006 -6"><span class='ocrx_word' id='word_1_10' title='bbox 655 360 716 396; x_wconf 85' lang='lat' dir='ltr'><strong>AD</strong></span> <span class='ocrx_word' id='word_1_11' title='bbox 746 357 953 396; x_wconf 72' lang='lat' dir='ltr'><strong>mnalsm</strong></span> <span class='ocrx_word' id='word_1_12' title='bbox 972 357 1218 394; x_wconf 82' lang='lat' dir='ltr'><strong>HAERESES.</strong></span> <span class='ocrx_word' id='word_1_13' title='bbox 1613 396 1617 402; x_wconf 85' lang='lat'><em>.</em></span> 
     </span>
    </p>

    <p class='ocr_par' dir='ltr' id='par_1_4' title="bbox 160 426 1713 995">
     <span class='ocr_line' id='line_1_4' title="bbox 252 426 1711 482; baseline -0.004 -15"><span class='ocrx_word' id='word_1_14' title='bbox 252 431 457 482; x_wconf 73' lang='grc' dir='ltr'>Ἰουδαϊσμὸς</span> <span class='ocrx_word' id='word_1_15' title='bbox 478 429 595 465; x_wconf 66' lang='grc' dir='ltr'>λοιπὸν</span> <span class='ocrx_word' id='word_1_16' title='bbox 613 429 796 477; x_wconf 80' lang='grc' dir='ltr'>μερισθείς.]</span> <span class='ocrx_word' id='word_1_17' title='bbox 832 428 883 464; x_wconf 85' lang='lat' dir='ltr'><strong>De</strong></span> <span class='ocrx_word' id='word_1_18' title='bbox 903 426 1053 464; x_wconf 83' lang='lat' dir='ltr'><strong>Iudaicis</strong></span> <span class='ocrx_word' id='word_1_19' title='bbox 1079 426 1288 462; x_wconf 72' lang='lat' dir='ltr'><strong>factionibus</strong></span> <span class='ocrx_word' id='word_1_20' title='bbox 1316 427 1476 474; x_wconf 72' lang='lat' dir='ltr'><strong>deinceps</strong></span> <span class='ocrx_word' id='word_1_21' title='bbox 1505 427 1596 474; x_wconf 76' lang='lat' dir='ltr'><strong>agit,</strong></span> <span class='ocrx_word' id='word_1_22' title='bbox 1623 436 1711 472; x_wconf 83' lang='lat' dir='ltr'><strong>quas</strong></span> 
     </span>
     <span class='ocr_line' id='line_1_5' title="bbox 162 482 1712 533; baseline -0.005 -6"><span class='ocrx_word' id='word_1_23' title='bbox 162 493 243 527; x_wconf 85' lang='lat' dir='ltr'><strong>ante</strong></span> <span class='ocrx_word' id='word_1_24' title='bbox 271 483 611 526; x_wconf 72' lang='lat' dir='ltr'><strong>Ohris&#39;fi&#39;adventum</strong></span> <span class='ocrx_word' id='word_1_25' title='bbox 638 490 799 533; x_wconf 81' lang='lat' dir='ltr'><strong>septenas</strong></span> <span class='ocrx_word' id='word_1_26' title='bbox 821 487 986 522; x_wconf 85' lang='lat' dir='ltr'><strong>recenset.</strong></span> <span class='ocrx_word' id='word_1_27' title='bbox 1026 482 1126 526; x_wconf 81' lang='lat' dir='ltr'><strong>Quod</strong></span> <span class='ocrx_word' id='word_1_28' title='bbox 1147 483 1322 524; x_wconf 79' lang='grc' dir='ltr'>πλατυκῶς</span> <span class='ocrx_word' id='word_1_29' title='bbox 1352 487 1387 519; x_wconf 84' lang='lat' dir='ltr'><strong>et</strong></span> <span class='ocrx_word' id='word_1_30' title='bbox 1406 484 1530 531; x_wconf 84' lang='lat' dir='ltr'><strong>pingui</strong></span> <span class='ocrx_word' id='word_1_31' title='bbox 1554 483 1712 519; x_wconf 77' lang='lat' dir='ltr'><strong>Minerva</strong></span> 
     </span>
     <span class='ocr_line' id='line_1_6' title="bbox 161 541 1711 591; baseline -0.005 -7"><span class='ocrx_word' id='word_1_32' title='bbox 161 549 291 584; x_wconf 84' lang='lat' dir='ltr'><strong>dictum</strong></span> <span class='ocrx_word' id='word_1_33' title='bbox 307 549 370 582; x_wconf 84' lang='lat' dir='ltr'><strong>est.</strong></span> <span class='ocrx_word' id='word_1_34' title='bbox 408 545 498 581; x_wconf 85' lang='lat' dir='ltr'><strong>Nam</strong></span> <span class='ocrx_word' id='word_1_35' title='bbox 512 548 583 580; x_wconf 82' lang='lat' dir='ltr'><strong>tres</strong></span> <span class='ocrx_word' id='word_1_36' title='bbox 599 548 735 580; x_wconf 81' lang='lat' dir='ltr'><strong>constat</strong></span> <span class='ocrx_word' id='word_1_37' title='bbox 749 543 842 591; x_wconf 87' lang='lat' dir='ltr'><strong>apud</strong></span> <span class='ocrx_word' id='word_1_38' title='bbox 855 542 1000 578; x_wconf 85' lang='lat' dir='ltr'><strong>Iudaeos</strong></span> <span class='ocrx_word' id='word_1_39' title='bbox 1016 541 1125 576; x_wconf 80' lang='lat' dir='ltr'><strong>fuisse</strong></span> <span class='ocrx_word' id='word_1_40' title='bbox 1141 544 1274 583; x_wconf 53' lang='lat' dir='ltr'><strong>sectam</strong></span> <span class='ocrx_word' id='word_1_41' title='bbox 1298 545 1454 576; x_wconf 81' lang='lat' dir='ltr'><strong>caeteras</strong></span> <span class='ocrx_word' id='word_1_42' title='bbox 1464 568 1472 584; x_wconf 93' lang='lat'>‚</span> <span class='ocrx_word' id='word_1_43' title='bbox 1494 553 1583 588; x_wconf 84' lang='lat' dir='ltr'><strong>quae</strong></span> <span class='ocrx_word' id='word_1_44' title='bbox 1598 553 1620 577; x_wconf 88' lang='lat' dir='ltr'><strong>a</strong></span> <span class='ocrx_word' id='word_1_45' title='bbox 1633 541 1711 577; x_wconf 81' lang='lat' dir='ltr'><strong>Phi-</strong></span> 
     </span>
     <span class='ocr_line' id='line_1_7' title="bbox 161 598 1712 649; baseline -0.004 -8"><span class='ocrx_word' id='word_1_46' title='bbox 161 605 297 649; x_wconf 54' lang='lat' dir='ltr'><strong>lutrio,</strong></span> <span class='ocrx_word' id='word_1_47' title='bbox 312 604 444 639; x_wconf 81' lang='lat' dir='ltr'><strong>Isidoro</strong></span> <span class='ocrx_word' id='word_1_48' title='bbox 460 606 496 638; x_wconf 89' lang='lat' dir='ltr'><strong>et</strong></span> <span class='ocrx_word' id='word_1_49' title='bbox 509 601 574 637; x_wconf 87' lang='lat' dir='ltr'><strong>hoc</strong></span> <span class='ocrx_word' id='word_1_50' title='bbox 589 605 709 637; x_wconf 88' lang='lat' dir='ltr'><strong>nostro</strong></span> <span class='ocrx_word' id='word_1_51' title='bbox 725 603 968 643; x_wconf 80' lang='lat' dir='ltr'><strong>numerantur,</strong></span> <span class='ocrx_word' id='word_1_52' title='bbox 988 599 1116 647; x_wconf 79' lang='lat' dir='ltr'><strong>partim</strong></span> <span class='ocrx_word' id='word_1_53' title='bbox 1138 598 1346 634; x_wconf 80' lang='lat' dir='ltr'><strong>ludaeorum</strong></span> <span class='ocrx_word' id='word_1_54' title='bbox 1364 610 1435 634; x_wconf 89' lang='lat' dir='ltr'><strong>non</strong></span> <span class='ocrx_word' id='word_1_55' title='bbox 1451 610 1528 634; x_wconf 85' lang='lat' dir='ltr'><strong>esse</strong></span> <span class='ocrx_word' id='word_1_56' title='bbox 1542 600 1712 646; x_wconf 80' lang='lat' dir='ltr'><strong>proprias,</strong></span> 
     </span>
     <span class='ocr_line' id='line_1_8' title="bbox 160 655 1711 710; baseline -0.005 -11"><span class='ocrx_word' id='word_1_57' title='bbox 160 663 287 710; x_wconf 83' lang='lat' dir='ltr'><strong>partim</strong></span> <span class='ocrx_word' id='word_1_58' title='bbox 300 672 344 697; x_wconf 88' lang='lat' dir='ltr'><strong>ne</strong></span> <span class='ocrx_word' id='word_1_59' title='bbox 358 660 519 696; x_wconf 78' lang='lat' dir='ltr'>haereses</span> <span class='ocrx_word' id='word_1_60' title='bbox 536 659 676 706; x_wconf 87' lang='lat' dir='ltr'><strong>quidem</strong></span> <span class='ocrx_word' id='word_1_61' title='bbox 688 658 813 702; x_wconf 87' lang='lat' dir='ltr'><strong>videri,</strong></span> <span class='ocrx_word' id='word_1_62' title='bbox 835 657 961 705; x_wconf 69' lang='lat' dir='ltr'><strong>partim</strong></span> <span class='ocrx_word' id='word_1_63' title='bbox 983 656 1130 702; x_wconf 82' lang='lat' dir='ltr'><strong>denique</strong></span> <span class='ocrx_word' id='word_1_64' title='bbox 1153 666 1175 690; x_wconf 82' lang='lat' dir='ltr'><strong>a</strong></span> <span class='ocrx_word' id='word_1_65' title='bbox 1195 655 1306 690; x_wconf 84' lang='lat' dir='ltr'><strong>tribus</strong></span> <span class='ocrx_word' id='word_1_66' title='bbox 1327 656 1397 691; x_wconf 86' lang='lat' dir='ltr'><strong>illis</strong></span> <span class='ocrx_word' id='word_1_67' title='bbox 1419 657 1622 692; x_wconf 68' lang='lat' dir='ltr'><strong>matricibus</strong></span> <span class='ocrx_word' id='word_1_68' title='bbox 1639 668 1711 693; x_wconf 88' lang='lat' dir='ltr'><strong>non</strong></span> 
     </span>
     <span class='ocr_line' id='line_1_9' title="bbox 162 713 1713 764; baseline -0.005 -8"><span class='ocrx_word' id='word_1_69' title='bbox 162 720 238 756; x_wconf 84' lang='lat' dir='ltr'><strong>esse</strong></span> <span class='ocrx_word' id='word_1_70' title='bbox 268 718 465 760; x_wconf 87' lang='lat' dir='ltr'><strong>distinctas,</strong></span> <span class='ocrx_word' id='word_1_71' title='bbox 493 727 582 764; x_wconf 82' lang='lat' dir='ltr'><strong>quae</strong></span> <span class='ocrx_word' id='word_1_72' title='bbox 618 719 699 752; x_wconf 89' lang='lat' dir='ltr'><strong>sunt</strong></span> <span class='ocrx_word' id='word_1_73' title='bbox 729 715 1006 756; x_wconf 85' lang='lat' dir='ltr'><strong>Pharisaeorum,</strong></span> <span class='ocrx_word' id='word_1_74' title='bbox 1030 713 1344 756; x_wconf 67' lang='lat' dir='ltr'><strong>Sadducaeorum,</strong></span> <span class='ocrx_word' id='word_1_75' title='bbox 1378 713 1599 751; x_wconf 82' lang='lat' dir='ltr'><strong>Essenorum.</strong></span> <span class='ocrx_word' id='word_1_76' title='bbox 1661 714 1713 749; x_wconf 88' lang='lat' dir='ltr'><strong>De</strong></span> 
     </span>
     <span class='ocr_line' id='line_1_10' title="bbox 161 770 1712 825; baseline -0.003 -12"><span class='ocrx_word' id='word_1_77' title='bbox 161 777 287 825; x_wconf 86' lang='lat' dir='ltr'><strong>quibus</strong></span> <span class='ocrx_word' id='word_1_78' title='bbox 309 775 472 823; x_wconf 84' lang='lat' dir='ltr'><strong>quoniam</strong></span> <span class='ocrx_word' id='word_1_79' title='bbox 500 784 639 809; x_wconf 84' lang='lat' dir='ltr'><strong>summa</strong></span> <span class='ocrx_word' id='word_1_80' title='bbox 662 784 743 808; x_wconf 92' lang='lat' dir='ltr'><strong>cum</strong></span> <span class='ocrx_word' id='word_1_81' title='bbox 769 772 959 809; x_wconf 76' lang='lat' dir='ltr'><strong>eruditione</strong></span> <span class='ocrx_word' id='word_1_82' title='bbox 984 781 1027 807; x_wconf 84' lang='lat' dir='ltr'><strong>ao</strong></span> <span class='ocrx_word' id='word_1_83' title='bbox 1051 770 1233 817; x_wconf 79' lang='lat' dir='ltr'><strong>diligentia</strong></span> <span class='ocrx_word' id='word_1_84' title='bbox 1255 770 1429 806; x_wconf 87' lang='lat' dir='ltr'><strong>Serrarius</strong></span> <span class='ocrx_word' id='word_1_85' title='bbox 1443 775 1576 807; x_wconf 84' lang='lat' dir='ltr'><strong>&#39;noster</strong></span> <span class='ocrx_word' id='word_1_86' title='bbox 1602 773 1712 808; x_wconf 84' lang='lat' dir='ltr'><strong>tribus</strong></span> 
     </span>
     <span class='ocr_line' id='line_1_11' title="bbox 164 828 1713 878; baseline -0.003 -8"><span class='ocrx_word' id='word_1_87' title='bbox 164 834 261 877; x_wconf 80' lang='lat' dir='ltr'><strong>libris</strong></span> <span class='ocrx_word' id='word_1_88' title='bbox 278 832 458 876; x_wconf 75' lang='lat' dir='ltr'><strong>disseruit,</strong></span> <span class='ocrx_word' id='word_1_89' title='bbox 473 835 509 867; x_wconf 88' lang='lat' dir='ltr'><strong>et</strong></span> <span class='ocrx_word' id='word_1_90' title='bbox 523 842 612 878; x_wconf 83' lang='lat' dir='ltr'><strong>quae</strong></span> <span class='ocrx_word' id='word_1_91' title='bbox 628 830 670 866; x_wconf 92' lang='lat' dir='ltr'><strong>de</strong></span> <span class='ocrx_word' id='word_1_92' title='bbox 686 831 730 866; x_wconf 90' lang='lat' dir='ltr'><strong>iis</strong></span> <span class='ocrx_word' id='word_1_93' title='bbox 746 829 922 866; x_wconf 84' lang='lat' dir='ltr'><strong>observari</strong></span> <span class='ocrx_word' id='word_1_94' title='bbox 936 839 958 865; x_wconf 90' lang='lat' dir='ltr'><strong>a</strong></span> <span class='ocrx_word' id='word_1_95' title='bbox 972 838 1030 865; x_wconf 84' lang='lat' dir='ltr'><strong>me</strong></span> <span class='ocrx_word' id='word_1_96' title='bbox 1042 831 1187 875; x_wconf 79' lang='lat' dir='ltr'><strong>possent</strong></span> <span class='ocrx_word' id='word_1_97' title='bbox 1201 828 1384 874; x_wconf 83' lang='lat' dir='ltr'><strong>occupavit</strong></span> <span class='ocrx_word' id='word_1_98' title='bbox 1398 829 1534 871; x_wconf 83' lang='lat' dir='ltr'><strong>omnia,</strong></span> <span class='ocrx_word' id='word_1_99' title='bbox 1551 830 1713 876; x_wconf 85' lang='lat' dir='ltr'><strong>cupidum</strong></span> 
     </span>
     <span class='ocr_line' id='line_1_12' title="bbox 163 885 1713 933; baseline -0.003 -6"><span class='ocrx_word' id='word_1_100' title='bbox 163 902 283 927; x_wconf 85' lang='lat' dir='ltr'><strong>earum</strong></span> <span class='ocrx_word' id='word_1_101' title='bbox 297 901 415 926; x_wconf 85' lang='lat' dir='ltr'><strong>rerum</strong></span> <span class='ocrx_word' id='word_1_102' title='bbox 428 889 593 924; x_wconf 87' lang='lat' dir='ltr'><strong>lectorem</strong></span> <span class='ocrx_word' id='word_1_103' title='bbox 609 888 653 923; x_wconf 92' lang='lat' dir='ltr'><strong>ad</strong></span> <span class='ocrx_word' id='word_1_104' title='bbox 668 888 760 923; x_wconf 92' lang='lat' dir='ltr'><strong>illius</strong></span> <span class='ocrx_word' id='word_1_105' title='bbox 774 885 1049 924; x_wconf 67' lang='lat' dir='ltr'><strong>lucubationem</strong></span> <span class='ocrx_word' id='word_1_106' title='bbox 1060 885 1303 923; x_wconf 79' lang='lat' dir='ltr'><strong>dimittendum</strong></span> <span class='ocrx_word' id='word_1_107' title='bbox 1317 886 1434 932; x_wconf 86' lang='lat' dir='ltr'><strong>potius</strong></span> <span class='ocrx_word' id='word_1_108' title='bbox 1446 886 1592 921; x_wconf 86' lang='lat' dir='ltr'><strong>arbitror</strong></span> <span class='ocrx_word' id='word_1_109' title='bbox 1606 898 1713 933; x_wconf 82' lang='lat' dir='ltr'><strong>quam</strong></span> 
     </span>
     <span class='ocr_line' id='line_1_13' title="bbox 162 941 1712 995; baseline -0.003 -11"><span class='ocrx_word' id='word_1_110' title='bbox 162 949 275 984; x_wconf 81' lang='lat' dir='ltr'><strong>otiosa</strong></span> <span class='ocrx_word' id='word_1_111' title='bbox 289 947 493 995; x_wconf 78' lang='lat' dir='ltr'><strong>repetitione</strong></span> <span class='ocrx_word' id='word_1_112' title='bbox 517 945 750 982; x_wconf 87' lang='lat' dir='ltr'><strong>detinendum.</strong></span> <span class='ocrx_word' id='word_1_113' title='bbox 787 943 950 981; x_wconf 73' lang='lat' dir='ltr'><strong>Conferat</strong></span> <span class='ocrx_word' id='word_1_114' title='bbox 964 943 1071 979; x_wconf 81' lang='lat' dir='ltr'><strong>etiam</strong></span> <span class='ocrx_word' id='word_1_115' title='bbox 1085 942 1118 990; x_wconf 74' lang='lat' dir='ltr'><strong>si</strong></span> <span class='ocrx_word' id='word_1_116' title='bbox 1131 942 1234 978; x_wconf 82' lang='lat' dir='ltr'><strong>lubet</strong></span> <span class='ocrx_word' id='word_1_117' title='bbox 1241 951 1322 978; x_wconf 88' lang='lat' dir='ltr'><strong>cum</strong></span> <span class='ocrx_word' id='word_1_118' title='bbox 1337 941 1483 978; x_wconf 83' lang='lat' dir='ltr'><strong>Serrarii</strong></span> <span class='ocrx_word' id='word_1_119' title='bbox 1498 943 1712 979; x_wconf 82' lang='lat' dir='ltr'><strong>Trihaeresio</strong></span> 
     </span>
    </p>
   </div>
   <div class='ocr_carea' id='block_1_4' title="bbox 120 987 1712 1054">
    <p class='ocr_par' dir='ltr' id='par_1_5' title="bbox 120 987 1712 1054">
     <span class='ocr_line' id='line_1_14' title="bbox 120 987 1712 1054; baseline -0.003 -13"><span class='ocrx_word' id='word_1_120' title='bbox 120 1019 130 1026; x_wconf 68' lang='lat'><strong><em>‘</em></strong></span> <span class='ocrx_word' id='word_1_121' title='bbox 161 1017 202 1041; x_wconf 82' lang='lat' dir='ltr'><strong>ac</strong></span> <span class='ocrx_word' id='word_1_122' title='bbox 216 1005 414 1054; x_wconf 77' lang='lat' dir='ltr'><strong>fflnervali,</strong></span> <span class='ocrx_word' id='word_1_123' title='bbox 439 1015 528 1050; x_wconf 82' lang='lat' dir='ltr'><strong>quae</strong></span> <span class='ocrx_word' id='word_1_124' title='bbox 543 1003 690 1038; x_wconf 89' lang='lat' dir='ltr'><strong>Drusius</strong></span> <span class='ocrx_word' id='word_1_125' title='bbox 707 1006 743 1038; x_wconf 92' lang='lat' dir='ltr'><strong>et</strong></span> <span class='ocrx_word' id='word_1_126' title='bbox 757 1003 816 1038; x_wconf 87' lang='lat' dir='ltr'><strong>alii</strong></span> <span class='ocrx_word' id='word_1_127' title='bbox 832 1001 971 1048; x_wconf 82' lang='lat' dir='ltr'><strong>quidam</strong></span> <span class='ocrx_word' id='word_1_128' title='bbox 987 1000 1029 1036; x_wconf 85' lang='lat' dir='ltr'><strong>de</strong></span> <span class='ocrx_word' id='word_1_129' title='bbox 1044 987 1166 1036; x_wconf 76' lang='lat' dir='ltr'><strong>eodem</strong></span> <span class='ocrx_word' id='word_1_130' title='bbox 1176 1003 1382 1046; x_wconf 82' lang='lat' dir='ltr'><strong>argumento</strong></span> <span class='ocrx_word' id='word_1_131' title='bbox 1395 1001 1617 1047; x_wconf 84' lang='lat' dir='ltr'><strong>scripserunt.</strong></span> <span class='ocrx_word' id='word_1_132' title='bbox 1641 1001 1712 1036; x_wconf 84' lang='lat' dir='ltr'><strong>Nos</strong></span> 
     </span>
    </p>
   </div>
   <div class='ocr_carea' id='block_1_5' title="bbox 162 1047 1714 1157">
    <p class='ocr_par' dir='ltr' id='par_1_6' title="bbox 162 1047 1714 1157">
     <span class='ocr_line' id='line_1_15' title="bbox 163 1047 1714 1107; baseline -0.004 -8"><span class='ocrx_word' id='word_1_133' title='bbox 163 1063 256 1099; x_wconf 90' lang='lat' dir='ltr'><strong>enim</strong></span> <span class='ocrx_word' id='word_1_134' title='bbox 271 1047 328 1099; x_wconf 82' lang='lat' dir='ltr'><strong>hic</strong></span> <span class='ocrx_word' id='word_1_135' title='bbox 343 1072 386 1101; x_wconf 80' lang='lat' dir='ltr'><strong>ea</strong></span> <span class='ocrx_word' id='word_1_136' title='bbox 400 1065 534 1098; x_wconf 79' lang='lat' dir='ltr'><strong>tantum</strong></span> <span class='ocrx_word' id='word_1_137' title='bbox 560 1060 803 1096; x_wconf 78' lang='lat' dir='ltr'><strong>adnotabimus</strong></span> <span class='ocrx_word' id='word_1_138' title='bbox 825 1069 914 1107; x_wconf 83' lang='lat' dir='ltr'><strong>quae</strong></span> <span class='ocrx_word' id='word_1_139' title='bbox 929 1058 974 1095; x_wconf 85' lang='lat' dir='ltr'><strong>ad</strong></span> <span class='ocrx_word' id='word_1_140' title='bbox 995 1057 1242 1095; x_wconf 79' lang='lat' dir='ltr'><strong>illustrandum</strong></span> <span class='ocrx_word' id='word_1_141' title='bbox 1264 1057 1496 1105; x_wconf 72' lang='lat' dir='ltr'><strong>EpIphanium</strong></span> <span class='ocrx_word' id='word_1_142' title='bbox 1517 1060 1714 1094; x_wconf 84' lang='lat' dir='ltr'><strong>necessaria</strong></span> 
     </span>
     <span class='ocr_line' id='line_1_16' title="bbox 162 1119 382 1157; baseline -0.009 0"><span class='ocrx_word' id='word_1_143' title='bbox 162 1119 382 1157; x_wconf 80' lang='lat' dir='ltr'><strong>videbuntur.</strong></span> 
     </span>
    </p>
   </div>
   <div class='ocr_carea' id='block_1_6' title="bbox 573 1206 1299 1246">
    <p class='ocr_par' dir='ltr' id='par_1_7' title="bbox 573 1206 1299 1246">
     <span class='ocr_line' id='line_1_17' title="bbox 573 1206 1299 1246; baseline -0.004 0"><span class='ocrx_word' id='word_1_144' title='bbox 573 1209 632 1246; x_wconf 89' lang='lat' dir='ltr'><strong>DE</strong></span> <span class='ocrx_word' id='word_1_145' title='bbox 656 1206 937 1246; x_wconf 85' lang='lat' dir='ltr'><strong>SADDUCAEIS</strong></span> <span class='ocrx_word' id='word_1_146' title='bbox 960 1207 1181 1245; x_wconf 80' lang='lat' dir='ltr'><strong>HAERESIS</strong></span> <span class='ocrx_word' id='word_1_147' title='bbox 1203 1207 1299 1244; x_wconf 84' lang='lat' dir='ltr'>XIV.</span> 
     </span>
    </p>
   </div>
   <div class='ocr_carea' id='block_1_7' title="bbox 160 1286 1716 3065">
    <p class='ocr_par' dir='ltr' id='par_1_8' title="bbox 160 1286 1716 1970">
     <span class='ocr_line' id='line_1_18' title="bbox 252 1286 1714 1339; baseline -0.001 -12"><span class='ocrx_word' id='word_1_148' title='bbox 252 1291 383 1339; x_wconf 84' lang='grc' dir='ltr'>Πρῶτοι</span> <span class='ocrx_word' id='word_1_149' title='bbox 398 1291 617 1326; x_wconf 66' lang='grc' dir='ltr'>Σαδδουκαῖοι</span> <span class='ocrx_word' id='word_1_150' title='bbox 633 1288 837 1337; x_wconf 80' lang='grc' dir='ltr'>ἀπόσπασμα</span> <span class='ocrx_word' id='word_1_151' title='bbox 853 1286 970 1334; x_wconf 54' lang='grc' dir='ltr'><strong>ὄντες]</strong></span> <span class='ocrx_word' id='word_1_152' title='bbox 992 1289 1167 1332; x_wconf 86' lang='lat' dir='ltr'><strong>Quantum</strong></span> <span class='ocrx_word' id='word_1_153' title='bbox 1188 1299 1233 1325; x_wconf 85' lang='lat' dir='ltr'><strong>ex</strong></span> <span class='ocrx_word' id='word_1_154' title='bbox 1249 1288 1321 1333; x_wconf 87' lang='lat' dir='ltr'><strong>his,</strong></span> <span class='ocrx_word' id='word_1_155' title='bbox 1342 1299 1433 1337; x_wconf 83' lang='lat' dir='ltr'><strong>quae</strong></span> <span class='ocrx_word' id='word_1_156' title='bbox 1448 1288 1661 1337; x_wconf 76' lang='lat' dir='ltr'><strong>Epiphanius</strong></span> <span class='ocrx_word' id='word_1_157' title='bbox 1677 1291 1714 1326; x_wconf 89' lang='lat' dir='ltr'><strong>in</strong></span> 
     </span>
     <span class='ocr_line' id='line_1_19' title="bbox 162 1346 1714 1397; baseline -0.002 -11"><span class='ocrx_word' id='word_1_158' title='bbox 162 1350 217 1386; x_wconf 86' lang='lat' dir='ltr'><strong>his</strong></span> <span class='ocrx_word' id='word_1_159' title='bbox 234 1350 336 1386; x_wconf 78' lang='lat' dir='ltr'><strong>sectis</strong></span> <span class='ocrx_word' id='word_1_160' title='bbox 350 1348 516 1397; x_wconf 85' lang='lat' dir='ltr'><strong>prodidit,</strong></span> <span class='ocrx_word' id='word_1_161' title='bbox 533 1348 651 1395; x_wconf 89' lang='lat' dir='ltr'><strong>colligi</strong></span> <span class='ocrx_word' id='word_1_162' title='bbox 669 1347 889 1396; x_wconf 84' lang='lat' dir='ltr'><strong>potest,.duo</strong></span> <span class='ocrx_word' id='word_1_163' title='bbox 911 1347 1007 1384; x_wconf 80' lang='lat' dir='ltr'><strong>fuere</strong></span> <span class='ocrx_word' id='word_1_164' title='bbox 1028 1346 1198 1384; x_wconf 85' lang='lat' dir='ltr'><strong>Dosithei.</strong></span> <span class='ocrx_word' id='word_1_165' title='bbox 1242 1347 1356 1390; x_wconf 80' lang='lat' dir='ltr'><strong>Alter,</strong></span> <span class='ocrx_word' id='word_1_166' title='bbox 1377 1347 1538 1394; x_wconf 75' lang='lat' dir='ltr'><strong>idemque</strong></span> <span class='ocrx_word' id='word_1_167' title='bbox 1558 1352 1714 1396; x_wconf 81' lang='lat' dir='ltr'><strong>tempore</strong></span> 
     </span>
     <span class='ocr_line' id='line_1_20' title="bbox 163 1405 1713 1456; baseline -0.001 -13"><span class='ocrx_word' id='word_1_168' title='bbox 163 1408 346 1455; x_wconf 78' lang='lat' dir='ltr'><strong>posterior,</strong></span> <span class='ocrx_word' id='word_1_169' title='bbox 375 1406 631 1456; x_wconf 73' lang='lat' dir='ltr'><strong>Samaritanus,</strong></span> <span class='ocrx_word' id='word_1_170' title='bbox 655 1407 753 1443; x_wconf 88' lang='lat' dir='ltr'><strong>cuius</strong></span> <span class='ocrx_word' id='word_1_171' title='bbox 776 1406 935 1449; x_wconf 74' lang='lat' dir='ltr'><strong>meminit</strong></span> <span class='ocrx_word' id='word_1_172' title='bbox 957 1405 1144 1452; x_wconf 72' lang='lat' dir='ltr'><strong>Origenes,</strong></span> <span class='ocrx_word' id='word_1_173' title='bbox 1165 1405 1253 1440; x_wconf 89' lang='lat' dir='ltr'><strong>alter</strong></span> <span class='ocrx_word' id='word_1_174' title='bbox 1267 1405 1372 1452; x_wconf 81' lang='lat' dir='ltr'><strong>longe</strong></span> <span class='ocrx_word' id='word_1_175' title='bbox 1393 1405 1583 1453; x_wconf 82' lang='lat' dir='ltr'><strong>antiquior3</strong></span> <span class='ocrx_word' id='word_1_176' title='bbox 1607 1417 1629 1441; x_wconf 87' lang='lat' dir='ltr'><strong>a</strong></span> <span class='ocrx_word' id='word_1_177' title='bbox 1644 1418 1713 1453; x_wconf 86' lang='lat' dir='ltr'><strong>qno</strong></span> 
     </span>
     <span class='ocr_line' id='line_1_21' title="bbox 164 1458 1713 1513; baseline -0.001 -12"><span class='ocrx_word' id='word_1_178' title='bbox 164 1467 374 1513; x_wconf 85' lang='lat' dir='ltr'><strong>propagatos</strong></span> <span class='ocrx_word' id='word_1_179' title='bbox 390 1475 467 1499; x_wconf 88' lang='lat' dir='ltr'><strong>esse</strong></span> <span class='ocrx_word' id='word_1_180' title='bbox 483 1463 682 1500; x_wconf 76' lang='lat' dir='ltr'><strong>Seducaeos</strong></span> <span class='ocrx_word' id='word_1_181' title='bbox 697 1475 768 1500; x_wconf 90' lang='lat' dir='ltr'><strong>non</strong></span> <span class='ocrx_word' id='word_1_182' title='bbox 782 1458 996 1512; x_wconf 70' lang='lat' dir='ltr'><strong>Epiphanius</strong></span> <span class='ocrx_word' id='word_1_183' title='bbox 1012 1463 1143 1506; x_wconf 76' lang='lat' dir='ltr'><strong>solnm,</strong></span> <span class='ocrx_word' id='word_1_184' title='bbox 1164 1463 1229 1498; x_wconf 84' lang='lat' dir='ltr'><strong>sed</strong></span> <span class='ocrx_word' id='word_1_185' title='bbox 1242 1462 1347 1499; x_wconf 84' lang='lat' dir='ltr'><strong>etiam</strong></span> <span class='ocrx_word' id='word_1_186' title='bbox 1362 1462 1592 1510; x_wconf 75' lang='lat' dir='ltr'><strong>Hieronymus</strong></span> <span class='ocrx_word' id='word_1_187' title='bbox 1608 1466 1713 1499; x_wconf 83' lang='lat' dir='ltr'><strong>testa-</strong></span> 
     </span>
     <span class='ocr_line' id='line_1_22' title="bbox 165 1519 1714 1568; baseline -0.001 -10"><span class='ocrx_word' id='word_1_188' title='bbox 165 1526 221 1558; x_wconf 89' lang='lat' dir='ltr'><strong>tur</strong></span> <span class='ocrx_word' id='word_1_189' title='bbox 231 1549 239 1565; x_wconf 96' lang='lat'><strong>‚</strong></span> <span class='ocrx_word' id='word_1_190' title='bbox 254 1522 405 1568; x_wconf 90' lang='lat' dir='ltr'><strong>Dialogo</strong></span> <span class='ocrx_word' id='word_1_191' title='bbox 421 1524 542 1557; x_wconf 80' lang='lat' dir='ltr'><strong>contra</strong></span> <span class='ocrx_word' id='word_1_192' title='bbox 555 1521 704 1558; x_wconf 78' lang='lat' dir='ltr'><strong>Lucifer.</strong></span> <span class='ocrx_word' id='word_1_193' title='bbox 726 1519 855 1564; x_wconf 82' lang='lat' dir='ltr'><strong>Taceo,</strong></span> <span class='ocrx_word' id='word_1_194' title='bbox 869 1521 1001 1568; x_wconf 75' lang='lat' dir='ltr'><strong>inquit,</strong></span> <span class='ocrx_word' id='word_1_195' title='bbox 1018 1522 1060 1556; x_wconf 79' lang='lat' dir='ltr'><strong>de</strong></span> <span class='ocrx_word' id='word_1_196' title='bbox 1074 1521 1246 1556; x_wconf 63' lang='lat' dir='ltr'><strong>Iudaismi</strong></span> <span class='ocrx_word' id='word_1_197' title='bbox 1260 1519 1461 1563; x_wconf 54' lang='lat' dir='ltr'><strong>haereticae,</strong></span> <span class='ocrx_word' id='word_1_198' title='bbox 1485 1524 1543 1567; x_wconf 74' lang='lat' dir='ltr'><strong>qun·</strong></span> <span class='ocrx_word' id='word_1_199' title='bbox 1555 1527 1636 1556; x_wconf 66' lang='lat' dir='ltr'><strong>aare</strong></span> <span class='ocrx_word' id='word_1_200' title='bbox 1651 1523 1714 1557; x_wconf 78' lang='lat' dir='ltr'><strong>ad-</strong></span> 
     </span>
     <span class='ocr_line' id='line_1_23' title="bbox 165 1576 1715 1625; baseline 0 -11"><span class='ocrx_word' id='word_1_201' title='bbox 165 1582 294 1615; x_wconf 71' lang='lat' dir='ltr'><strong>ventum</strong></span> <span class='ocrx_word' id='word_1_202' title='bbox 326 1579 456 1615; x_wconf 74' lang='lat' dir='ltr'><strong>Christi</strong></span> <span class='ocrx_word' id='word_1_203' title='bbox 484 1580 587 1624; x_wconf 71' lang='lat' dir='ltr'><strong>teqem</strong></span> <span class='ocrx_word' id='word_1_204' title='bbox 621 1579 784 1614; x_wconf 65' lang='lat' dir='ltr'><strong>traditam</strong></span> <span class='ocrx_word' id='word_1_205' title='bbox 813 1576 1044 1625; x_wconf 60' lang='lat' dir='ltr'><strong>&#39;diesapamnte</strong></span> <span class='ocrx_word' id='word_1_206' title='bbox 1072 1579 1160 1624; x_wconf 78' lang='lat' dir='ltr'><strong>quod</strong></span> <span class='ocrx_word' id='word_1_207' title='bbox 1186 1577 1384 1620; x_wconf 68' lang='lat' dir='ltr'><strong>Doeiebeus,</strong></span> <span class='ocrx_word' id='word_1_208' title='bbox 1419 1578 1715 1614; x_wconf 72' lang='lat' dir='ltr'><strong>Samaritanorum</strong></span> 
     </span>
     <span class='ocr_line' id='line_1_24' title="bbox 160 1632 1716 1686; baseline -0.001 -14"><span class='ocrx_word' id='word_1_209' title='bbox 160 1632 347 1684; x_wconf 69' lang='lat' dir='ltr'><strong>princeps,</strong></span> <span class='ocrx_word' id='word_1_210' title='bbox 363 1634 549 1684; x_wconf 70' lang='lat' dir='ltr'><strong>prophetas</strong></span> <span class='ocrx_word' id='word_1_211' title='bbox 563 1637 774 1683; x_wconf 74' lang='lat' dir='ltr'><strong>repudiavit,</strong></span> <span class='ocrx_word' id='word_1_212' title='bbox 795 1637 884 1686; x_wconf 81' lang='lat' dir='ltr'><strong>quod</strong></span> <span class='ocrx_word' id='word_1_213' title='bbox 902 1635 1102 1672; x_wconf 73' lang='lat' dir='ltr'><strong>Sadducaei</strong></span> <span class='ocrx_word' id='word_1_214' title='bbox 1116 1648 1158 1671; x_wconf 71' lang='lat' dir='ltr'><strong>ea·</strong></span> <span class='ocrx_word' id='word_1_215' title='bbox 1171 1636 1265 1670; x_wconf 71' lang='lat' dir='ltr'><strong>illius</strong></span> <span class='ocrx_word' id='word_1_216' title='bbox 1278 1637 1400 1670; x_wconf 75' lang='lat' dir='ltr'><strong>radice</strong></span> <span class='ocrx_word' id='word_1_217' title='bbox 1424 1643 1599 1671; x_wconf 74' lang='lat' dir='ltr'><strong>nascentes</strong></span> <span class='ocrx_word' id='word_1_218' title='bbox 1614 1639 1716 1671; x_wconf 71' lang='lat' dir='ltr'><strong>eciam</strong></span> 
     </span>
     <span class='ocr_line' id='line_1_25' title="bbox 165 1692 1714 1740; baseline 0 -11"><span class='ocrx_word' id='word_1_219' title='bbox 165 1697 442 1729; x_wconf 67' lang='lat' dir='ltr'><strong>resurrectionem</strong></span> <span class='ocrx_word' id='word_1_220' title='bbox 458 1695 575 1728; x_wconf 75' lang='lat' dir='ltr'><strong>carnis</strong></span> <span class='ocrx_word' id='word_1_221' title='bbox 591 1701 806 1740; x_wconf 76' lang='lat' dir='ltr'><strong>neqavcrunt.</strong></span> <span class='ocrx_word' id='word_1_222' title='bbox 840 1693 895 1728; x_wconf 84' lang='lat' dir='ltr'><strong>Ex</strong></span> <span class='ocrx_word' id='word_1_223' title='bbox 909 1692 1067 1729; x_wconf 89' lang='lat' dir='ltr'><strong>Dosithei</strong></span> <span class='ocrx_word' id='word_1_224' title='bbox 1081 1703 1165 1740; x_wconf 83' lang='lat' dir='ltr'><strong>ergo</strong></span> <span class='ocrx_word' id='word_1_225' title='bbox 1180 1692 1296 1729; x_wconf 82' lang='lat' dir='ltr'><strong>radice</strong></span> <span class='ocrx_word' id='word_1_226' title='bbox 1310 1694 1385 1729; x_wconf 84' lang='lat' dir='ltr'><strong>nati</strong></span> <span class='ocrx_word' id='word_1_227' title='bbox 1405 1697 1488 1729; x_wconf 85' lang='lat' dir='ltr'><strong>sunt</strong></span> <span class='ocrx_word' id='word_1_228' title='bbox 1504 1693 1714 1736; x_wconf 84' lang='lat' dir='ltr'><strong>Sadducaei;</strong></span> 
     </span>
     <span class='ocr_line' id='line_1_26' title="bbox 165 1749 1716 1799; baseline 0 -12"><span class='ocrx_word' id='word_1_229' title='bbox 165 1751 265 1798; x_wconf 73' lang='lat' dir='ltr'><strong>quod</strong></span> <span class='ocrx_word' id='word_1_230' title='bbox 273 1753 327 1788; x_wconf 81' lang='lat' dir='ltr'><strong>est</strong></span> <span class='ocrx_word' id='word_1_231' title='bbox 340 1750 431 1787; x_wconf 87' lang='lat' dir='ltr'><strong>idem</strong></span> <span class='ocrx_word' id='word_1_232' title='bbox 447 1754 552 1798; x_wconf 78' lang='lat' dir='ltr'><strong>atque</strong></span> <span class='ocrx_word' id='word_1_233' title='bbox 567 1749 772 1798; x_wconf 79' lang='grc' dir='ltr'>ἀπόσπασμα</span> <span class='ocrx_word' id='word_1_234' title='bbox 783 1750 894 1787; x_wconf 72' lang='lat' dir='ltr'><strong>fuisse</strong></span> <span class='ocrx_word' id='word_1_235' title='bbox 909 1753 976 1786; x_wconf 80' lang='grc' dir='ltr'><strong>τῶν</strong></span> <span class='ocrx_word' id='word_1_236' title='bbox 993 1749 1165 1786; x_wconf 56' lang='lat' dir='ltr'><strong>acetosum.</strong></span> <span class='ocrx_word' id='word_1_237' title='bbox 1204 1750 1250 1785; x_wconf 89' lang='lat' dir='ltr'><strong>Ut</strong></span> <span class='ocrx_word' id='word_1_238' title='bbox 1268 1751 1392 1787; x_wconf 84' lang='lat' dir='ltr'><strong>mirari</strong></span> <span class='ocrx_word' id='word_1_239' title='bbox 1408 1751 1564 1799; x_wconf 79' lang='lat' dir='ltr'><strong>Scaliger</strong></span> <span class='ocrx_word' id='word_1_240' title='bbox 1579 1752 1716 1787; x_wconf 79' lang='lat' dir='ltr'><strong>desinat</strong></span> 
     </span>
     <span class='ocr_line' id='line_1_27' title="bbox 164 1806 1713 1856; baseline 0 -12"><span class='ocrx_word' id='word_1_241' title='bbox 164 1809 210 1844; x_wconf 82' lang='lat' dir='ltr'><strong>ab</strong></span> <span class='ocrx_word' id='word_1_242' title='bbox 224 1806 416 1856; x_wconf 74' lang='lat' dir='ltr'><strong>Epiphanio</strong></span> <span class='ocrx_word' id='word_1_243' title='bbox 432 1807 468 1843; x_wconf 91' lang='lat' dir='ltr'><strong>id</strong></span> <span class='ocrx_word' id='word_1_244' title='bbox 483 1819 560 1844; x_wconf 88' lang='lat' dir='ltr'><strong>esse</strong></span> <span class='ocrx_word' id='word_1_245' title='bbox 576 1809 752 1856; x_wconf 84' lang='lat' dir='ltr'><strong>scriptum.</strong></span> <span class='ocrx_word' id='word_1_246' title='bbox 799 1809 919 1855; x_wconf 86' lang='lat' dir='ltr'><strong>Itaque</strong></span> <span class='ocrx_word' id='word_1_247' title='bbox 939 1807 1126 1844; x_wconf 82' lang='lat' dir='ltr'><strong>Dositheus</strong></span> <span class='ocrx_word' id='word_1_248' title='bbox 1146 1819 1169 1843; x_wconf 88' lang='lat' dir='ltr'><strong>a</strong></span> <span class='ocrx_word' id='word_1_249' title='bbox 1182 1807 1320 1844; x_wconf 83' lang='lat' dir='ltr'><strong>Iudaeis</strong></span> <span class='ocrx_word' id='word_1_250' title='bbox 1342 1809 1387 1844; x_wconf 82' lang='lat' dir='ltr'><strong>ad</strong></span> <span class='ocrx_word' id='word_1_251' title='bbox 1401 1808 1640 1845; x_wconf 85' lang='lat' dir='ltr'><strong>Samaritanos</strong></span> <span class='ocrx_word' id='word_1_252' title='bbox 1655 1810 1713 1844; x_wconf 89' lang='lat' dir='ltr'><strong>de-</strong></span> 
     </span>
     <span class='ocr_line' id='line_1_28' title="bbox 163 1859 1713 1915; baseline 0.001 -14"><span class='ocrx_word' id='word_1_253' title='bbox 163 1865 284 1901; x_wconf 81' lang='lat' dir='ltr'><strong>ficiens</strong></span> <span class='ocrx_word' id='word_1_254' title='bbox 297 1864 591 1914; x_wconf 85' lang='lat' dir='ltr'><strong>peculiarem-illic</strong></span> <span class='ocrx_word' id='word_1_255' title='bbox 607 1869 739 1902; x_wconf 85' lang='lat' dir='ltr'><strong>sectam</strong></span> <span class='ocrx_word' id='word_1_256' title='bbox 753 1859 915 1902; x_wconf 84' lang='lat' dir='ltr'><strong>condidit.</strong></span> <span class='ocrx_word' id='word_1_257' title='bbox 952 1865 1066 1909; x_wconf 83' lang='lat' dir='ltr'><strong>Quam</strong></span> <span class='ocrx_word' id='word_1_258' title='bbox 1079 1869 1201 1914; x_wconf 83' lang='lat' dir='ltr'><strong>postea</strong></span> <span class='ocrx_word' id='word_1_259' title='bbox 1215 1865 1375 1902; x_wconf 83' lang='lat' dir='ltr'><strong>Sadokus</strong></span> <span class='ocrx_word' id='word_1_260' title='bbox 1390 1867 1620 1915; x_wconf 83' lang='lat' dir='ltr'><strong>interpolavit,</strong></span> <span class='ocrx_word' id='word_1_261' title='bbox 1635 1878 1713 1904; x_wconf 89' lang='lat' dir='ltr'><strong>cum</strong></span> 
     </span>
     <span class='ocr_line' id='line_1_29' title="bbox 165 1921 1005 1970; baseline 0.001 -12"><span class='ocrx_word' id='word_1_262' title='bbox 165 1923 288 1970; x_wconf 87' lang='lat' dir='ltr'><strong>etipse</strong></span> <span class='ocrx_word' id='word_1_263' title='bbox 303 1922 347 1958; x_wconf 87' lang='lat' dir='ltr'><strong>ad</strong></span> <span class='ocrx_word' id='word_1_264' title='bbox 362 1921 599 1959; x_wconf 81' lang='lat' dir='ltr'><strong>Samaritanus</strong></span> <span class='ocrx_word' id='word_1_265' title='bbox 615 1934 637 1959; x_wconf 84' lang='lat' dir='ltr'><strong>a</strong></span> <span class='ocrx_word' id='word_1_266' title='bbox 650 1921 786 1959; x_wconf 85' lang='lat' dir='ltr'><strong>Iudaeis</strong></span> <span class='ocrx_word' id='word_1_267' title='bbox 801 1923 1005 1959; x_wconf 70' lang='lat' dir='ltr'><strong>transiisset.</strong></span> 
     </span>
    </p>

    <p class='ocr_par' dir='ltr' id='par_1_9' title="bbox 163 1975 1715 2832">
     <span class='ocr_line' id='line_1_30' title="bbox 253 1975 1713 2030; baseline 0.005 -16"><span class='ocrx_word' id='word_1_268' title='bbox 253 1978 515 2028; x_wconf 78' lang='grc' dir='ltr'><strong>Ἐπονομάζουσι</strong></span> <span class='ocrx_word' id='word_1_269' title='bbox 531 1979 567 2015; x_wconf 78' lang='grc' dir='ltr'><strong>δὲ</strong></span> <span class='ocrx_word' id='word_1_270' title='bbox 583 1975 673 2016; x_wconf 77' lang='grc' dir='ltr'>οὗτοι</span> <span class='ocrx_word' id='word_1_271' title='bbox 689 1979 848 2027; x_wconf 70' lang='grc' dir='ltr'><strong>ἑαυτούς]</strong></span> <span class='ocrx_word' id='word_1_272' title='bbox 888 1981 1062 2018; x_wconf 82' lang='lat' dir='ltr'><strong>Saducaei</strong></span> <span class='ocrx_word' id='word_1_273' title='bbox 1081 1982 1231 2029; x_wconf 84' lang='lat' dir='ltr'><strong>passim,</strong></span> <span class='ocrx_word' id='word_1_274' title='bbox 1254 1983 1347 2030; x_wconf 80' lang='lat' dir='ltr'><strong>apud</strong></span> <span class='ocrx_word' id='word_1_275' title='bbox 1369 1982 1522 2019; x_wconf 84' lang='lat' dir='ltr'><strong>Graecos</strong></span> <span class='ocrx_word' id='word_1_276' title='bbox 1548 1985 1713 2029; x_wconf 81' lang='lat' dir='ltr'><strong>maxime,</strong></span> 
     </span>
     <span class='ocr_line' id='line_1_31' title="bbox 164 2036 1713 2101; baseline 0.003 -28"><span class='ocrx_word' id='word_1_277' title='bbox 164 2037 341 2090; x_wconf 82' lang='lat' dir='ltr'><strong>geminato</strong></span> <span class='ocrx_word' id='word_1_278' title='bbox 355 2037 374 2072; x_wconf 89' lang='grc' dir='ltr'><strong>δ</strong></span> <span class='ocrx_word' id='word_1_279' title='bbox 390 2037 602 2082; x_wconf 78' lang='lat' dir='ltr'><strong>scribuntur,</strong></span> <span class='ocrx_word' id='word_1_280' title='bbox 617 2039 719 2086; x_wconf 82' lang='lat' dir='ltr'><strong>quasi</strong></span> <span class='ocrx_word' id='word_1_281' title='bbox 730 2043 823 2075; x_wconf 89' lang='lat' dir='ltr'><strong>esset</strong></span> <span class='ocrx_word' id='word_1_282' title='bbox 835 2042 964 2101; x_wconf 62' lang='lat' dir='ltr'><strong>P&#39;i&#39;nt.</strong></span> <span class='ocrx_word' id='word_1_283' title='bbox 988 2036 1090 2087; x_wconf 81' lang='lat' dir='ltr'><strong>Apud</strong></span> <span class='ocrx_word' id='word_1_284' title='bbox 1102 2051 1184 2077; x_wconf 71' lang='grc' dir='ltr'><strong>ιιι.</strong></span> <span class='ocrx_word' id='word_1_285' title='bbox 1197 2041 1530 2087; x_wconf 84' lang='lat' dir='ltr'><strong>antiquissimusille</strong></span> <span class='ocrx_word' id='word_1_286' title='bbox 1542 2043 1713 2086; x_wconf 85' lang='lat' dir='ltr'><strong>sacerdos,</strong></span> 
     </span>
     <span class='ocr_line' id='line_1_32' title="bbox 164 2092 1715 2148; baseline 0.004 -18"><span class='ocrx_word' id='word_1_287' title='bbox 164 2092 306 2130; x_wconf 74' lang='grc' dir='ltr'>Σαδούκ.</span> <span class='ocrx_word' id='word_1_288' title='bbox 343 2094 395 2131; x_wconf 87' lang='lat' dir='ltr'><strong>De</strong></span> <span class='ocrx_word' id='word_1_289' title='bbox 413 2105 480 2142; x_wconf 85' lang='lat' dir='ltr'><strong>quo</strong></span> <span class='ocrx_word' id='word_1_290' title='bbox 497 2096 635 2144; x_wconf 86' lang='lat' dir='ltr'><strong>copiose</strong></span> <span class='ocrx_word' id='word_1_291' title='bbox 651 2096 825 2132; x_wconf 84' lang='lat' dir='ltr'><strong>Serrarius</strong></span> <span class='ocrx_word' id='word_1_292' title='bbox 841 2107 882 2132; x_wconf 86' lang='lat' dir='ltr'><strong>ac</strong></span> <span class='ocrx_word' id='word_1_293' title='bbox 896 2096 1053 2132; x_wconf 84' lang='lat' dir='ltr'><strong>Drusius.</strong></span> <span class='ocrx_word' id='word_1_294' title='bbox 1100 2097 1226 2133; x_wconf 84' lang='lat' dir='ltr'><strong>Sadoci</strong></span> <span class='ocrx_word' id='word_1_295' title='bbox 1247 2108 1349 2145; x_wconf 90' lang='lat' dir='ltr'><strong>porro</strong></span> <span class='ocrx_word' id='word_1_296' title='bbox 1366 2099 1512 2135; x_wconf 81' lang='lat' dir='ltr'><strong>extitere</strong></span> <span class='ocrx_word' id='word_1_297' title='bbox 1527 2099 1613 2135; x_wconf 85' lang='lat' dir='ltr'><strong>duo:</strong></span> <span class='ocrx_word' id='word_1_298' title='bbox 1631 2112 1715 2148; x_wconf 89' lang='lat' dir='ltr'><strong>quo-</strong></span> 
     </span>
     <span class='ocr_line' id='line_1_33' title="bbox 163 2151 1714 2202; baseline 0.003 -13"><span class='ocrx_word' id='word_1_299' title='bbox 163 2164 242 2189; x_wconf 85' lang='lat' dir='ltr'><strong>rum</strong></span> <span class='ocrx_word' id='word_1_300' title='bbox 258 2163 348 2188; x_wconf 85' lang='lat' dir='ltr'><strong>unus</strong></span> <span class='ocrx_word' id='word_1_301' title='bbox 363 2151 535 2189; x_wconf 79' lang='lat' dir='ltr'><strong>duntaxat</strong></span> <span class='ocrx_word' id='word_1_302' title='bbox 557 2154 603 2190; x_wconf 87' lang='lat' dir='ltr'><strong>ab</strong></span> <span class='ocrx_word' id='word_1_303' title='bbox 618 2153 810 2202; x_wconf 73' lang='lat' dir='ltr'><strong>EpiphanIo</strong></span> <span class='ocrx_word' id='word_1_304' title='bbox 835 2157 1068 2198; x_wconf 86' lang='lat' dir='ltr'><strong>memoratus,</strong></span> <span class='ocrx_word' id='word_1_305' title='bbox 1089 2155 1150 2202; x_wconf 84' lang='lat' dir='ltr'><strong>q&#39;ui</strong></span> <span class='ocrx_word' id='word_1_306' title='bbox 1163 2154 1307 2190; x_wconf 78' lang='lat' dir='ltr'><strong>Davidis</strong></span> <span class='ocrx_word' id='word_1_307' title='bbox 1329 2159 1365 2191; x_wconf 91' lang='lat' dir='ltr'><strong>et</strong></span> <span class='ocrx_word' id='word_1_308' title='bbox 1385 2155 1583 2193; x_wconf 83' lang='lat' dir='ltr'><strong>Salomonis</strong></span> <span class='ocrx_word' id='word_1_309' title='bbox 1602 2162 1714 2194; x_wconf 85' lang='lat' dir='ltr'><strong>aetate</strong></span> 
     </span>
     <span class='ocr_line' id='line_1_34' title="bbox 163 2204 1713 2260; baseline 0.003 -14"><span class='ocrx_word' id='word_1_310' title='bbox 163 2204 272 2253; x_wconf 81' lang='lat' dir='ltr'><strong>vixit,</strong></span> <span class='ocrx_word' id='word_1_311' title='bbox 288 2209 374 2245; x_wconf 88' lang='lat' dir='ltr'><strong>alter</strong></span> <span class='ocrx_word' id='word_1_312' title='bbox 388 2209 533 2257; x_wconf 88' lang='lat' dir='ltr'><strong>Antigni</strong></span> <span class='ocrx_word' id='word_1_313' title='bbox 548 2210 737 2259; x_wconf 84' lang='lat' dir='ltr'><strong>discipulus</strong></span> <span class='ocrx_word' id='word_1_314' title='bbox 747 2238 756 2255; x_wconf 95' lang='lat'><em>‚</em></span> <span class='ocrx_word' id='word_1_315' title='bbox 774 2211 871 2247; x_wconf 88' lang='lat' dir='ltr'><strong>cuius</strong></span> <span class='ocrx_word' id='word_1_316' title='bbox 889 2212 1004 2248; x_wconf 86' lang='lat' dir='ltr'><strong>socius</strong></span> <span class='ocrx_word' id='word_1_317' title='bbox 1020 2216 1055 2247; x_wconf 89' lang='lat' dir='ltr'><strong>et</strong></span> <span class='ocrx_word' id='word_1_318' title='bbox 1069 2209 1326 2260; x_wconf 81' lang='lat' dir='ltr'><strong>condiscipulus</strong></span> <span class='ocrx_word' id='word_1_319' title='bbox 1341 2213 1408 2249; x_wconf 77' lang='lat' dir='ltr'><strong>fuit</strong></span> <span class='ocrx_word' id='word_1_320' title='bbox 1421 2213 1583 2258; x_wconf 76' lang='lat' dir='ltr'><strong>Bait-hos,</strong></span> <span class='ocrx_word' id='word_1_321' title='bbox 1599 2219 1638 2251; x_wconf 92' lang='lat' dir='ltr'><strong>ut</strong></span> <span class='ocrx_word' id='word_1_322' title='bbox 1653 2227 1713 2251; x_wconf 84' lang='lat' dir='ltr'><strong>au-</strong></span> 
     </span>
     <span class='ocr_line' id='line_1_35' title="bbox 166 2261 1713 2317; baseline 0.005 -15"><span class='ocrx_word' id='word_1_323' title='bbox 166 2272 220 2303; x_wconf 88' lang='lat' dir='ltr'><strong>tor</strong></span> <span class='ocrx_word' id='word_1_324' title='bbox 242 2271 295 2302; x_wconf 87' lang='lat' dir='ltr'><strong>est</strong></span> <span class='ocrx_word' id='word_1_325' title='bbox 313 2267 408 2303; x_wconf 81' lang='lat' dir='ltr'><strong>Elias</strong></span> <span class='ocrx_word' id='word_1_326' title='bbox 430 2267 469 2303; x_wconf 87' lang='lat' dir='ltr'><strong>in</strong></span> <span class='ocrx_word' id='word_1_327' title='bbox 489 2266 621 2304; x_wconf 84' lang='lat' dir='ltr'><strong>Thisbi.</strong></span> <span class='ocrx_word' id='word_1_328' title='bbox 666 2261 719 2304; x_wconf 74' lang='lat' dir='ltr'><strong>Ab</strong></span> <span class='ocrx_word' id='word_1_329' title='bbox 740 2268 805 2305; x_wconf 93' lang='lat' dir='ltr'><strong>hoc</strong></span> <span class='ocrx_word' id='word_1_330' title='bbox 827 2271 1018 2316; x_wconf 86' lang='lat' dir='ltr'><strong>posteriore</strong></span> <span class='ocrx_word' id='word_1_331' title='bbox 1034 2269 1203 2306; x_wconf 84' lang='lat' dir='ltr'><strong>Saducaei</strong></span> <span class='ocrx_word' id='word_1_332' title='bbox 1226 2281 1308 2306; x_wconf 88' lang='lat' dir='ltr'><strong>cum</strong></span> <span class='ocrx_word' id='word_1_333' title='bbox 1324 2271 1458 2317; x_wconf 87' lang='lat' dir='ltr'><strong>origine</strong></span> <span class='ocrx_word' id='word_1_334' title='bbox 1474 2283 1601 2309; x_wconf 87' lang='lat' dir='ltr'><strong>nomen</strong></span> <span class='ocrx_word' id='word_1_335' title='bbox 1618 2284 1713 2309; x_wconf 84' lang='lat' dir='ltr'><strong>aece-</strong></span> 
     </span>
     <span class='ocr_line' id='line_1_36' title="bbox 166 2323 1714 2376; baseline 0.003 -15"><span class='ocrx_word' id='word_1_336' title='bbox 166 2327 300 2372; x_wconf 85' lang='lat' dir='ltr'><strong>perunt.</strong></span> <span class='ocrx_word' id='word_1_337' title='bbox 346 2323 485 2360; x_wconf 87' lang='lat' dir='ltr'><strong>Etenim</strong></span> <span class='ocrx_word' id='word_1_338' title='bbox 499 2325 603 2361; x_wconf 88' lang='lat' dir='ltr'><strong>ambo</strong></span> <span class='ocrx_word' id='word_1_339' title='bbox 617 2326 670 2362; x_wconf 86' lang='lat' dir='ltr'><strong>ini</strong></span> <span class='ocrx_word' id='word_1_340' title='bbox 683 2337 706 2362; x_wconf 86' lang='lat' dir='ltr'><strong>a</strong></span> <span class='ocrx_word' id='word_1_341' title='bbox 718 2330 941 2374; x_wconf 79' lang='lat' dir='ltr'><strong>praeceptore</strong></span> <span class='ocrx_word' id='word_1_342' title='bbox 962 2327 1191 2363; x_wconf 83' lang='lat' dir='ltr'><strong>desciscentes</strong></span> <span class='ocrx_word' id='word_1_343' title='bbox 1213 2328 1330 2376; x_wconf 90' lang='lat' dir='ltr'><strong>legem</strong></span> <span class='ocrx_word' id='word_1_344' title='bbox 1351 2340 1409 2364; x_wconf 84' lang='lat' dir='ltr'><strong>ore</strong></span> <span class='ocrx_word' id='word_1_345' title='bbox 1428 2333 1529 2364; x_wconf 89' lang='lat' dir='ltr'><strong>tenus</strong></span> <span class='ocrx_word' id='word_1_346' title='bbox 1552 2331 1714 2367; x_wconf 78' lang='lat' dir='ltr'><strong>traditam</strong></span> 
     </span>
     <span class='ocr_line' id='line_1_37' title="bbox 165 2382 1714 2432; baseline 0.003 -14"><span class='ocrx_word' id='word_1_347' title='bbox 165 2383 398 2429; x_wconf 77' lang='lat' dir='ltr'><strong>abnegarunt,</strong></span> <span class='ocrx_word' id='word_1_348' title='bbox 413 2392 527 2428; x_wconf 88' lang='lat' dir='ltr'><strong>neque</strong></span> <span class='ocrx_word' id='word_1_349' title='bbox 543 2382 657 2426; x_wconf 87' lang='lat' dir='ltr'><strong>alteri,</strong></span> <span class='ocrx_word' id='word_1_350' title='bbox 672 2394 778 2430; x_wconf 87' lang='lat' dir='ltr'><strong>quam</strong></span> <span class='ocrx_word' id='word_1_351' title='bbox 793 2383 886 2431; x_wconf 85' lang='lat' dir='ltr'><strong>quod</strong></span> <span class='ocrx_word' id='word_1_352' title='bbox 900 2384 989 2431; x_wconf 87' lang='lat' dir='ltr'><strong>legis</strong></span> <span class='ocrx_word' id='word_1_353' title='bbox 1004 2385 1132 2432; x_wconf 89' lang='lat' dir='ltr'><strong>scripto</strong></span> <span class='ocrx_word' id='word_1_354' title='bbox 1145 2389 1235 2420; x_wconf 87' lang='lat' dir='ltr'><strong>esset</strong></span> <span class='ocrx_word' id='word_1_355' title='bbox 1246 2397 1469 2432; x_wconf 87' lang='lat' dir='ltr'><strong>expressum,</strong></span> <span class='ocrx_word' id='word_1_356' title='bbox 1485 2387 1714 2424; x_wconf 77' lang='lat' dir='ltr'><strong>adhibendam</strong></span> 
     </span>
     <span class='ocr_line' id='line_1_38' title="bbox 165 2439 1715 2500; baseline 0.004 -24"><span class='ocrx_word' id='word_1_357' title='bbox 165 2440 269 2476; x_wconf 87' lang='lat' dir='ltr'><strong>fidem</strong></span> <span class='ocrx_word' id='word_1_358' title='bbox 283 2442 528 2487; x_wconf 76' lang='lat' dir='ltr'><strong>putarunt301</strong></span> <span class='ocrx_word' id='word_1_359' title='bbox 543 2451 612 2487; x_wconf 89' lang='lat' dir='ltr'><strong>quo</strong></span> <span class='ocrx_word' id='word_1_360' title='bbox 627 2441 771 2500; x_wconf 55' lang='grc' dir='ltr'><strong>βῆς-ψ</strong></span> <span class='ocrx_word' id='word_1_361' title='bbox 782 2439 951 2484; x_wconf 73' lang='lat' dir='ltr'><strong>Kal-raim,</strong></span> <span class='ocrx_word' id='word_1_362' title='bbox 967 2442 1068 2488; x_wconf 85' lang='lat' dir='ltr'><strong>quasi</strong></span> <span class='ocrx_word' id='word_1_363' title='bbox 1084 2442 1260 2477; x_wconf 57' lang='lat' dir='ltr'><strong>Tea-tuales</strong></span> <span class='ocrx_word' id='word_1_364' title='bbox 1274 2442 1365 2478; x_wconf 87' lang='lat' dir='ltr'><strong>dicti.</strong></span> <span class='ocrx_word' id='word_1_365' title='bbox 1377 2443 1480 2478; x_wconf 84' lang='lat' dir='ltr'><strong>Haec</strong></span> <span class='ocrx_word' id='word_1_366' title='bbox 1483 2443 1588 2481; x_wconf 87' lang='lat' dir='ltr'><strong>Elias.</strong></span> <span class='ocrx_word' id='word_1_367' title='bbox 1611 2446 1715 2482; x_wconf 81' lang='lat' dir='ltr'><strong>Addit</strong></span> 
     </span>
     <span class='ocr_line' id='line_1_39' title="bbox 167 2461 1712 2550; baseline 0.004 -17"><span class='ocrx_word' id='word_1_368' title='bbox 167 2495 342 2533; x_wconf 82' lang='lat' dir='ltr'><strong>Abraham</strong></span> <span class='ocrx_word' id='word_1_369' title='bbox 362 2495 519 2532; x_wconf 83' lang='lat' dir='ltr'><strong>Zachuth</strong></span> <span class='ocrx_word' id='word_1_370' title='bbox 534 2495 648 2535; x_wconf 82' lang='lat' dir='ltr'><strong>Sadoe</strong></span> <span class='ocrx_word' id='word_1_371' title='bbox 669 2501 704 2532; x_wconf 88' lang='lat' dir='ltr'><strong>et</strong></span> <span class='ocrx_word' id='word_1_372' title='bbox 717 2461 881 2534; x_wconf 86' lang='lat' dir='ltr'><strong>Baiethos</strong></span> <span class='ocrx_word' id='word_1_373' title='bbox 903 2499 948 2534; x_wconf 89' lang='lat' dir='ltr'><strong>ad</strong></span> <span class='ocrx_word' id='word_1_374' title='bbox 968 2498 1205 2535; x_wconf 79' lang='lat' dir='ltr'><strong>Samaritanos</strong></span> <span class='ocrx_word' id='word_1_375' title='bbox 1228 2503 1263 2534; x_wconf 87' lang='lat' dir='ltr'><strong>et</strong></span> <span class='ocrx_word' id='word_1_376' title='bbox 1286 2498 1522 2536; x_wconf 81' lang='lat' dir='ltr'><strong>Garizitanum</strong></span> <span class='ocrx_word' id='word_1_377' title='bbox 1543 2503 1712 2550; x_wconf 86' lang='lat' dir='ltr'><strong>templum</strong></span> 
     </span>
     <span class='ocr_line' id='line_1_40' title="bbox 166 2552 1713 2603; baseline 0.004 -13"><span class='ocrx_word' id='word_1_378' title='bbox 166 2556 343 2602; x_wconf 87' lang='lat' dir='ltr'><strong>receptum</strong></span> <span class='ocrx_word' id='word_1_379' title='bbox 355 2552 529 2590; x_wconf 84' lang='lat' dir='ltr'><strong>habuisse.</strong></span> <span class='ocrx_word' id='word_1_380' title='bbox 575 2553 645 2590; x_wconf 88' lang='lat' dir='ltr'><strong>Sed</strong></span> <span class='ocrx_word' id='word_1_381' title='bbox 658 2554 736 2590; x_wconf 87' lang='lat' dir='ltr'><strong>fieri</strong></span> <span class='ocrx_word' id='word_1_382' title='bbox 749 2558 880 2602; x_wconf 86' lang='lat' dir='ltr'><strong>potest,</strong></span> <span class='ocrx_word' id='word_1_383' title='bbox 900 2559 941 2591; x_wconf 88' lang='lat' dir='ltr'><strong>ut</strong></span> <span class='ocrx_word' id='word_1_384' title='bbox 962 2555 1131 2591; x_wconf 86' lang='lat' dir='ltr'><strong>Saducaei</strong></span> <span class='ocrx_word' id='word_1_385' title='bbox 1151 2556 1219 2603; x_wconf 87' lang='lat' dir='ltr'><strong>ipsi</strong></span> <span class='ocrx_word' id='word_1_386' title='bbox 1240 2567 1262 2590; x_wconf 87' lang='lat' dir='ltr'><strong>a</strong></span> <span class='ocrx_word' id='word_1_387' title='bbox 1275 2557 1388 2603; x_wconf 81' lang='lat' dir='ltr'><strong>priore</strong></span> <span class='ocrx_word' id='word_1_388' title='bbox 1407 2557 1468 2593; x_wconf 91' lang='lat' dir='ltr'><strong>illo</strong></span> <span class='ocrx_word' id='word_1_389' title='bbox 1489 2569 1530 2594; x_wconf 84' lang='lat' dir='ltr'><strong>ac</strong></span> <span class='ocrx_word' id='word_1_390' title='bbox 1551 2562 1713 2603; x_wconf 82' lang='lat' dir='ltr'><strong>vetustis-</strong></span> 
     </span>
     <span class='ocr_line' id='line_1_41' title="bbox 167 2610 1712 2664; baseline 0.004 -16"><span class='ocrx_word' id='word_1_391' title='bbox 167 2612 256 2648; x_wconf 88' lang='lat' dir='ltr'><strong>simo</strong></span> <span class='ocrx_word' id='word_1_392' title='bbox 271 2610 434 2659; x_wconf 85' lang='lat' dir='ltr'><strong>pontifice</strong></span> <span class='ocrx_word' id='word_1_393' title='bbox 458 2611 621 2647; x_wconf 90' lang='lat' dir='ltr'><strong>oriundos</strong></span> <span class='ocrx_word' id='word_1_394' title='bbox 645 2623 720 2647; x_wconf 88' lang='lat' dir='ltr'><strong>sese</strong></span> <span class='ocrx_word' id='word_1_395' title='bbox 741 2611 895 2659; x_wconf 87' lang='lat' dir='ltr'><strong>profiteri</strong></span> <span class='ocrx_word' id='word_1_396' title='bbox 915 2613 1059 2648; x_wconf 85' lang='lat' dir='ltr'><strong>mallent</strong></span> <span class='ocrx_word' id='word_1_397' title='bbox 1081 2624 1189 2660; x_wconf 84' lang='lat' dir='ltr'><strong>quam</strong></span> <span class='ocrx_word' id='word_1_398' title='bbox 1202 2624 1223 2648; x_wconf 90' lang='lat' dir='ltr'><strong>a</strong></span> <span class='ocrx_word' id='word_1_399' title='bbox 1237 2614 1428 2660; x_wconf 88' lang='lat' dir='ltr'><strong>posteriore</strong></span> <span class='ocrx_word' id='word_1_400' title='bbox 1442 2616 1641 2664; x_wconf 76' lang='lat' dir='ltr'><strong>transfuga,</strong></span> <span class='ocrx_word' id='word_1_401' title='bbox 1657 2619 1712 2654; x_wconf 84' lang='lat' dir='ltr'><strong>vel</strong></span> 
     </span>
     <span class='ocr_line' id='line_1_42' title="bbox 167 2668 1712 2721; baseline 0.005 -18"><span class='ocrx_word' id='word_1_402' title='bbox 167 2669 272 2704; x_wconf 84' lang='lat' dir='ltr'><strong>etiam</strong></span> <span class='ocrx_word' id='word_1_403' title='bbox 282 2671 322 2718; x_wconf 88' lang='lat' dir='ltr'><strong>ut</strong></span> <span class='ocrx_word' id='word_1_404' title='bbox 336 2668 538 2704; x_wconf 70' lang='lat' dir='ltr'><strong>adiuctitiae</strong></span> <span class='ocrx_word' id='word_1_405' title='bbox 548 2669 753 2705; x_wconf 84' lang='lat' dir='ltr'><strong>vocabulum</strong></span> <span class='ocrx_word' id='word_1_406' title='bbox 769 2673 804 2705; x_wconf 92' lang='lat' dir='ltr'><strong>et</strong></span> <span class='ocrx_word' id='word_1_407' title='bbox 818 2669 969 2705; x_wconf 88' lang='lat' dir='ltr'><strong>nominis</strong></span> <span class='ocrx_word' id='word_1_408' title='bbox 979 2670 1298 2717; x_wconf 86' lang='lat' dir='ltr'><strong>interpretationem</strong></span> <span class='ocrx_word' id='word_1_409' title='bbox 1308 2671 1510 2717; x_wconf 83' lang='lat' dir='ltr'><strong>alluderent,</strong></span> <span class='ocrx_word' id='word_1_410' title='bbox 1524 2674 1627 2721; x_wconf 87' lang='lat' dir='ltr'><strong>idque</strong></span> <span class='ocrx_word' id='word_1_411' title='bbox 1640 2686 1712 2711; x_wconf 84' lang='lat' dir='ltr'><strong>cre-</strong></span> 
     </span>
     <span class='ocr_line' id='line_1_43' title="bbox 167 2726 1711 2776; baseline 0.005 -14"><span class='ocrx_word' id='word_1_412' title='bbox 167 2726 238 2762; x_wconf 84' lang='lat' dir='ltr'><strong>bris</strong></span> <span class='ocrx_word' id='word_1_413' title='bbox 252 2729 459 2776; x_wconf 78' lang='lat' dir='ltr'><strong>usurparent</strong></span> <span class='ocrx_word' id='word_1_414' title='bbox 473 2727 706 2770; x_wconf 80' lang='lat' dir='ltr'><strong>sermonibus,</strong></span> <span class='ocrx_word' id='word_1_415' title='bbox 723 2726 815 2774; x_wconf 89' lang='lat' dir='ltr'><strong>qnod</strong></span> <span class='ocrx_word' id='word_1_416' title='bbox 829 2738 939 2762; x_wconf 85' lang='lat' dir='ltr'><strong>unum</strong></span> <span class='ocrx_word' id='word_1_417' title='bbox 954 2727 1048 2770; x_wconf 89' lang='lat' dir='ltr'><strong>ideo,</strong></span> <span class='ocrx_word' id='word_1_418' title='bbox 1062 2728 1306 2775; x_wconf 85' lang='lat' dir='ltr'><strong>praetermissa</strong></span> <span class='ocrx_word' id='word_1_419' title='bbox 1321 2730 1430 2766; x_wconf 84' lang='lat' dir='ltr'><strong>altera</strong></span> <span class='ocrx_word' id='word_1_420' title='bbox 1445 2741 1484 2766; x_wconf 87' lang='lat' dir='ltr'><strong>ac</strong></span> <span class='ocrx_word' id='word_1_421' title='bbox 1500 2733 1633 2768; x_wconf 82' lang='lat' dir='ltr'><strong>veriore</strong></span> <span class='ocrx_word' id='word_1_422' title='bbox 1648 2733 1711 2770; x_wconf 87' lang='lat' dir='ltr'><strong>Sa-</strong></span> 
     </span>
     <span class='ocr_line' id='line_1_44' title="bbox 169 2782 1079 2832; baseline 0.003 -14"><span class='ocrx_word' id='word_1_423' title='bbox 169 2782 378 2819; x_wconf 76' lang='lat' dir='ltr'><strong>duoaeomm</strong></span> <span class='ocrx_word' id='word_1_424' title='bbox 392 2783 541 2831; x_wconf 88' lang='lat' dir='ltr'><strong>origine,</strong></span> <span class='ocrx_word' id='word_1_425' title='bbox 557 2784 840 2820; x_wconf 85' lang='lat' dir='ltr'><strong>commemoravit</strong></span> <span class='ocrx_word' id='word_1_426' title='bbox 853 2783 1079 2832; x_wconf 79' lang='lat' dir='ltr'><strong>Epiphanius.</strong></span> 
     </span>
    </p>

    <p class='ocr_par' dir='ltr' id='par_1_10' title="bbox 169 2839 1712 3065">
     <span class='ocr_line' id='line_1_45' title="bbox 244 2839 1712 2889; baseline 0.006 -15"><span class='ocrx_word' id='word_1_427' title='bbox 244 2839 390 2887; x_wconf 73' lang='grc' dir='ltr'>’Πνεῦμα</span> <span class='ocrx_word' id='word_1_428' title='bbox 405 2839 441 2875; x_wconf 74' lang='grc' dir='ltr'><strong>δὲ</strong></span> <span class='ocrx_word' id='word_1_429' title='bbox 457 2840 547 2888; x_wconf 71' lang='grc' dir='ltr'>ἅγιον</span> <span class='ocrx_word' id='word_1_430' title='bbox 564 2841 624 2877; x_wconf 82' lang='grc' dir='ltr'><strong>οὐκ</strong></span> <span class='ocrx_word' id='word_1_431' title='bbox 635 2840 754 2887; x_wconf 56' lang='grc' dir='ltr'>ἴσασι]</span> <span class='ocrx_word' id='word_1_432' title='bbox 777 2842 927 2878; x_wconf 86' lang='lat' dir='ltr'><strong>Actuum</strong></span> <span class='ocrx_word' id='word_1_433' title='bbox 942 2853 1016 2889; x_wconf 82' lang='lat' dir='ltr'><strong>cap.</strong></span> <span class='ocrx_word' id='word_1_434' title='bbox 1031 2854 1132 2886; x_wconf 84' lang='lat' dir='ltr'><strong>xxm,</strong></span> <span class='ocrx_word' id='word_1_435' title='bbox 1148 2842 1180 2879; x_wconf 88' lang='grc'><strong>8.</strong></span> <span class='ocrx_word' id='word_1_436' title='bbox 1202 2843 1402 2880; x_wconf 71' lang='lat' dir='ltr'><strong>Sadducaei</strong></span> <span class='ocrx_word' id='word_1_437' title='bbox 1415 2848 1500 2880; x_wconf 78' lang='lat' dir='ltr'><strong>enim</strong></span> <span class='ocrx_word' id='word_1_438' title='bbox 1516 2848 1635 2882; x_wconf 73' lang='lat' dir='ltr'><strong>dicunt</strong></span> <span class='ocrx_word' id='word_1_439' title='bbox 1646 2861 1712 2884; x_wconf 78' lang='lat' dir='ltr'><strong>non</strong></span> 
     </span>
     <span class='ocr_line' id='line_1_46' title="bbox 171 2898 1709 2952; baseline 0.006 -20"><span class='ocrx_word' id='word_1_440' title='bbox 171 2908 240 2933; x_wconf 76' lang='lat' dir='ltr'><strong>esee</strong></span> <span class='ocrx_word' id='word_1_441' title='bbox 255 2901 546 2941; x_wconf 67' lang='lat' dir='ltr'><strong>resurrectionem,</strong></span> <span class='ocrx_word' id='word_1_442' title='bbox 569 2911 670 2946; x_wconf 81' lang='lat' dir='ltr'><strong>neque</strong></span> <span class='ocrx_word' id='word_1_443' title='bbox 693 2900 862 2944; x_wconf 75' lang='lat' dir='ltr'><strong>anyelum,</strong></span> <span class='ocrx_word' id='word_1_444' title='bbox 887 2911 988 2945; x_wconf 75' lang='lat' dir='ltr'><strong>neque</strong></span> <span class='ocrx_word' id='word_1_445' title='bbox 1007 2902 1182 2946; x_wconf 73' lang='lat' dir='ltr'><strong>spiritum.-</strong></span> <span class='ocrx_word' id='word_1_446' title='bbox 1203 2899 1277 2936; x_wconf 79' lang='grc' dir='ltr'>οὔτε</span> <span class='ocrx_word' id='word_1_447' title='bbox 1300 2898 1460 2949; x_wconf 80' lang='grc' dir='ltr'>ἄγγελον,</span> <span class='ocrx_word' id='word_1_448' title='bbox 1483 2902 1558 2938; x_wconf 79' lang='grc' dir='ltr'>οὔτε</span> <span class='ocrx_word' id='word_1_449' title='bbox 1573 2908 1709 2952; x_wconf 75' lang='grc' dir='ltr'>πνεῦμα.</span> 
     </span>
     <span class='ocr_line' id='line_1_47' title="bbox 169 2954 1709 3005; baseline 0.005 -15"><span class='ocrx_word' id='word_1_450' title='bbox 169 2954 339 3001; x_wconf 82' lang='lat' dir='ltr'><strong>Spiritum</strong></span> <span class='ocrx_word' id='word_1_451' title='bbox 359 2958 519 2992; x_wconf 82' lang='lat' dir='ltr'><strong>sanctum</strong></span> <span class='ocrx_word' id='word_1_452' title='bbox 539 2955 605 2992; x_wconf 87' lang='lat' dir='ltr'><strong>hoc</strong></span> <span class='ocrx_word' id='word_1_453' title='bbox 626 2957 702 3005; x_wconf 78' lang='lat' dir='ltr'><strong>loco</strong></span> <span class='ocrx_word' id='word_1_454' title='bbox 724 2967 795 2992; x_wconf 91' lang='lat' dir='ltr'><strong>non</strong></span> <span class='ocrx_word' id='word_1_455' title='bbox 818 2967 908 2991; x_wconf 79' lang='lat' dir='ltr'><strong>lmus</strong></span> <span class='ocrx_word' id='word_1_456' title='bbox 929 2955 1143 3003; x_wconf 84' lang='lat' dir='ltr'><strong>Epiphanius</strong></span> <span class='ocrx_word' id='word_1_457' title='bbox 1161 2958 1350 3003; x_wconf 77' lang='lat' dir='ltr'><strong>intellexit,</strong></span> <span class='ocrx_word' id='word_1_458' title='bbox 1370 2960 1432 2996; x_wconf 89' lang='lat' dir='ltr'><strong>sed</strong></span> <span class='ocrx_word' id='word_1_459' title='bbox 1447 2963 1482 2997; x_wconf 89' lang='lat' dir='ltr'><strong>et</strong></span> <span class='ocrx_word' id='word_1_460' title='bbox 1495 2960 1709 2999; x_wconf 83' lang='lat' dir='ltr'><strong>Philastrins.</strong></span> 
     </span>
     <span class='ocr_line' id='line_1_48' title="bbox 171 3008 1712 3065; baseline 0.005 -17"><span class='ocrx_word' id='word_1_461' title='bbox 171 3010 284 3055; x_wconf 84' lang='lat' dir='ltr'><strong>Quare</strong></span> <span class='ocrx_word' id='word_1_462' title='bbox 297 3008 429 3050; x_wconf 78' lang='lat' dir='ltr'><strong>temere</strong></span> <span class='ocrx_word' id='word_1_463' title='bbox 441 3015 478 3050; x_wconf 87' lang='lat' dir='ltr'><strong>et</strong></span> <span class='ocrx_word' id='word_1_464' title='bbox 489 3013 723 3060; x_wconf 87' lang='lat' dir='ltr'><strong>imprudenter</strong></span> <span class='ocrx_word' id='word_1_465' title='bbox 737 3013 774 3050; x_wconf 88' lang='lat' dir='ltr'><strong>in</strong></span> <span class='ocrx_word' id='word_1_466' title='bbox 787 3012 938 3050; x_wconf 82' lang='lat' dir='ltr'><strong>Elencho</strong></span> <span class='ocrx_word' id='word_1_467' title='bbox 954 3013 1126 3062; x_wconf 83' lang='lat' dir='ltr'><strong>Scaliger:</strong></span> <span class='ocrx_word' id='word_1_468' title='bbox 1150 3016 1323 3059; x_wconf 75' lang='lat' dir='ltr'><strong>Aeinitas,</strong></span> <span class='ocrx_word' id='word_1_469' title='bbox 1342 3016 1471 3065; x_wconf 85' lang='lat' dir='ltr'><strong>inquit,</strong></span> <span class='ocrx_word' id='word_1_470' title='bbox 1492 3031 1587 3054; x_wconf 83' lang='lat' dir='ltr'><strong>mera</strong></span> <span class='ocrx_word' id='word_1_471' title='bbox 1610 3027 1660 3055; x_wconf 74' lang='lat' dir='ltr'><strong>est</strong></span> <span class='ocrx_word' id='word_1_472' title='bbox 1679 3027 1712 3055; x_wconf 77' lang='lat' dir='ltr'><strong>et</strong></span> 
     </span>
    </p>
   </div>
  </div>
 </body>
</html>
