2008 3294
1664 162 1752 198 XIX

197 262 302 298 nibus
317 262 495 299 recensitis
517 262 679 300 omnibus
702 263 769 299 tria
789 262 971 312 intervalla
992 263 1190 310 distinguit,
1213 265 1338 311 quibus
1361 265 1508 311 singulis
1524 277 1583 300 xrv
1608 276 1752 311 genera·
1824 312 1830 318 ¹

196 316 309 355 tiobes
333 320 501 366 assignat.
543 319 591 355 Ut
612 323 698 367 puta
720 321 764 356 ab
780 320 977 359 Abrahamo
1001 320 1046 355 ad
1066 321 1235 357 Davidem
1250 335 1328 358 xxv:
1351 323 1495 359 totidem
1517 333 1539 357 a
1554 322 1686 357 Davide
1709 323 1752 357 ad

195 377 536 424 transmigrationem
558 376 771 424 Babylonis:
796 389 839 415 ac
858 381 1032 427 postremo
1053 378 1197 414 totidem
1221 390 1244 414 a
1264 380 1572 427 transmigratione
1591 380 1634 415 ad
1657 379 1752 414 Chri-

196 437 300 470 stum.
342 435 383 471 In
405 434 541 470 duobus
563 434 753 471 intervallis
774 436 945 484 prioribus
968 438 1104 471 constat
1124 447 1306 479 numerus;
1327 438 1364 472 iu
1384 438 1486 472 tertio
1502 450 1568 473 xm
1583 437 1752 472 duntaxat

195 491 309 539 capita
324 495 557 528 numerantur.
596 491 686 528 Nam
709 493 972 540 generationum
993 492 1134 528 nomine
1149 504 1315 539 personas
1331 495 1426 541 ipsas
1441 494 1638 530 Matthaeus
1652 494 1752 529 intel-

194 548 290 595 ligit,
314 559 403 595 quae
419 552 480 584 aut
494 549 660 595 gignunt,
685 554 746 585 aut
761 551 846 598 gign
933 576 961 599 «-
1004 549 1118 593 Quare
1133 561 1244 586 unum
1259 551 1400 597 aliquod
1415 563 1544 587 nomen
1559 552 1632 587 sive
1647 562 1752 597 gene-

194 606 282 641 ratio
299 617 370 642 una
385 606 608 641 desideratur.
641 606 729 642 Cum
750 606 842 643 hunc
856 608 914 643 Ma
969 607 1023 643 aei
1044 607 1161 643 locum
1178 607 1363 643 Christiani
1379 610 1528 644 nominis
1544 608 1662 644 hostes
1677 612 1751 644 tan-

195 673 300 710 quam
321 663 599 699 inextricabilem
622 664 835 708 obiicerent,
850 664 1064 712 quaestionis
1085 663 1271 699 difficultas
1295 669 1494 701 nostrorum
1515 666 1680 701 excitavit
1699 666 1751 700 in·
1784 669 1789 673 “

194 720 314 766 genia,
331 723 366 756 et
379 721 582 756 innumerae
603 721 756 757 rationes
771 722 990 769 excogitatae
1005 724 1102 757 sunt:
1127 732 1274 768 quarum
1297 721 1382 757 haec
1404 724 1576 769 plerisque
1599 735 1751 759 commo-

193 777 338 813 dissima
363 778 515 823 videtur,
543 782 583 813 ut
609 778 827 815 librariorum
853 779 956 826 culpa
982 790 1109 815 nomen
1136 779 1277 825 aliquod
1300 779 1477 815 exciderit.
1520 780 1751 822 Quamobrem

191 834 407 882 Epiphanius
423 834 622 871 Iechoniam
645 837 699 871 bis
723 847 745 871 a
759 835 935 873 Matthaeo
957 836 1110 884 positum
1126 836 1328 878 arbitratur;
1351 848 1456 883 quam
1478 838 1634 873 eiusdem
1650 849 1750 873 voca-

191 891 266 927 buli
287 892 528 940 repetitionem
549 893 778 941 exsoriptores
800 894 963 930 vitiosam
983 894 1049 929 rati
1067 898 1290 942 praepostere
1310 899 1544 930 correxerunt.
1587 895 1680 940 Ergo
1702 896 1751 930 ita

191 949 409 987 Martanum
425 950 606 997 scripsisse
627 954 741 997 putat:
774 951 889 986 Iasiae
911 957 1022 987 autern
1040 944 1164 996 yenuia
1176 950 1391 994 Ieclwm'am,
1417 958 1449 986 et
1461 955 1599 997 fratres
1623 956 1693 986 eius
1715 956 1750 986 iu

192 1009 492 1053 transmiyratiovze
509 1007 712 1053 Babylonia.-
750 1008 934 1044 Ieckom‘as
949 1014 1059 1043 autern
1072 1011 1191 1054 yenuit
1204 1009 1399 1043 Ieeltom'am
1408 1035 1418 1051 ‚
1443 1009 1626 1043 Iecltom'as
1641 1017 1748 1044 autem

189 1066 308 1110 qenuit
323 1064 498 1100 salathiel
517 1067 581 1101 etc.
625 1065 699 1100 Iam
725 1065 855 1101 scimus
883 1065 962 1112 quis
989 1076 1035 1101 ex
1054 1064 1238 1112 Epiphanii
1264 1070 1380 1101 mente
1402 1066 1450 1101 sit
1470 1065 1650 1101 lechonias
1672 1068 1748 1103 iste.

186 1121 287 1157 Prior
309 1121 403 1157 enim
426 1124 480 1156 est
499 1121 635 1157 Ioakim
656 1122 730 1158 sive
751 1122 913 1166 Eliacim,
939 1122 1052 1158 losiae
1071 1122 1110 1158 F.
1132 1123 1307 1159 Posterior
1333 1124 1400 1159 alio
1424 1124 1566 1159 nomine
1587 1124 1750 1159 Sedecias

190 1178 302 1214 dictus
319 1181 382 1214 est.
415 1178 484 1214 Sed
501 1189 607 1226 quam
622 1179 812 1215 absurdum
827 1179 912 1215 illud
928 1180 990 1223 sit,
1011 1191 1030 1215 e
1047 1181 1283 1227 superioribus
1300 1184 1447 1216 constat.
1478 1181 1568 1216 Nam
1584 1182 1614 1216 si
1631 1182 1671 1216 de
1689 1182 1750 1216 Se-

189 1235 287 1271 decia
301 1247 384 1283 rege
406 1236 584 1282 loquatur,
607 1236 701 1283 quod
723 1248 767 1272 ex
790 1237 879 1284 regii
899 1238 1094 1272 stemmatis
1118 1238 1338 1273 successione
1359 1238 1495 1273 videtur
1516 1239 1620 1281 velle,
1645 1239 1748 1274 Sede-

189 1293 260 1328 cias
283 1305 355 1329 non
376 1292 559 1329 Iechoniae
581 1305 695 1341 neque
710 1293 874 1338 Ioakimi,
898 1294 960 1330 sed
981 1294 1094 1330 Iosiae
1116 1295 1209 1331 filius
1232 1300 1294 1331 est.
1328 1295 1390 1330 Sin
1406 1297 1552 1331 alterum
1570 1296 1749 1332 Sedeciam

188 1350 377 1397 intelligat,
402 1351 463 1398 qui
483 1351 639 1398 privatus
662 1351 770 1394 vixit,
797 1355 850 1387 est
871 1351 930 1387 ille
946 1351 1086 1398 quidem
1101 1351 1249 1388 Ioakimi
1264 1352 1374 1396 filius,
1396 1353 1455 1388 sed
1471 1365 1542 1388 non
1557 1353 1748 1389 lechoniae.

188 1407 279 1443 Nam
300 1408 361 1445 lib.
378 1420 402 1444 1.
423 1407 539 1446 Paral.
562 1419 638 1455 cap.
654 1421 707 1452 111,
727 1407 768 1444 15
790 1408 926 1445 Ioakim
946 1409 1060 1445 Iosiae
1083 1409 1176 1445 filius
1198 1409 1396 1446 lechoniam
1423 1414 1459 1446 et
1479 1411 1659 1447 Sedeciam
1690 1423 1748 1458 ge-

187 1465 281 1509 nuit,
301 1464 481 1501 lechonias
497 1464 731 1502 Salathielem.
769 1466 816 1501 At
835 1465 1050 1514 Epiphanius
1070 1466 1271 1502 Iechoniam
1294 1471 1330 1502 et
1345 1467 1543 1511 Sedeciam,
1566 1480 1653 1515 quos
1674 1474 1747 1504 tam

188 1522 370 1570 perspicue
381 1522 559 1570 Scriptura
570 1523 770 1570 distinguit,
786 1524 823 1559 in
839 1523 987 1560 eundem
999 1524 1113 1560 virum
1125 1523 1300 1562 conflavit.
1329 1525 1407 1560 Non
1420 1525 1563 1561 dubium
1577 1530 1647 1570 est,
1664 1528 1748 1573 quin

187 1578 368 1616 lechonias
383 1580 454 1624 ille,
470 1580 531 1627 qui
541 1579 766 1616 Salathielem
777 1591 798 1616 a
809 1580 987 1617 Matthaeo
1000 1582 1165 1628 genuisse
1177 1582 1313 1625 dicitur,
1323 1582 1416 1618 idem
1429 1583 1475 1618 sit
1487 1595 1565 1618 cum
1578 1594 1630 1626 eo,
1644 1595 1748 1630 quem

187 1636 477 1685 Paralipomenon
497 1637 585 1673 liber
607 1641 867 1674 commemorat.
905 1638 975 1675 Sed
995 1639 1085 1674 alius
1102 1639 1134 1674 ei
1148 1645 1247 1686 pater
1263 1650 1370 1686 quam
1384 1639 1564 1676 Iechonias
1581 1652 1747 1687 quaeren-

187 1693 251 1730 dus
278 1697 342 1730 est.
395 1694 618 1733 Maldonatus
638 1699 757 1731 noster
778 1694 911 1731 Ioakim
938 1707 1001 1743 pro
1028 1696 1152 1732 iterato
1173 1695 1338 1733 Iechonia
1363 1698 1545 1733 substituit
1570 1702 1673 1746 atque
1700 1700 1748 1734 ita

186 1751 288 1798 legit:
311 1753 445 1787 Ioacs'm
461 1758 571 1787 autem
584 1755 702 1798 qenuit
715 1753 933 1788 secheniam.-
957 1753 1140 1788 Ieclwm'as
1162 1761 1273 1789 autem
1291 1757 1410 1801 yenm’t
1427 1754 1609 1791 salathiel.
1647 1756 1746 1799 Quod

186 1808 385 1857 Scripturas
401 1811 674 1845 consentaneum
690 1813 752 1846 est.

276 1864 332 1901 Ἐν
348 1865 458 1913 τούτῳ
475 1869 525 1913 τῷ
541 1866 656 1914 χρόνῳ
671 1868 728 1911 τῆς
742 1865 1000 1914 αἰχμαλωσίας.]
1028 1868 1214 1916 Multiplex
1227 1880 1336 1912 error,
1353 1880 1421 1917 quo
1433 1870 1495 1906 vix
1506 1871 1599 1906 ullus
1611 1871 1654 1906 ab
1666 1871 1746 1918 Epi-

183 1921 312 1971 phanio
328 1923 470 1971 gravior
490 1927 544 1959 est
558 1924 778 1962 commissus.
816 1924 896 1960 Non
917 1925 1011 1960 enim
1034 1930 1115 1973 post
1128 1927 1450 1973 Hierosolymorum
1471 1928 1662 1971 excidium,
1685 1930 1745 1964 sed

183 1984 281 2016 tanto
304 1984 402 2024 ante,
428 1984 510 2028 post
528 1993 555 2017 x
576 1981 738 2018 videlicet
756 1982 911 2018 tribuum
932 1983 1225 2030 deportationem,
1253 1984 1367 2020 coloni
1387 1985 1425 2021 in
1446 1985 1643 2021 Samariam
1664 1988 1745 2022 sub-

183 2037 300 2081 missi,
315 2037 421 2085 idque
436 2049 460 2073 a
473 2037 756 2083 Salmanassam,
776 2051 849 2075 non
864 2051 886 2075 a
900 2039 1253 2077 Nabuchodonosore.
1289 2042 1376 2078 Vide
1391 2055 1438 2078 rv.
1454 2042 1540 2090 Reg.
1558 2055 1632 2090 cap.
1650 2057 1745 2081 xxrv.

183 2093 305 2142 Neque
323 2106 406 2131 vero
422 2095 518 2131 solus
536 2096 576 2141 vin
596 2107 638 2132 eo
660 2107 774 2132 errore
793 2097 862 2133 fuit
874 2097 1101 2145 Epiphanius.
1143 2099 1234 2135 Nam
1256 2102 1291 2134 et
1306 2099 1494 2147 Procopius
1518 2101 1555 2136 in
1569 2101 1709 2137 Esaiam
1725 2114 1747 2136 a

183 2151 526 2189 Nabuchodonosore'
538 2153 734 2190 Samariam
757 2158 792 2190 et
805 2154 969 2190 Iudaeam
992 2160 1212 2203 expugnatas
1229 2157 1288 2193 ait.
1328 2156 1435 2204 Atqui
1451 2158 1548 2195 Com.
1563 2158 1607 2194 24
1623 2159 1746 2194 dicitur

182 2209 407 2256 Assyriorum
432 2221 498 2246 rex
524 2210 567 2247 de
587 2210 770 2258 Babylone
796 2215 832 2248 et
858 2212 900 2248 de
923 2211 1037 2248 Cutha
1061 2214 1278 2261 caeterisque
1298 2215 1501 2261 regionibus
1527 2217 1746 2251 transtulisse

183 2267 326 2302 colonos
341 2266 379 2302 in
394 2266 600 2304 Samariam.
639 2268 695 2305 An
708 2271 784 2304 tum
807 2269 1051 2306 Salmanassar
1065 2270 1285 2318 Babylonem
1301 2272 1496 2315 obtinebat,
1519 2276 1559 2308 ut
1581 2274 1640 2319 qui
1662 2278 1745 2309 tunc

182 2324 220 2360 in
242 2334 286 2358 ea
305 2324 476 2370 regnabat
491 2324 713 2371 Assyriorum
735 2326 918 2374 vectigalis
939 2331 1055 2363 esset?
1090 2328 1166 2364 Hoc
1187 2328 1327 2375 quidem
1351 2329 1531 2375 probabile
1552 2334 1615 2365 est.
1653 2330 1744 2366 Nam

182 2384 264 2428 post
283 2380 507 2427 Assyriorum
526 2385 627 2418 vetus
647 2382 735 2418 illud
760 2393 802 2418 ac
823 2383 1027 2421 diuturnum
1046 2385 1233 2432 imperium
1254 2386 1449 2421 extinctum
1470 2386 1743 2433 Babyloniorum

181 2437 370 2485 primordia
391 2449 412 2473 a
426 2438 674 2476 Nabonassaro
695 2444 897 2488 coeperunt,
925 2452 1017 2477 anno
1039 2453 1113 2489 per.
1135 2441 1200 2478 Iul.
1223 2442 1338 2485 3967„
1361 2446 1502 2478 centum
1516 2444 1588 2479 fere
1604 2446 1705 2482 annis
1721 2458 1743 2481 a

182 2495 372 2531 constituta
385 2495 569 2532 Medorum
582 2496 802 2541 monarchia,
817 2508 907 2544 quae
921 2498 1000 2534 iniit
1012 2508 1105 2534 anno
1121 2498 1222 2534 3838.
1259 2499 1365 2534 Porro
1382 2499 1624 2538 Salmanassar
1639 2516 1662 2538 x
1683 2505 1741 2538 tri-

182 2552 248 2588 bus
264 2553 419 2600 captivas
434 2553 583 2589 abduxit
597 2554 732 2589 circiter
747 2565 880 2590 annum
893 2566 967 2602 per.
982 2556 1048 2591 Iul.
1062 2555 1176 2598 3993„
1192 2567 1284 2591 anno
1299 2555 1466 2592 Ezechiae
1483 2570 1529 2594 vr.
1565 2560 1598 2594 A
1614 2572 1681 2606 quo
1698 2562 1741 2596 ad

180 2609 501 2657 Nabopolassarum
515 2610 850 2647 Nabuchodonosori
864 2615 999 2659 patrem
1014 2613 1097 2647 anni
1112 2616 1194 2648 sunt
1208 2623 1304 2648 xcvr.
1334 2613 1445 2649 Initus
1461 2616 1556 2651 enim
1569 2616 1739 2665 Nabopol.

182 2667 344 2703 convenit
357 2679 450 2704 anno
466 2679 537 2715 per.
549 2668 614 2704 Iul.
628 2667 742 2710 4089„
758 2669 825 2704 sub
842 2680 912 2715 quo
921 2695 930 2712 ,
942 2669 1014 2705 imo
1030 2673 1112 2705 ante
1126 2670 1259 2716 ipsum,
1271 2669 1545 2717 Babyloniorum
1557 2674 1741 2721 imperium

147 2737 154 2742 “
180 2722 304 2760 florere
319 2725 530 2772 excitarique
545 2725 677 2772 coepit,
693 2736 775 2760 cum
786 2725 861 2761 iam
874 2726 1097 2773 Assyriorum
1119 2727 1311 2763 secundum
1330 2727 1417 2764 illud
1439 2730 1632 2767 occidisset.
1661 2733 1739 2767 Ete-

181 2781 255 2816 nim
274 2785 356 2828 post
375 2782 598 2818 Assaraddon
619 2782 717 2818 nulla
737 2782 778 2818 fit
799 2783 950 2830 amplius
976 2794 1101 2830 regum
1120 2784 1343 2830 Assyriorum
1368 2787 1517 2830 mentio,
1545 2789 1606 2824 sed
1626 2791 1738 2825 Mero—

182 2837 282 2873 dachi
302 2839 367 2874 filii
386 2839 543 2876 Baladan
557 2839 833 2886 Babyloniorum
852 2840 1028 2887 principis,
1051 2853 1097 2876 ιν.
1121 2841 1208 2888 Reg.
1223 2854 1282 2886 xx,
1301 2842 1364 2884 12„
1381 2854 1473 2880 anno
1486 2845 1652 2882 Ezechiae
1667 2860 1738 2883 xiv.

180 2894 331 2942 Ideoque
350 2900 430 2943 post
449 2896 636 2934 Merodach
659 2897 872 2944 Babylonios
893 2908 994 2944 reges
1018 2898 1220 2935 crediderim
1241 2900 1286 2935 ab
1309 2900 1532 2946 Assyriorum
1558 2904 1737 2940 dominatu

181 2963 219 2987 se
235 2952 272 2988 iu
285 2953 480 2989 libertatem
493 2955 695 2990 asseruisse.

272 3009 357 3050 Τούς
371 3022 405 3046 τε
417 3011 594 3052 Χουθαίους
610 3010 856 3059 καλουμένους]
882 3010 1037 3055 Quatuor
1047 3011 1152 3051 hosce
1162 3015 1309 3063 populos
1323 3015 1429 3064 longe
1445 3018 1543 3054 aliter
1558 3019 1736 3066 Scriptura

1411 3086 1465 3121 Β.

1778 2346 1807 2371 p.
1819 2338 1860 2365 21.
