2008 3294
274 184 356 222 VIII

275 288 450 323 conditam
466 288 607 334 Moyses
623 287 786 324 affirmat.
819 287 949 324 Verum
962 288 1074 324 Assur
1092 288 1217 325 Genes.
1233 299 1275 332 x,
1298 301 1336 325 11.
1355 290 1476 336 vgentis
1491 300 1621 326 nomen
1642 301 1735 334 esse,
1758 301 1830 326 non

273 345 339 380 viri
352 346 532 392 proprium
548 345 753 380 existimant
767 345 845 388 alii3
861 345 989 391 quibus
1004 346 1151 383 libenter
1167 345 1440 392 subscripserim.
1469 347 1539 382 Sed
1553 347 1639 382 haec
1649 348 1829 383 annalium

274 412 315 436 ac
331 401 636 448 chronologiarum
652 402 801 448 paginas
815 402 963 449 implent
972 429 982 446 ,
997 406 1161 438 nec'sunt
1174 403 1332 449 pluribus
1347 402 1413 439 hoc
1428 404 1505 440 loco
1523 404 1757 451 disceptanda.

365 459 492 493 Τούτου
508 458 528 503 ἡ
546 458 694 503 βασιλεία
709 457 741 493 ἐν
757 457 888 506 Ὀρὲχ.]
909 459 977 496 Pro
993 457 1122 509 'Appal
1137 471 1220 496 Lxx,
1245 458 1381 507 Ἀρχὰδ,
1396 461 1547 497 Hebraei
1561 464 1665 501 528.

364 516 470 556 Κτίζει
485 515 521 550 δὲ
537 515 590 549 καὶ
606 515 664 560 τὴν
679 515 819 563 Θειράᾳ]
858 516 984 552 Nescio
1001 517 1092 552 unde
1108 516 1194 552 haec
1210 517 1410 563 expiscatus
1426 519 1489 561 sit,
1507 529 1595 564 quae
1610 518 1648 552 in
1665 517 1792 554 Genes.
1807 529 1831 553 x

272 573 332 607 illo
350 573 463 619 capite
478 585 550 608 non
564 573 741 619 leguntur.
765 573 836 610 Ubi
849 574 917 610 hoc
931 574 1103 610 duntaxat
1117 574 1282 610 habetur:
1304 574 1517 622 Principium
1528 575 1630 621 regni
1641 574 1832 624 Nembroth

271 630 381 664 fuisse
397 630 626 676 Babylonem,
642 629 697 664 καὶ
712 628 828 678 Ὀρέχ,
844 630 898 666 καὶ
909 629 1048 678 Ἀρχὰδ,
1065 631 1118 666 καὶ
1133 628 1284 675 Χαλὰννη
1301 631 1339 667 in
1353 635 1446 667 terra
1460 632 1630 669 Sennaar.
1654 631 1752 667 Unde
1767 631 1831 668 As-
1889 674 1893 679 ,

274 698 334 721 sur
350 697 512 733 egressus
537 686 735 734 ᾠκοδόμησε
758 687 815 733 τὴν
838 688 961 733 Νινευὶ,
987 688 1040 722 καὶ
1064 687 1121 733 τὴν
1139 687 1300 734 Ῥοωβὼθ
1324 688 1432 735 πόλιν,
1457 689 1511 723 καὶ
1533 688 1590 734 τὴν
1606 687 1733 724 Χαλάκ.
1765 688 1831 724 Pro

274 743 435 790 Ῥοωβὼθ
448 743 544 779 πόλιν
555 745 724 780 Hebraico
735 745 904 792 scriptum
915 749 969 781 est
980 750 1056 788 *2⁸27
1069 749 1198 788 ΞἾΓΙἾ,
1215 745 1308 791 quod
1318 745 1550 792 Hieronymus
1561 747 1682 782 vertit:
1693 747 1834 792 plateas

274 803 441 845 civitatis,
465 805 501 836 et
522 813 593 850 quo
615 802 823 849 appellativo
850 801 990 846 habuit,
1015 802 1107 848 quod
1125 802 1248 838 Graeci
1267 803 1447 849 proprium
1468 803 1634 839 fecerant.
1666 803 1835 849 Inteuigit

273 862 392 893 antem
406 859 502 895 urbis
517 858 659 895 Ninives
680 860 834 906 plateas,
858 870 946 906 quas
967 859 1080 896 Ninus
1104 860 1309 895 extruxerit.
1346 859 1398 894 De
1411 859 1606 907 Epiphanio
1623 860 1706 907 quid
1721 860 1834 896 dicam

273 915 369 951 aliud
385 917 534 952 occurrit
547 916 644 960 nihil,
659 917 729 952 nisi
744 928 847 952 voces
862 917 960 960 istas,
977 915 1090 964 Θειρὰς
1107 921 1142 952 et
1157 916 1277 962 Θόβελ,
1295 917 1448 952 alienum
1462 917 1500 952 iu
1515 917 1633 953 locum
1647 918 1833 953 translatas

273 984 362 1008 esse.
384 973 475 1009 Nam
489 972 612 1009 'shira-s
629 977 664 1009 et
678 974 816 1010 Thubal
829 975 921 1011 inter
936 973 1094 1021 Iaphethi
1108 978 1267 1021 posteros
1282 977 1510 1014 numerantur
1525 985 1617 1011 com.
1629 974 1662 1011 2.
1691 974 1834 1017 Thubal,

273 1038 306 1065 et
318 1031 458 1066 Mosoch
468 1058 478 1077 ,
494 1037 528 1066 et
545 1031 682 1066 ΤΙιὺ-αε.
718 1031 893 1067 Fortassis
909 1031 1003 1066 enim
1018 1042 1098 1066 cum
1114 1031 1264 1077 Regma,
1281 1030 1478 1067 Sabatacha
1493 1031 1707 1079 caeterisque
1730 1043 1834 1079 quos-

273 1087 354 1122 dam
369 1088 457 1123 alios
472 1089 646 1124 recensuit
660 1087 892 1135 Epiphanius,
908 1092 943 1124 et
958 1089 1142 1124 interillos
1158 1087 1295 1124 Thubal
1311 1092 1344 1123 et
1360 1087 1494 1124 Thiras.
1526 1088 1605 1124 Nisi
1619 1087 1704 1124 haec
1719 1089 1834 1125 conie-

272 1148 371 1180 ctura
385 1145 532 1191 placeat,
547 1157 610 1192 pro
625 1143 750 1192 Θειρόις,
767 1150 803 1180 et
814 1144 933 1191 Θόβελ,
951 1156 991 1180 ac
1007 1145 1113 1191 Λόβος
1129 1146 1270 1192 propria
1285 1146 1424 1182 urbium
1438 1146 1578 1182 illarum
1593 1145 1738 1182 nomina
1753 1146 1834 1182 sub-

272 1202 448 1237 stituenda
470 1206 568 1246 sunt,
592 1214 680 1249 quas
696 1203 806 1238 Assur
827 1202 1034 1238 aedificavit.
1069 1202 1171 1238 Certe
1193 1203 1230 1238 in
1246 1203 1354 1249 Δόβος
1369 1203 1558 1249 vestigium
1579 1203 1753 1250 quoddam
1774 1214 1835 1250 ap·

271 1263 373 1306 paret
386 1260 548 1295 vocabuli
562 1257 741 1305 Ῥοωβὼθ,
762 1260 848 1295 etin
863 1258 985 1295 Thiras
1001 1260 1097 1295 vocis
1114 1264 1202 1304 ἾΨ,
1214 1271 1308 1307 puae
1323 1260 1499 1318 civitatem
1514 1260 1700 1307 significat.
1735 1259 1834 1296 Unde

272 1316 324 1351 ita
337 1316 518 1363 depravari
533 1328 604 1351 vox
618 1317 688 1351 ista
700 1317 815 1363 potuit
829 1315 1056 1363 Ῥοωβωθίρα.

364 1372 413 1408 Οὔ
431 1372 517 1407 πολυ
535 1372 571 1407 δὲ
586 1370 743 1417 ἀλλήλων
759 1376 809 1420 τῳ
826 1374 941 1420 χρόνῳ
958 1373 1186 1420 Bactrianam]
1222 1374 1489 1411 Bactrianorum
1503 1385 1568 1410 rex
1582 1374 1659 1418 ille,
1684 1385 1834 1421 quocum

271 1430 384 1466 Ninus
400 1429 569 1466 conflixit.
605 1430 777 1477 Oxyartes
793 1442 815 1466 a
829 1430 982 1466 Diodoro
996 1434 1156 1474 vocatur;
1180 1441 1203 1466 a
1215 1431 1369 1475 Iustino,
1385 1431 1538 1468 Arnobio
1554 1443 1594 1468 ac
1610 1433 1753 1468 caeteris
1767 1431 1835 1468 Zo-

231 1518 239 1526 .
272 1491 418 1523 roastes.
450 1487 570 1534 Neque
586 1487 748 1523 dissentit
761 1487 912 1531 Plinius,
935 1491 974 1523 ut
997 1487 1174 1534 Scaligero
1191 1487 1337 1523 videtur.
1369 1487 1491 1535 Neque
1506 1489 1601 1525 enim
1616 1489 1752 1525 dubitat
1764 1489 1834 1534 ille,

273 1546 363 1580 sitne
387 1555 511 1591 magus
534 1544 628 1580 idem
643 1556 723 1580 cum
740 1555 821 1591 rege
836 1544 1040 1588 Bactriano,
1063 1545 1125 1580 sed
1148 1548 1266 1580 utrum
1287 1555 1379 1581 unus
1401 1545 1458 1581 hic
1478 1546 1602 1589 fuerit,
1625 1556 1670 1582 an
1690 1549 1727 1582 et
1746 1547 1834 1582 alius

272 1606 412 1649 postea,
435 1601 528 1649 quod
549 1601 712 1637 Salianus
736 1605 854 1637 noster
875 1605 967 1641 recte
989 1602 1026 1637 in
1042 1601 1238 1638 Annalibus
1260 1602 1512 1639 animadvertit.
1547 1603 1747 1657 vanissima
1759 1603 1836 1640 Ma·

273 1671 398 1706 gorum
414 1660 509 1694 natio
526 1659 747 1695 Zoroastrem
762 1660 861 1694 illum
878 1659 1161 1705 antiquissimum
1181 1662 1296 1706 putat,
1320 1662 1441 1706 utpote
1463 1660 1523 1706 qui
1538 1659 1728 1696 Troianum
1743 1661 1836 1696 exei-

273 1717 368 1752 dium
381 1717 534 1763 quinque
547 1727 719 1752 annorum
730 1716 874 1752 milibus
887 1717 1122 1760 antecesserit,
1137 1720 1179 1752 ut
1187 1716 1319 1752 Plinius
1333 1721 1368 1752 et
1377 1715 1549 1752 Plutarch.
1565 1717 1680 1753 Tract.
1693 1717 1736 1752 de
1745 1717 1836 1754 Iside

273 1778 456 1811 testantur.
479 1774 582 1821 Apud
596 1773 775 1810 Laertium
789 1772 954 1810 Xanthus
969 1773 1102 1820 Lydius
1117 1774 1294 1809 sexcentis
1310 1774 1483 1810 duntaxat
1494 1774 1595 1810 annis
1610 1778 1692 1811 ante
1705 1774 1836 1812 Xerxis

274 1830 422 1877 δίάβασιν
445 1831 605 1867 extitisse
629 1831 838 1867 Zoroastren
861 1834 1048 1867 asseverat.
1094 1830 1192 1867 Unde
1214 1831 1338 1868 merito
1363 1831 1479 1879 plures
1503 1831 1661 1868 eiusdem
1684 1832 1838 1868 nominis

272 1888 382 1924 fuisse
405 1889 601 1935 suspicatur
625 1887 792 1934 Scaliger.

365 1944 468 1979 Τον
443 1945 573 1992 ..εροὺχ
585 1943 832 1992 ξρμενευόμενον
848 1943 1016 1992 ἐρεθισμον
1019 1947 1044 1990 .]
1070 1945 1195 1981 Variae
1210 1948 1295 1981 sunt
1309 1945 1401 1993 apud
1413 1944 1650 1993 Epiphaniam
1661 1946 1836 1982 Hebraeo·

274 2014 351 2038 rum
366 2002 550 2038 nominum
565 2002 718 2049 origines
735 2006 769 2038 et
783 2002 1085 2049 interpretationes
1102 2002 1230 2049 partim
1245 2003 1428 2046 obscurae,
1443 2002 1571 2050 partim
1586 2003 1835 2040 subabsurdae.

273 2060 386 2095 Multa
408 2059 502 2095 enim
517 2059 573 2095 vel
595 2059 838 2095 eruditissimis
860 2070 922 2106 per
937 2059 1207 2106 imprudentiam
1223 2059 1398 2096 excidunt.
1434 2058 1555 2106 Neque
1570 2061 1837 2107 Ρωμαῖοι-Πο-

275 2117 418 2152 braismi
432 2116 500 2152 fuit
514 2116 695 2163 imperitus
706 2115 932 2163 Epiphanius,
949 2128 1052 2162 quem
1067 2115 1232 2159 Graecae,
1250 2116 1371 2163 Syme,
1386 2116 1574 2160 Hebraeae,
1588 2117 1835 2165 Aegyptiacae,

274 2178 310 2209 et
332 2185 377 2209 ex
400 2178 497 2221 parte
519 2173 664 2210 Latinae
687 2173 830 2219 linguae
853 2173 1022 2210 scientem
1043 2173 1152 2211 fuisse
1176 2173 1359 2210 confirmat
1372 2173 1514 2210 Hieron.
1534 2174 1635 2221 Apol.
1652 2186 1692 2221 n,
1715 2165 1837 2226 coique

276 2230 384 2274 Ruffi,
406 2242 511 2278 quem
534 2234 657 2278 argute
679 2231 870 2277 bilinguem
893 2231 1068 2274 nominat,
1091 2230 1184 2277 quod
1209 2229 1340 2267 Graece
1354 2230 1546 2277 Latineque
1566 2235 1697 2269 nosset.
1743 2231 1836 2277 Inter

274 2288 381 2323 falsas
405 2288 655 2335 originationes
678 2286 764 2323 haec
787 2288 865 2335 ipsa
879 2288 1040 2324 vocabuli
1057 2287 1171 2334 Serng
1186 2287 1422 2335 interpretatio
1439 2298 1462 2324 a
1477 2287 1668 2324 Calviuista
1682 2289 1836 2336 quodam

276 2345 446 2391 profertur
461 2356 543 2382 cum
558 2345 694 2392 aliquot
714 2345 809 2388 aliis;
831 2349 871 2381 ut
893 2356 973 2381 cum
995 2348 1149 2382 caeteros
1163 2344 1284 2382 Patres
1301 2346 1426 2382 erroris
1442 2343 1536 2380 haud
1551 2350 1712 2393 expertes
1726 2346 1835 2383 fuisse

275 2402 433 2449 colligat,
450 2406 524 2438 tum
540 2403 595 2439 vel
610 2402 781 2449 imprimis
798 2401 1031 2449 Epiphanium
1046 2402 1081 2439 in
1098 2402 1312 2450 explicandis
1326 2402 1526 2439 nominibus
1541 2403 1732 2440 aberrasse.
1762 2403 1834 2440 Nos

276 2459 316 2493 de
334 2459 491 2506 reliquis,
515 2460 656 2506 quaein
671 2458 737 2496 hoc
753 2459 919 2507 scriptore
934 2462 1050 2503 notat,
1075 2460 1225 2507 sparsim
1248 2470 1289 2495 ac
1312 2470 1376 2496 suo
1398 2459 1476 2495 loco
1490 2459 1699 2498 videbimus.
1735 2460 1835 2504 Quod

275 2517 317 2551 ad
334 2527 498 2564 praesens
516 2517 722 2554 vocabulum
738 2520 892 2565 spectat,
915 2517 1006 2553 male
1021 2517 1067 2553 ab
1083 2515 1277 2564 Epiphanio
1292 2519 1393 2564 putat
1409 2515 1532 2563 σιροὺχ
1545 2515 1713 2564 ἰριθισμίον
1729 2518 1832 2554 verti:

275 2585 353 2609 cum
367 2574 414 2609 ita
425 2574 644 2611 scribendum
660 2574 707 2610 sit
721 2573 787 2610 hoc
802 2584 942 2618 nomen,
958 2572 1089 2621 σιροὺγ,
1105 2577 1141 2610 et
1150 2575 1390 2621 propaqt'mm,
1403 2584 1475 2610 non
1487 2572 1715 2611 irritationem
1727 2575 1835 2623 signi·

276 2631 365 2666 ficet.
404 2631 498 2667 llaec
520 2631 589 2669 ille.
620 2631 750 2668 Verum
767 2630 938 2679 purgandi
957 2629 1024 2667 hoc
1042 2630 1182 2678 quidem
1201 2631 1277 2668 loco
1294 2628 1479 2679 Epiphanii
1489 2629 1601 2667 facilis
1614 2635 1668 2667 est
1679 2635 1713 2668 et
1724 2632 1834 2679 expli·

278 2693 355 2723 cata
369 2689 470 2726 ratio.
493 2687 647 2725 Primum
660 2689 752 2724 enim
765 2686 898 2735 σιροὺχ,
911 2699 982 2724 non
994 2688 1113 2735 σιροὺγ
1125 2687 1346 2725 scribendum
1357 2687 1409 2724 int
1418 2686 1495 2731 mit,
1512 2698 1591 2723 cum
1603 2688 1717 2735 priore
1728 2689 1833 2726 modo

280 2757 347 2780 nu
364 2745 592 2792 conceperint,
629 2745 674 2780 Et
687 2745 764 2781 fieri
779 2748 911 2792 potest,
927 2748 967 2781 ut
980 2745 1149 2782 Hebraice
1166 2755 1304 2793 quoque
1318 2744 1444 2782 saltem
1457 2744 1592 2791 aliquot
1606 2745 1643 2781 in
1658 2747 1834 2795 exempla·

279 2802 373 2838 ribus
389 2806 518 2843 ΓΗὟΦ
532 2813 602 2838 non
619 2806 736 2844 ᾸἾἾῸ
750 2802 881 2839 lectum
894 2802 956 2839 sita
981 2813 1026 2840 ex
1049 2813 1118 2849 quo
1141 2801 1273 2839 Graece
1293 2800 1415 2849 σιροῦχ
1435 2800 1615 2838 ediderunt
1632 2814 1712 2839 ιιι.
1742 2802 1833 2839 Nam

279 2864 312 2900 n
329 2870 390 2907 per
407 2859 430 2895 Χ
447 2859 650 2907 plerumque
666 2859 761 2895 reddi
777 2860 882 2896 solet:
900 2859 989 2896 utin
1006 2863 1114 2901 ἾἾΙἮ
1131 2863 1166 2896 ot
1179 2861 1265 2903 ΕΗ,
1280 2857 1427 2895 ΝαοΙιον
1442 2861 1478 2894 et
1493 2857 1611 2894 oham.
1650 2859 1834 2908 Utcunque

277 2927 358 2953 vero
374 2916 543 2964 scriptum
558 2916 727 2959 extiterit,
750 2920 864 2965 potest
884 2915 1069 2953 commoda
1089 2916 1207 2964 aliqua
1227 2915 1510 2964 interpretatione
1532 2915 1718 2963 Epiphanii
1738 2917 1832 2964 glos·

278 2985 376 3011 sema
390 2972 537 3011 detondi.
576 2971 749 3021 Imprimis
766 2978 861 3015 ΆἿἪ
872 2974 1071 3020 perplexum
1093 2984 1162 3010 em
1182 2977 1287 3021 atque
1309 2974 1507 3009 iumentum
1527 2973 1720 3019 significat,
1740 2973 1832 3011 unde

279 3035 392 3075 &³⁸50
403 3044 571 3079 propago,
588 3041 658 3068 non
671 3035 799 3075 ᾺἾὝΟ,
816 3035 854 3067 ut
865 3030 1076 3069 Calvisi-tae
1088 3031 1228 3079 placuit.
1251 3028 1366 3074 Quare
1376 3041 1558 3078 perperam
1569 3031 1688 3078 etipse
1700 3030 1831 3078 σιροὺγ,
