2008 3294
1535 126 1717 165 ccxxlx

257 234 298 270 N.
314 245 424 270 xxxxi.
455 232 632 280 Ἐσομένης
649 230 711 279 γὰρ
729 233 781 267 καὶ
797 231 879 280 μετὰ
893 233 1036 275 τοῦτον]
1080 231 1143 266 Hic
1164 232 1345 278 perspicue
1365 235 1446 278 post
1470 230 1636 265 iudicium
1657 230 1717 265 ho-

167 292 278 327 mines
294 294 420 327 terram
435 289 650 327 habitaturos
666 290 806 333 asserit,
826 299 899 327 nen
918 291 958 327 nt
973 287 1160 326 chiliastae
1173 288 1219 330 ad
1235 288 1370 335 aliquot
1383 287 1555 324 duntaxat
1568 288 1718 330 saecula,

167 348 218 385 sic
234 352 272 386 ut
285 348 426 386 interim
439 358 602 394 suprema
616 348 677 383 ills
691 347 873 394 felicitate,
893 345 960 395 hoc
982 348 1036 381 est
1058 348 1200 392 aspectu
1222 345 1276 380 dei
1298 348 1472 387 carerent,
1495 355 1615 380 verum
1631 348 1669 379 ut
1684 350 1718 379 et

166 408 330 452 perpetuo
345 405 384 440 in
398 407 490 441 terra
505 404 686 450 degerent,
701 409 736 440 et
749 413 887 453 summu,
900 402 1126 440 nihilominus
1141 401 1209 437 illis
1225 412 1266 437 ac
1281 401 1433 449 perfecta
1447 402 1613 441 beatitate
1626 401 1717 437 frue-

166 466 295 502 rentur.

193 543 196 546 -
255 518 295 554 N.
313 530 418 554 xxxv.
450 515 574 555 Ἐπεσε
590 518 626 554 δὲ
642 517 814 566 &albunea
827 517 857 567 ἡ,
863 515 1019 562 monui-J
1049 516 1144 553 Corr.
1162 516 1300 560 παθητή.

253 575 302 616 N
313 587 462 617 xxxviii.
493 575 555 611 Kal
566 575 620 612 ἵνα
637 575 682 623 μὴ
698 575 788 624 εἴπῃς
803 572 928 618 ,ὅτι-οὒκ
944 571 1018 619 aet]
1066 573 1200 609 Desunt
1222 574 1400 609 nonnulla.
1432 574 1481 609 Ac
1497 573 1586 610 forte
1602 574 1651 610 ita
1665 585 1718 609 re·

164 631 416 668 scribendum‘'
400 644 449 667 οτι
465 631 512 667 ἀεὶ
528 631 741 679 διαλαμβάνει
755 632 937 678 σμοτιινῶς.

253 689 294 729 N.
310 701 367 729 nr..
398 688 520 725 Λοιπὸν
537 692 596 724 τοῦ
612 689 801 736 Μεθοδίου.]
843 688 1017 728 Hactenus
1037 687 1190 724 Procius.
1227 687 1398 735 Deinceps
1419 687 1588 729 Methodii
1601 693 1717 736 partes

164 749 261 790 sunt,
276 746 351 795 qui
372 746 535 783 adversus
559 746 746 794 origenem
771 745 924 790 disserit,
951 745 1050 782 cuius
1073 745 1303 792 patrocinium
1328 755 1349 779 a
1372 744 1493 781 Proclo
1517 749 1718 792 susceptum

162 803 266 850 paulo
281 807 360 850 post
374 803 514 839 indicat.
547 803 675 839 Verum
690 803 722 839 si
735 803 847 840 Procli
861 806 916 838 eet
931 813 974 838 ea
988 802 1194 849 disputatio,
1211 812 1299 848 quae
1316 813 1337 836 a
1352 813 1448 838 num.
1463 814 1547 839 xvn.
1564 802 1607 838 ad
1624 801 1716 840 hunc

163 871 279 907 usque
301 861 504 907 pertexitur,
531 872 603 896 non
626 860 724 897 video
748 859 1040 908 quemadmodum
1063 859 1223 906 Origenis
1247 869 1407 894 caussam
1431 858 1607 901 defendat,
1637 871 1716 894 curn

163 917 236 958 eius
252 917 382 965 dogma
395 917 606 956 validissime
621 917 756 960 refellat
777 921 812 953 et
829 916 1119 959 :annectionem
1135 927 1318 963 corporum
1330 914 1491 953 affirmet.
1516 915 1584 951 Sed
1604 928 1716 964 neque

163 973 331 1011 Methodii
352 985 567 1021 consequens
589 974 749 1011 relutatio
776 973 822 1011 ad
843 973 1104 1011 antecedentem
1128 972 1238 1009 Procli
1266 983 1460 1008 sermonem
1489 973 1655 1019 pertinet,
1683 978 1718 1007 et

163 1031 415 1077 Aglaophontis
431 1031 623 1067 orationem
639 1031 828 1090 convincit,
853 1042 942 1078 quae
956 1031 1053 1066 nulla
1067 1029 1122 1065 hic
1138 1034 1244 1065 extat.
1275 1029 1339 1066 Hic
1361 1030 1467 1076 igitur
1489 1028 1626 1064 haereo.
1658 1030 1716 1064 At-

163 1098 230 1134 que
245 1091 307 1125 aut
320 1089 533 1136 transposita
547 1093 609 1124 ant
623 1089 754 1126 omissa
741 1071 932 1135 pleraque
947 1088 1025 1124 istic
1041 1087 1149 1123 tuisse
1166 1087 1350 1123 verisimile
1367 1090 1430 1121 est.
1467 1085 1580 1129 Quae,
1599 1088 1628 1121 si
1644 1087 1715 1121 Me-

163 1143 273 1182 thodii
287 1145 373 1182 liber
389 1149 540 1190 extaret,
556 1145 706 1183 discerni
720 1145 963 1192 emendarique
979 1148 1133 1192 possent.

251 1201 294 1239 N.
311 1213 391 1238 xnv.
421 1201 560 1238 Λέλυται
577 1201 629 1237 καὶ
645 1202 682 1239 τὸ
699 1197 803 1251 εἶναι]
844 1202 1030 1250 Expuncta
1045 1202 1169 1237 vocula
1185 1196 1263 1236 εἶναι
1280 1205 1456 1247 utcunque
1473 1201 1644 1237 sententia
1660 1212 1716 1236 co-

163 1257 324 1297 haerebit.

241 1315 294 1355 ¹N.
309 1327 417 1355 aava.
449 1314 544 1351 Ἀλλ’
561 1315 638 1352 οὐδὲ
653 1315 671 1352 ὁ
688 1315 875 1357 ἀπόστολος
892 1315 1101 1362 ὑποτίθεται]
1147 1315 1345 1352 Methodius
1369 1316 1418 1350 ita
1440 1316 1481 1351 de
1497 1315 1646 1362 apostoli
1662 1326 1715 1350 ra-

161 1375 222 1419 ptu
245 1372 364 1415 sentit,
387 1377 428 1411 nt
444 1373 483 1419 in
506 1373 640 1413 eoelum
661 1374 793 1422 ptimo,
816 1378 891 1412 tum
912 1374 948 1410 in
969 1373 1170 1422 paradisum
1191 1377 1366 1409 terrenum
1382 1373 1428 1408 sit
1443 1377 1599 1416 evectus,
1624 1373 1715 1420 quod

161 1429 302 1467 uberius
318 1429 478 1469 declarat.

251 1485 292 1523 N.
309 1498 392 1526 nvn.
422 1485 471 1523 Οὖ
488 1486 551 1535 γὰρ
567 1485 618 1534 ἐφ’
634 1486 712 1535 ἡμῖν
728 1486 844 1534 &wc-J
886 1488 1069 1526 Praeclara
1091 1491 1126 1523 et
1141 1486 1312 1523 catholica
1326 1487 1507 1535 apostolici
1522 1487 1616 1522 illius
1633 1487 1715 1523 dicti

161 1543 350 1586 sententia,
367 1554 472 1591 quam
486 1543 682 1587 Methodius
699 1546 858 1593 exponit,
875 1548 910 1580 et
925 1545 1089 1580 adversus
1105 1544 1291 1581 hodiernae
1306 1544 1459 1580 haeresis
1474 1544 1647 1580 inscitiam
1664 1548 1714 1579 at-

162 1611 228 1646 que
243 1599 502 1648 improbitatem
517 1601 733 1638 observanda
747 1601 941 1649 diligenter,
957 1602 1017 1649 qui
1032 1602 1347 1649 concupiscentiam
1357 1628 1365 1643 ,
1389 1606 1425 1636 et
1446 1612 1535 1648 quae
1556 1613 1601 1637 ex
1623 1602 1714 1636 illius

161 1657 369 1704 contagione
384 1658 502 1695 invitis
518 1659 619 1695 nobie
635 1659 821 1707 obrepunt,
843 1669 924 1694 vere
940 1669 1017 1695 esse
1031 1662 1175 1707 peccata
1190 1658 1377 1700 definiunt,
1399 1669 1468 1705 quo
1488 1659 1629 1694 nomine
1643 1670 1714 1694 non

162 1714 232 1753 iam
247 1713 427 1762 καθαροὺς,
443 1714 505 1750 sed
520 1707 722 1762 ἆκαθάρτοιις
737 1720 772 1751 et
785 1715 1040 1763 impurissimos
1057 1727 1095 1751 se
1111 1727 1187 1752 esse
1202 1716 1326 1751 merito
1342 1715 1558 1762 profitentur.

250 1770 293 1808 N.
310 1783 409 1809 um.
441 1770 524 1806 Ὑπὸ
542 1775 600 1807 τοῦ
617 1772 797 1821 μακαρίτου
813 1771 1002 1818 Μεθοδίου.]
1035 1773 1179 1808 Notabis
1194 1771 1409 1808 Methodium
1425 1773 1492 1807 alio
1509 1772 1648 1808 nomine
1664 1772 1713 1807 di·
1770 1796 1776 1802 -
1825 1775 1848 1801 ‘2-

161 1832 255 1864 ctum
270 1828 469 1864 Eubulium.

250 1884 385 1926 Πάντως
401 1897 464 1920 που
481 1885 534 1920 καὶ
551 1883 610 1930 ἔπη
627 1888 798 1931 τοσαῦτα.]
829 1884 919 1931 Ἔπη
936 1890 1019 1922 sunt
1032 1887 1154 1930 verba,
1167 1898 1240 1922 non
1256 1898 1387 1923 versus.

251 1941 290 1986 El
305 1941 367 1989 γάρ
383 1941 468 1977 ἐστιν
484 1941 600 1987 ἀληθὲς
615 1942 634 1978 ὃ
651 1942 723 1990 περὶ
742 1946 802 1978 σοῦ
825 1942 961 1991 ᾅδεται]
1007 1945 1071 1980 Hic
1092 1945 1151 1979 ille
1174 1945 1272 1979 locus
1296 1948 1367 1986 est,
1390 1955 1435 1979 ex
1460 1955 1528 1990 quo
1551 1943 1712 1980 Ruffinus

161 1999 320 2046 origenis
344 1999 535 2043 adamata,
558 2002 593 2035 et
615 2000 660 2035 ab
676 1999 887 2047 Hieronymo
910 2005 1015 2048 atque
1030 2001 1223 2048 Epiphanio
1240 2002 1285 2036 ob
1306 2001 1342 2036 id
1365 2002 1515 2044 alienus,
1538 2002 1714 2036 asserebat

159 2054 391 2103 Epiphaniam
405 2056 555 2092 iactasse
571 2069 607 2092 vr
621 2057 788 2093 librorum
803 2058 901 2093 milia
921 2058 965 2093 ab
981 2057 1132 2104 Origene
1153 2059 1348 2104 conscripta
1370 2069 1408 2093 se
1428 2059 1568 2104 legisse.
1614 2058 1713 2100 Quod

159 2112 386 2160 nugacissimi
409 2124 449 2149 ao
469 2113 651 2149 vanissimi
673 2113 824 2150 hominis
847 2118 1083 2151 commentum
1102 2115 1229 2151 refellit
1249 2116 1479 2161 Hieronymus
1502 2116 1601 2162 Apol.
1617 2128 1655 2151 u.
1676 2117 1712 2150 in

159 2169 318 2207 eundem.
357 2169 538 2218 Nusquam
560 2171 654 2206 enim
677 2175 738 2207 ant
759 2171 802 2207 de
823 2172 990 2208 librorum
1012 2183 1158 2208 numero
1187 2172 1374 2208 affirmavit
1395 2172 1625 2219 Epiphanius,
1652 2176 1713 2206 aut

159 2226 303 2262 totidem
324 2238 347 2262 a
369 2238 408 2264 se
430 2227 540 2273 lectos
564 2227 790 2264 confirmavit.
836 2229 942 2265 Addit
954 2229 1094 2265 Hieron.
1110 2230 1152 2265 de
1169 2230 1330 2276 Origenis
1353 2230 1491 2276 scriptis
1506 2229 1646 2264 Eusebii
1663 2233 1711 2264 te-

159 2283 371 2320 stimonium.

249 2340 290 2376 N.
303 2353 399 2379 urz.
421 2341 484 2376 Καὶ
499 2341 629 2387 διαιρεῖν
641 2340 683 2382 εἰς
696 2341 826 2377 δώδεκα
837 2341 962 2388 ὅδούς.]
989 2343 1078 2380 Cum
1092 2344 1236 2379 rubrum
1251 2355 1345 2378 mare
1361 2343 1568 2378 traiecerunt
1583 2343 1711 2385 Iudaei,

160 2397 302 2434 totidem
318 2398 505 2445 impressas
521 2399 613 2442 vias,
630 2402 715 2445 quot
730 2402 829 2434 erant
841 2400 969 2443 tribus,
983 2401 1219 2436 Hebraeorum
1233 2401 1372 2435 traditio
1388 2403 1456 2443 est,
1473 2410 1578 2446 quam
1590 2399 1710 2446 Orige-

159 2465 221 2490 nes
238 2458 426 2499 memorat,
440 2455 569 2492 Homil.
582 2468 615 2492 v.
630 2455 668 2490 in
683 2455 862 2500 Exodnm,
878 2460 914 2492 et
925 2456 1130 2492 Kimchius
1120 2469 1157 2492 ιιι
1172 2457 1262 2493 Psal.
1277 2467 1419 2492 cxxxvi.

249 2511 290 2561 N.
309 2524 390 2558 Lxx.
421 2511 477 2552 Ὧς
493 2510 577 2547 καὶ’
564 2525 581 2546 ο
599 2511 745 2547 καλλίων
763 2513 967 2560 μακαρίτης]
998 2513 1129 2550 Corne·
1112 2512 1156 2554 ὦς
1175 2514 1226 2547 καὶ
1243 2511 1408 2547 κάλλιον
1395 2526 1412 2547 ο
1430 2513 1618 2560 μακαρίτης.

249 2555 364 2603 Ἔστιν
380 2567 456 2604 ἰδεῖν
472 2567 513 2604 τὰ
528 2567 700 2616 ἐπίχειρα]
747 2567 849 2604 Forte
865 2567 906 2604 τὰ
921 2568 972 2604 ἐπὶ
987 2572 1100 2618 χειρα,
1122 2570 1206 2605 haec
1229 2581 1317 2616 quae
1333 2581 1415 2619 prae
1429 2572 1590 2607 manibus
1605 2570 1709 2607 habe-

161 2632 245 2661 mus
255 2635 296 2660 ac
311 2626 354 2661 de
370 2627 495 2673 quibus
512 2627 660 2673 agimus.

250 2679 292 2717 N.
304 2692 399 2719 nxxr.
416 2682 478 2717 Καὶ
489 2681 653 2729 Σολομὼν
666 2681 698 2717 ἐν
710 2682 927 2729 Παροιμίαις.]
952 2683 1106 2730 Longius
1122 2684 1290 2719 arcessita
1304 2683 1390 2720 haec
1404 2685 1472 2720 loci
1486 2684 1588 2720 huius
1604 2686 1707 2721 inter-

162 2739 306 2783 pretatio
330 2743 365 2774 et
384 2740 428 2774 ad
445 2739 613 2775 Graecam
634 2739 820 2774 editionem
836 2740 1106 2775 accommodata.
1147 2740 1237 2776 Nam
1252 2741 1409 2776 Hebraea
1423 2743 1555 2777 nullam
1571 2747 1707 2778 senten-

162 2795 229 2829 tiae
244 2795 336 2830 illius
351 2795 642 2842 significationem
656 2796 866 2843 praeferunt.
910 2797 1073 2832 Hortatur
1094 2797 1250 2844 sapiens,
1271 2802 1309 2833 ut
1327 2800 1476 2834 rusticae
1498 2800 1548 2834 rei
1567 2803 1602 2835 et
1617 2801 1706 2846 agri-

164 2851 314 2886 culturae
329 2851 474 2898 diligens
486 2852 653 2890 habeatur
667 2853 768 2888 ratio.

253 2907 343 2944 Φασὶ
359 2907 420 2955 γὰρ
437 2907 467 2944 οἱ
483 2909 702 2956 φυσιολόγοι]
733 2909 874 2950 Μυωξοῦ·
890 2910 1048 2946 meminit
1062 2911 1098 2946 in
1115 2910 1295 2946 Ancorato.
