2008 3294
1533 170 1696 209 CXXVII

150 282 252 318 lianis
267 281 447 318 mensibus
463 280 643 316 tribuerit?
667 281 716 316 Ac
729 285 810 316 tunc
822 279 969 316 October
981 279 1070 314 Tisri
1078 305 1087 322 ‚
1103 278 1300 314 November
1309 276 1574 314 Marehosuvam
1584 276 1697 311 fuerit.

151 338 220 374 Sed
236 338 338 374 huius
353 338 404 375 rei
419 342 556 384 praeter
572 338 803 373 coniecturam
818 335 904 373 nihil
918 335 1099 372 habemus.

240 395 280 431 N.
298 407 382 430 xxv.
413 394 479 429 Τὸν
495 392 559 440 γὰρ
576 396 707 440 πρῶτον
723 393 894 438 ἐνιαυτόν-3
939 392 1057 428 Priore
1079 394 1135 436 τῆς
1157 393 1320 438 κηρύξεως
1342 403 1434 427 anno
1449 391 1624 427 neminem
1639 389 1698 424 ad-

150 457 325 488 versatum
341 462 418 487 esse
431 450 566 486 christo
582 462 694 498 neque
710 461 830 486 verum
845 453 914 493 est,
929 460 1042 495 neque
1059 460 1102 484 ex
1118 449 1320 496 Epiphanii,
1336 450 1391 484 vel
1406 459 1526 484 eorum
1541 447 1698 483 omnium

149 510 210 555 qui
221 509 286 544 tria
297 508 465 544 duntaxat
475 507 639 554 paschata
652 511 853 550 numerant,
868 506 1029 554 opinione
1045 505 1182 540 defendi
1197 510 1325 552 potest,
1349 511 1386 541 nt
1401 506 1445 541 ad
1460 517 1556 542 num.
1567 516 1696 541 xxvm.

148 553 451 608 domdnstrabitur,
470 565 528 600 ubi
545 575 634 611 quae
649 564 714 600 hoc
730 566 806 601 loco
823 564 982 600 dicuntur
997 562 1196 608 diligentius
1213 563 1420 598 excutienda
1435 567 1526 599 sunt.

148 755 220 800 DE
241 753 391 799 ANNO
413 753 483 798 ET
504 754 595 798 DIE
617 753 916 798 DOMINICAE
937 751 1218 797 PASSIONIS
1241 753 1317 796 AD
1340 752 1610 796 HAERESIN
1631 753 1696 798 LI.

661 828 924 874 DIATRIBA
952 827 1182 872 ALTERA.

299 953 466 990 VARIAE
489 953 749 990 PRISCORUM
771 951 1052 990 SENTENTIAE
1074 940 1134 987 DE
1157 950 1280 988 ANNO
1303 950 1547 987 PASSIONIS.

241 1021 361 1058 Omnis
386 1033 475 1069 quae
498 1023 539 1058 de
561 1023 679 1069 aliqua
698 1034 736 1058 re
757 1021 948 1058 instituitur
967 1020 1155 1068 disputatio
1178 1020 1280 1056 certis
1301 1031 1347 1056 ex
1369 1020 1473 1056 rebus
1488 1021 1699 1068 minimeque

150 1079 264 1116 dubiis
280 1079 383 1115 debet
397 1079 584 1126 proficisci3
606 1090 696 1126 quae
717 1082 780 1115 aut
797 1089 859 1126 per
872 1089 949 1115 sese
964 1078 1060 1125 ipsae
1075 1089 1178 1113 verae
1193 1078 1280 1120 sint,
1297 1082 1358 1113 aut
1373 1078 1463 1113 inter
1479 1089 1539 1112 eos
1555 1079 1615 1124 qui
1631 1078 1700 1113 dis-

149 1140 275 1183 putant
288 1148 350 1183 pro
362 1137 453 1172 veris
464 1147 505 1172 ac
516 1136 682 1183 professis
694 1135 898 1172 habeantur.
921 1135 1156 1178 Quamobrem
1172 1135 1233 1182 qni
1243 1146 1363 1171 verum
1379 1135 1554 1182 passionis
1569 1145 1699 1171 annum

149 1193 316 1239 indagare
337 1193 494 1236 student,
514 1193 684 1240 imprimis
706 1204 748 1229 ea
771 1203 919 1240 quorum
940 1196 1036 1228 certa
1057 1193 1104 1228 sit
1118 1192 1204 1228 fides
1227 1193 1356 1238 eligere
1377 1192 1521 1235 debent,
1545 1202 1585 1227 ac
1606 1193 1700 1238 prin-

150 1250 321 1296 cipiorum
342 1251 415 1286 sive
438 1248 631 1296 ἀξιωμάτων
653 1251 731 1286 loco
752 1261 891 1297 ponere.
937 1250 986 1284 Ac
1009 1254 1092 1285 sunt
1113 1250 1282 1286 nonnulla
1302 1249 1345 1284 de
1360 1249 1487 1296 quibus
1503 1248 1699 1284 Christiano

152 1307 309 1343 dubitare
324 1307 422 1343 nefas
434 1307 576 1343 omnino
587 1307 755 1350 videatur,
772 1306 964 1343 cuiusmodi
978 1307 1047 1342 ista
1061 1310 1159 1350 sunt,
1175 1306 1242 1342 sub
1254 1307 1392 1342 Tiberio
1405 1306 1554 1342 Caesare
1569 1317 1609 1342 ac
1622 1318 1701 1353 pro·

151 1368 308 1400 curatore
322 1364 444 1400 Pontio
459 1364 571 1401 Pilato
587 1375 731 1411 passum
746 1375 839 1407 esse;
861 1368 938 1400 tum
953 1374 1034 1399 vero
1056 1374 1244 1410 parasceve
1265 1363 1421 1407 sabbati,
1443 1364 1517 1399 sive
1539 1364 1627 1399 feria
1642 1376 1700 1406 v1.‚
1718 1373 1721 1379 ⁴

151 1425 213 1456 aut
227 1421 258 1456 si
273 1421 357 1468 quid
371 1421 465 1457 aliud
480 1425 551 1465 est,
574 1421 667 1468 quod
688 1432 866 1457 sacrorum
879 1421 1047 1457 librorum
1071 1420 1257 1456 auctoritas
1281 1419 1474 1456 confimat
1521 1420 1653 1463 Quibus
1670 1422 1701 1456 si

150 1479 305 1514 contenti
315 1478 440 1514 eruditi
449 1477 608 1514 homines
619 1478 770 1514 fuissent
789 1488 902 1524 neque
917 1478 990 1514 suis
1006 1489 1071 1513 nos
1083 1477 1306 1524 opinionibus
1326 1488 1367 1513 ac
1385 1478 1609 1522 coniecturis,
1624 1483 1702 1513 tan·

152 1545 256 1581 quam
272 1535 461 1582 scripturae
477 1539 538 1571 aut
553 1536 719 1571 ecclesiae
741 1535 903 1578 decretis,
925 1534 1212 1578 adstrinxissent,
1233 1535 1344 1571 multo
1367 1538 1403 1570 et
1417 1536 1555 1571 veritati
1576 1536 1700 1571 melius

152 1595 186 1627 et
201 1592 397 1638 posteritati
411 1593 675 1628 consuluissent.
706 1591 775 1627 Sed
791 1596 845 1627 est
859 1602 969 1638 genus
984 1590 1184 1635 hominum,
1206 1592 1267 1638 qui
1289 1602 1332 1627 ea
1354 1602 1442 1638 quae
1461 1603 1634 1628 consensu
1650 1604 1701 1627 re·

150 1652 252 1696 cepta
265 1649 364 1696 vulgi
378 1653 414 1685 et
428 1649 562 1696 aliquot
576 1649 702 1685 abhinc
717 1649 864 1686 saeculis
881 1649 1104 1684 autoritatem
1119 1652 1221 1684 nacta
1243 1660 1315 1685 non
1335 1649 1440 1685 nimis
1464 1653 1582 1685 vetera
1595 1660 1635 1685 ac
1652 1650 1701 1684 di-

151 1706 300 1752 ligenter
323 1717 472 1742 excussa
495 1709 591 1749 sunt,
620 1705 740 1741 timide
762 1706 868 1742 nimis
891 1705 1152 1748 deosculantur,
1179 1717 1220 1741 ac
1246 1706 1496 1753 propemodum
1522 1707 1702 1749 serviliter,

152 1767 341 1810 eorumque
355 1762 461 1799 fidem
476 1767 511 1799 et
525 1763 764 1799 assensionem
779 1763 824 1798 ab
844 1763 961 1798 invitis
982 1763 1176 1810 exprimere
1197 1773 1238 1798 ac
1259 1774 1322 1810 pro
1345 1763 1509 1799 ecclesiae
1531 1764 1702 1810 dogmati·

152 1820 218 1855 bus
235 1824 404 1856 conantur
418 1820 612 1856 obtrudere.
645 1819 800 1862 Quorum
822 1823 877 1855 est
899 1820 1038 1866 quidem
1053 1818 1118 1855 hac
1133 1820 1170 1855 in
1185 1824 1283 1866 parte
1299 1820 1614 1856 commendandum
1629 1825 1701 1856 stu·

152 1876 265 1920 dium,
283 1877 375 1923 quod
387 1888 467 1912 cum
482 1878 519 1912 in
535 1889 577 1913 ea
591 1881 750 1924 tempora
764 1877 1004 1918 inciderimus,
1020 1877 1145 1924 quibus
1161 1887 1292 1924 magna.
1307 1881 1360 1913 est
1373 1878 1538 1913 novitatis
1554 1877 1702 1914 hornini-

151 1934 218 1970 bus
239 1934 367 1969 iniecta
389 1934 574 1981 cupiditas,
597 1945 642 1970 ne
665 1934 709 1970 ad
730 1934 908 1980 religionis
931 1934 1082 1980 fideiqne
1103 1933 1269 1971 damnum
1291 1935 1450 1980 publicae
1472 1935 1531 1971 ille
1546 1935 1702 1971 insaniae

85 1983 95 1992 ⁶
151 1991 293 2027 morbus
309 1995 520 2038 erumperet,
541 1992 578 2027 in
599 2001 679 2027 eam
698 1994 834 2038 partem
854 2001 997 2037 peccare
1012 1991 1211 2028 maluerunt
1225 2002 1314 2038 quae
1331 1995 1386 2027 est
1399 1993 1542 2028 cautior.
1573 1993 1702 2028 Verum

151 2048 204 2083 uti
218 2048 276 2095 pio
291 2047 425 2084 homini
439 2059 480 2084 ao
496 2047 666 2084 catholico
682 2058 812 2094 magna
827 2051 881 2084 est
895 2048 1077 2083 vetustatis
1092 2047 1252 2084 habenda
1270 2049 1375 2092 ratio,
1397 2050 1435 2085 in
1455 2050 1500 2086 iis
1515 2061 1596 2086 vero
1613 2061 1702 2096 quae

151 2105 196 2140 ab
212 2105 359 2141 ecclesia
373 2105 507 2141 sancita
521 2109 621 2148 snut,
637 2116 682 2141 ne
692 2105 866 2141 levissime
878 2104 1018 2152 quidem
1030 2104 1199 2141 haesitare
1214 2106 1311 2148 licet,
1326 2106 1376 2142 ita
1391 2117 1603 2154 magnopere
1616 2107 1702 2142 illud

152 2162 360 2205 cavendum,
384 2173 429 2198 ne
450 2173 513 2210 pro
529 2162 703 2198 veteribus
726 2166 762 2198 et
783 2162 1010 2198 sacrosanctis
1032 2161 1225 2198 habeantur
1246 2163 1308 2198 illa
1331 2174 1420 2210 quae
1441 2164 1560 2210 paucis
1576 2163 1701 2199 abhinc

152 2219 301 2255 saeculis
315 2219 532 2263 emerserint,
552 2230 640 2255 neve
662 2219 707 2255 ad
728 2219 891 2255 salsitatis
911 2219 1142 2266 patrocinium
1162 2220 1361 2267 speciosum
1381 2221 1466 2256 illud
1481 2222 1647 2256 ecclesiae
1661 2231 1701 2256 ac

151 2276 311 2322 publicae
325 2276 565 2313 consensionis
579 2287 709 2313 nomen
723 2276 963 2312 transferatur.
1011 2276 1123 2319 Quam
1146 2277 1286 2323 quidem
1309 2278 1560 2314 ecclesiasticae
1575 2278 1702 2314 autori-

152 2333 235 2368 tatis
249 2333 496 2370 adscribendae
510 2334 687 2369 licentiam
703 2333 835 2369 cumin
850 2334 927 2370 aliis
941 2334 1084 2380 impune
1099 2337 1288 2377 versatam,
1309 2338 1388 2370 tum
1402 2335 1439 2370 in
1454 2345 1497 2369 ea
1512 2345 1618 2381 quam
1632 2339 1702 2370 tra-

153 2393 287 2426 ctamus
310 2391 437 2427 natalis
460 2402 501 2426 ac
523 2390 696 2437 passionis
719 2389 910 2426 dominicae
934 2391 1138 2437 quaestione
1160 2394 1357 2437 grassatam
1383 2391 1702 2427 animadvertimus.

151 2446 193 2483 In
217 2458 286 2493 qua
307 2447 455 2494 plurima
469 2448 565 2483 velut
586 2458 632 2483 ex
655 2447 831 2483 communi
853 2447 1019 2483 ecclesiae
1041 2447 1244 2495 deprompta
1258 2447 1327 2483 fide
1348 2448 1470 2483 iactari
1484 2449 1599 2484 solent
1613 2459 1702 2495 quae

152 2507 214 2540 aut
226 2504 318 2540 falsa
332 2507 415 2540 sunt
428 2507 490 2541 aut
503 2505 671 2540 falsorum
686 2504 872 2539 simillima.
1493 2531 1504 2544 .

242 2560 294 2596 Ne
307 2561 414 2607 longe
428 2561 589 2607 exempla
602 2565 816 2606 repetamus,
838 2564 996 2596 occurret
1013 2560 1130 2597 Bedae
1151 2561 1363 2597 sanctissimi
1376 2560 1526 2598 hominis
1541 2566 1577 2598 et
1590 2562 1701 2599 erudi-

154 2617 280 2653 tissimi
294 2618 470 2654 decretum
485 2618 587 2660 illud,
611 2617 703 2663 quod
722 2617 759 2652 in
774 2616 865 2652 hunc
880 2618 996 2653 locum
1010 2617 1218 2653 distulimus.
1263 2618 1327 2654 nio
1340 2618 1448 2664 igitur
1462 2630 1536 2666 cap.
1550 2631 1607 2656 n..
1622 2620 1703 2656 libri

156 2674 198 2710 de
212 2674 420 2721 'sempor-um
435 2675 581 2710 Ratione
591 2701 600 2717 ,
623 2674 664 2709 de
686 2676 799 2708 aetate
822 2684 862 2709 ac
883 2675 1045 2720 passione
1060 2674 1191 2710 domini
1204 2675 1242 2710 in
1256 2674 1342 2710 haec
1356 2676 1464 2712 verba
1476 2677 1700 2724 pronunciat:

155 2731 271 2767 Habet
283 2734 369 2767 enim
384 2734 453 2767 nisu·
458 2733 582 2778 fallor,
604 2732 769 2767 ecclesiae
775 2732 883 2776 fides,
905 2732 1068 2766 dominum
1091 2734 1130 2766 in
1152 2743 1258 2766 carne
1267 2734 1375 2778 paulo
1384 2734 1466 2779 plus
1479 2736 1589 2769 minue
1602 2747 1701 2780 quam
1757 2766 1764 2774 ,

156 2798 271 2824 xxxm
286 2790 386 2823 annis
397 2801 499 2835 nsque
515 2790 564 2824 ad
577 2801 660 2823 suae
676 2795 827 2834 tempora
836 2790 1012 2834 passionis
1025 2790 1167 2830 vixisse,
1183 2791 1265 2835 quia
1279 2790 1439 2825 videlicet
1450 2802 1523 2826 xxx
1539 2803 1701 2827 asnorum

148 2846 260 2890 suxerit
274 2844 479 2891 baptizem,
501 2848 590 2881 sicut
609 2846 818 2890 evanqelista
839 2844 957 2879 Lucas
978 2850 1129 2887 testatur,
1153 2851 1186 2879 ec
1208 2846 1278 2880 tres'
1296 2849 1395 2882 semis
1417 2860 1525 2883 annos
1540 2856 1622 2894 post
1641 2850 1695 2884 ba-

154 2905 282 2947 ptisma
299 2903 572 2947 praedicaverit.
617 2902 765 2937 Subiicit
790 2901 929 2936 deinde:
963 2901 1094 2936 Sancta
1114 2903 1276 2948 siquidem
1290 2903 1449 2940 Romana
1463 2911 1498 2940 et
1511 2907 1700 2951 apostolico

159 2959 303 2993 ecclesia
320 2957 410 2993 banc
424 2971 460 2994 se
466 2961 571 3006 fidem
588 2965 697 2994 tenere
713 2965 747 2994 et
759 2961 845 3005 ipsis
861 2964 1003 2993 testatur
1017 2960 1196 3003 indiculis,
1210 2972 1296 3006 quac
1309 2963 1381 2996 suis
1390 2964 1428 2996 in
1446 2966 1554 2997 cereis
1569 2975 1699 2997 amana-

159 3018 215 3050 tt'm
231 3015 416 3050 inscribere
430 3017 528 3058 solet,
543 3017 601 3052 ubi
613 3023 737 3062 tempus
749 3017 938 3050 dominicae
944 3018 1118 3061 passionis
1127 3019 1165 3051 in
1178 3020 1371 3052 memoriam
1380 3020 1520 3064 populis
1533 3032 1701 3054 revocans

1735 786 1762 812 p.
1776 777 1833 804 142.
