2008 3294
1566 116 1733 154 chxm

181 230 233 263 tot
248 227 410 263 ecclesias
427 237 448 261 a
463 225 632 262 catholica
647 224 891 261 communione
907 222 1130 266 discinderet,
1147 233 1227 258 cum
1239 225 1476 258 antecessores
1489 221 1636 256 Romani
1648 232 1732 267 pon-

181 284 293 319 tifices
310 294 390 319 cum
402 283 541 319 illorum
557 282 729 329 episcopis
743 290 866 329 pacem
881 280 1168 326 concordiamque
1180 280 1384 316 tenuissent.
1407 278 1498 314 Nam
1513 282 1548 314 et
1560 278 1733 320 Anicetus,

180 340 274 383 Pius,
289 340 458 386 Hyginus,
474 339 704 386 Telesphorus
717 342 751 374 et
761 339 898 384 Xystus
909 335 984 372 οὔτε
1001 336 1093 371 αὐτοὶ
1105 336 1264 383 ἐτήρησαν
1276 336 1481 382 (Asiaticam
1493 335 1734 381 Iudaicamque

182 397 466 434 consuetudinem
474 397 494 440 ),
508 394 581 430 οὔτε
591 394 661 442 μετ’
669 395 787 436 αὐτοὺς
799 393 983 441 ἐπέτρεπον.
1001 394 1045 429 Et
1055 393 1281 429 nihilominus
1293 394 1391 429 aliter
1403 393 1629 429 sentientibus
1641 403 1733 427 com-

180 455 380 490 munionem
392 453 646 500 impertiebant.
662 453 755 488 Haec
765 451 934 488 Eusebius
946 462 990 487 ex
999 451 1158 487 Irenaeo:
1172 452 1298 497 quibus
1307 450 1537 496 Scaligeriani
1549 449 1735 486 commenti

181 511 316 547 falsitas
329 511 510 556 detegitur,
528 521 596 556 quo
610 515 749 547 centum
762 512 842 557 post
851 509 1028 556 apostolos
1041 509 1142 543 annis
1155 508 1337 544 ecclesiam
1349 507 1488 543 Iudaice
1500 506 1630 554 pascha
1639 518 1734 554 pete-

178 568 276 614 gisse
292 567 470 603 confinxit.
496 567 617 614 Coepit
633 568 727 603 enim
742 567 866 604 Sixtns
878 566 1019 601 Traiani
1034 569 1206 612 tempore,
1223 566 1315 600 circa
1330 576 1461 600 annum
1478 564 1604 600 Christi
1617 574 1733 606 cxxx„

181 635 252 660 non
267 625 387 671 utique
403 628 543 660 centum
559 625 660 660 annis
677 628 758 671 post
771 623 965 671 apostolos,
989 623 1050 670 qui
1072 626 1190 657 tamen
1213 633 1326 669 neque
1349 622 1423 668 ipse
1442 621 1580 657 iudaice
1595 621 1734 656 functus

180 686 250 725 est,
273 692 387 728 ueque
410 692 629 717 successores
653 691 735 717 suos
758 680 860 728 fungi
879 679 1000 716 voluit.
1045 679 1149 715 Addit
1172 679 1313 725 quidem
1328 679 1490 714 irenaeus
1506 678 1736 725 Polycarpum

181 749 223 775 ea
237 742 372 774 mutare
387 739 542 774 noluisse
559 749 647 786 quae
663 750 684 774 a
698 737 827 774 Ioanne
842 741 878 774 et
890 737 1035 773 caeteris
1052 735 1220 783 apostolis
1237 736 1413 778 didicerat,
1429 737 1638 782 quibuscum
1655 746 1734 772 con-

180 800 350 832 sueverat.
381 796 509 831 Verum
525 796 762 842 apostolorum
777 794 917 831 nomine
934 805 993 829 eos
1010 793 1178 841 appellat,
1195 794 1254 840 qui
1271 793 1430 839 discipuli
1446 793 1573 829 Christi
1586 792 1735 836 fuerant,

180 856 241 889 eut
263 853 308 889 ab
332 853 498 899 apostolis
522 852 656 888 eruditi.
703 852 792 888 Nam
813 862 893 888 cum
913 862 984 887 uno
1006 851 1179 887 duntaxat
1199 850 1357 897 apostolo
1381 850 1508 886 loanne
1523 850 1734 898 Polycarpus

179 910 311 945 versari
333 909 456 956 potuit.
503 909 643 946 Petrum
660 913 751 945 certe
766 908 982 955 Paulumque
998 919 1110 955 neque
1126 907 1241 943 videre
1262 908 1392 954 potuit,
1414 918 1526 953 neque
1549 903 1735 955 quicquam

181 967 226 1002 ab
241 967 311 1003 illis
325 966 493 1002 traditum
509 966 673 1013 accipere.
722 965 953 1008 Quamobrem
973 970 1013 1001 ut
1026 965 1210 1006 Ioannem,
1234 969 1294 1000 aut
1313 974 1443 1011 paucos
1459 965 1600 1011 insuper
1616 975 1660 999 ex
1677 964 1734 999 do-

181 1024 267 1059 mini
287 1023 466 1070 discipulis
487 1023 625 1061 Iudaica
647 1022 776 1070 pascha
796 1022 973 1070 peregisse
997 1021 1203 1059 concedatur
1226 1022 1262 1057 in
1279 1022 1364 1056 Asia
1384 1023 1598 1069 (quanquam
1620 1021 1662 1056 de
1683 1021 1736 1057 Io-

182 1091 272 1117 anne
295 1084 404 1127 negat
424 1080 519 1116 istud
540 1080 581 1116 in
600 1079 1055 1116 Tessarescaedecatitarum
1077 1077 1212 1115 haeresi
1228 1077 1464 1114 Theodoretus
1488 1083 1523 1113 et
1546 1078 1735 1114 haereticos

180 1138 268 1173 istos
284 1147 466 1184 perperam
478 1137 573 1173 illius
588 1140 743 1173 mentem
759 1137 935 1184 accepisse
952 1136 1082 1181 doceo:
1103 1135 1164 1172 sed
1179 1140 1218 1172 ut
1234 1137 1283 1171 ita
1298 1135 1462 1172 loannem
1479 1136 1593 1182 egisse
1609 1135 1738 1183 pascha

180 1205 252 1230 non
267 1193 472 1238 inficiemur,
488 1204 559 1230 non
575 1194 718 1238 dubium
733 1196 851 1229 tamen
870 1197 941 1236 est,
966 1194 1049 1240 quin
1073 1193 1172 1229 aliter
1195 1193 1344 1240 apostoli
1367 1193 1495 1228 caeteri
1512 1203 1552 1228 ac
1568 1193 1738 1240 discipuli,

182 1261 372 1298 eorumque
386 1251 559 1298 principes
574 1251 695 1287 Petrus
711 1252 754 1287 ac
767 1250 896 1286 Paulus
914 1261 993 1286 cum
1016 1250 1266 1286 celebraverint
1287 1250 1371 1297 ipsi,
1392 1254 1468 1285 tum
1491 1250 1735 1286 celebrandum

182 1308 342 1355 deinceps
356 1308 539 1344 edixerint.
580 1307 687 1344 Cuius
702 1308 752 1343 rei
768 1312 975 1354 argumento
992 1312 1044 1343 est
1060 1308 1170 1355 quod,
1187 1311 1226 1343 ut
1241 1307 1491 1343 Constantinus
1507 1307 1543 1342 in
1560 1307 1737 1353 superiore

181 1365 328 1411 epistola
349 1369 384 1401 et
397 1364 570 1401 Eusebius
592 1365 696 1402 citato
718 1365 794 1401 loco
817 1370 1031 1409 memorant,
1055 1368 1149 1400 totus
1172 1376 1261 1413 pene
1277 1368 1445 1400 terrarum
1463 1364 1572 1406 orbis,
1595 1363 1660 1400 hoc
1685 1370 1737 1399 est

179 1426 315 1469 praeter
326 1422 474 1461 Asianos
489 1426 525 1458 et
538 1433 669 1470 paucos
685 1422 819 1469 aliquot
833 1422 1026 1469 episcopos,
1042 1421 1230 1458 catholicae
1246 1433 1286 1457 ac
1302 1422 1481 1458 Romanae
1497 1421 1737 1457 consuetudini

180 1479 334 1516 serviret.
382 1478 480 1515 Unde
494 1479 638 1527 planum
654 1483 707 1514 est
722 1479 885 1516 ecclesias
900 1479 1002 1522 istas,
1025 1491 1128 1527 quem
1151 1490 1171 1514 a
1192 1480 1307 1526 prima
1322 1480 1377 1514 sui
1393 1479 1526 1526 origine
1542 1483 1578 1514 et
1592 1479 1637 1514 ab
1653 1490 1734 1526 apo-

181 1536 279 1571 stolis
294 1536 338 1572 iis
355 1547 379 1571 a
392 1536 518 1583 quibus
535 1540 634 1572 erant
647 1536 812 1572 fundatae
828 1537 934 1572 ritum
949 1541 1171 1583 acceperant,
1187 1547 1266 1572 eum
1283 1541 1448 1584 perpetuo
1464 1547 1632 1573 servasse.
1671 1536 1733 1571 So-

181 1595 291 1628 crates
307 1603 389 1629 vero
405 1593 489 1640 quid
505 1602 609 1640 super
628 1604 672 1628 ea
692 1604 728 1628 re
751 1593 956 1640 prodiderit,
979 1604 1060 1641 pag.
1077 1593 1154 1629 295.
1178 1594 1371 1630 retulimus.
1416 1593 1503 1628 Huic
1526 1598 1561 1628 et
1584 1593 1733 1628 Eusebio

181 1654 416 1686 consentanea
430 1650 550 1686 scribit
569 1649 784 1697 Nicephorus
806 1650 866 1687 lib.
883 1662 931 1686 rv.
956 1661 1031 1697 cap.
1049 1662 1168 1686 xxxvr.
1195 1654 1230 1686 et
1251 1651 1310 1686 lib.
1328 1663 1388 1687 xri.
1413 1661 1488 1697 cap.
1505 1662 1631 1687 xxxin.
1663 1650 1733 1685 Nec

181 1707 276 1743 aliud
299 1707 458 1750 omnino,
482 1718 588 1754 quam
613 1707 705 1754 quod
727 1707 921 1754 superiores
944 1707 1020 1751 isti,
1045 1707 1085 1742 de
1107 1707 1346 1743 Romanorum
1366 1707 1410 1742 ab
1427 1707 1594 1754 apostolis
1609 1707 1735 1743 tradita

180 1764 431 1800 consuetudine
450 1764 612 1811 disputat.
660 1763 773 1807 Quare
796 1764 973 1800 manifesti
996 1776 1072 1800 sese
1097 1765 1268 1800 mendacii
1290 1765 1429 1811 alligat,
1452 1765 1513 1811 qui
1535 1764 1734 1808 Eusebium,

179 1820 412 1868 Nicephorum
427 1825 462 1857 et
477 1821 748 1862 ecclesiasticam
759 1826 911 1858 veterem
922 1820 1104 1858 historiam
1119 1821 1164 1857 ad
1176 1822 1300 1858 erroris
1315 1822 1371 1857 sui
1382 1822 1614 1869 patrocinium
1629 1831 1733 1859 ausus

181 1881 234 1915 est
250 1878 430 1915 adducere.

180 1950 465 2020 OSTENDITUR
489 1981 555 2019 EX
583 1981 942 2018 SCALIGERIANAE
969 1981 1227 2019 DOOTRINAE
1253 1982 1487 2019 PRINCIPIIS
1512 1982 1735 2026 QUANTUM
1790 2016 1796 2023 ,

261 2039 291 2075 Α
314 2038 470 2077 SEIPSO
492 2039 539 2076 IN
563 2038 1207 2076 TESSARESGAEDEOATITARUM
1231 2039 1374 2076 CYCLO
1398 2040 1649 2077 DISSIDEAT.

267 2107 386 2154 Pergit
411 2107 569 2154 Scaliger
590 2113 626 2143 et
639 2108 1032 2144 Tessarescaedecatitas
1054 2109 1133 2144 illos
1149 2110 1289 2152 asserit,
1311 2114 1350 2144 ut
1365 2113 1400 2145 et
1415 2110 1608 2156 apostolos,
1634 2110 1731 2155 cyclo

177 2175 269 2202 mere
283 2164 426 2201 Iudaico
441 2175 525 2201 usos
541 2175 634 2208 esse,
651 2169 686 2200 et
701 2177 746 2201 ex
761 2165 903 2213 periodo
915 2165 1149 2209 Alexandrea,
1166 2167 1238 2202 sive
1252 2166 1445 2214 Calippica,
1463 2167 1656 2213 desumpto.
1678 2166 1733 2201 Ex

179 2233 248 2269 quo
264 2222 411 2269 contigit
426 2226 464 2257 ut
477 2221 652 2258 interdum
671 2226 745 2258 toto
768 2233 888 2258 mense
910 2233 932 2258 a
953 2222 1123 2259 catholico
1146 2224 1309 2270 paschate
1325 2228 1479 2258 veterum
1501 2224 1638 2258 illorum
1659 2227 1731 2258 tam

178 2278 632 2315 ‘tessarescaedecatitarum
645 2289 751 2324 quam
763 2280 869 2315 etiam
880 2281 1117 2326 apostolorum
1128 2280 1259 2327 pascha
1272 2280 1432 2323 differret,
1449 2284 1489 2315 ut
1502 2281 1539 2315 in
1554 2281 1650 2327 cyclo
1657 2293 1733 2317 vrri.

180 2340 216 2372 et
229 2347 302 2373 ιιι.
346 2335 436 2371 Nam
460 2346 539 2371 cum
563 2336 648 2371 anni
668 2336 720 2371 illi
740 2336 777 2371 in
795 2335 935 2372 Iudaico
952 2338 1049 2383 cyclo
1066 2348 1269 2373 communes
1286 2339 1373 2380 sint,
1396 2338 1432 2372 in
1448 2337 1600 2372 Nicaeno
1616 2342 1733 2373 autem

180 2397 215 2429 et
227 2393 319 2440 apud
330 2393 584 2428 Alexandrinos
598 2403 639 2427 ac
650 2392 837 2428 catholicos
850 2394 1086 2436 embolimaei,
1102 2394 1501 2429 Tessarescaedecatitae
1524 2397 1558 2429 et
1570 2395 1630 2440 qni
1640 2395 1732 2441 ipso-

179 2461 258 2486 rum
278 2451 384 2485 ritum
412 2450 566 2496 amplexi
587 2453 668 2484 sunt
690 2450 727 2485 in
750 2449 859 2485 Nisan
882 2449 1022 2486 ludaico
1045 2450 1176 2498 pascha
1199 2451 1436 2493 celebrabant,
1458 2451 1582 2497 reliqui
1599 2452 1635 2487 in
1651 2452 1729 2488 liar.

181 2506 275 2550 Quae
292 2517 372 2552 cum
387 2508 512 2542 asserit
527 2506 693 2552 Scaliger,
714 2506 758 2541 iis
779 2507 863 2553 ipsis
886 2511 1119 2543 consentanea
1134 2508 1286 2554 loquitur
1302 2519 1390 2554 quae
1406 2509 1538 2554 passim
1554 2512 1588 2544 et
1603 2509 1731 2555 ubique

180 2563 368 2610 praedicat,
391 2564 536 2600 Iudaeos
561 2563 672 2598 tribus
694 2563 766 2598 fere
788 2567 868 2598 ante
885 2563 1060 2599 Christum
1082 2565 1245 2606 saeculis,
1269 2565 1481 2611 totidemque
1504 2570 1583 2612 post
1604 2566 1731 2612 ipsum,

182 2619 394 2667 calippio-am
408 2621 492 2656 anni
506 2620 656 2655 formam
672 2623 707 2654 et
722 2615 860 2666 cyclum
870 2620 1126 2656 Alexandream
1143 2621 1186 2655 ad
1197 2621 1400 2667 popularem
1414 2633 1518 2657 usum
1533 2622 1732 2658 adscivisse.

179 2677 254 2712 Hoc
265 2687 346 2712 vero
357 2677 460 2724 plane
473 2689 549 2712 esse
572 2677 758 2712 confictum
774 2687 814 2712 ac
830 2677 904 2712 sine
920 2677 993 2712 ulla
1007 2678 1139 2712 ratione
1156 2681 1283 2726 temere
1300 2679 1484 2722 creditum,
1504 2679 1540 2714 in
1562 2681 1731 2726 superiori

185 2733 227 2768 de
243 2742 334 2769 anno
350 2734 542 2770 dominicae
559 2734 733 2780 passionis
751 2733 898 2768 diatriba
914 2733 1242 2777 demonstravimus,
1261 2735 1421 2782 idemque
1443 2736 1616 2782 copiosius
1633 2738 1728 2779 alias,

186 2789 248 2825 deo
263 2790 418 2834 iuvante,
438 2792 615 2827 confutare
632 2791 856 2826 decrevimus.
903 2790 972 2826 Sed
987 2796 1026 2826 ut
1041 2791 1126 2826 illud
1141 2791 1242 2826 modo
1259 2791 1436 2838 Scaligero
1453 2793 1670 2837 concedatur,
1685 2806 1728 2830 ex

186 2857 227 2882 eo
242 2846 396 2892 profecto
411 2849 622 2884 contrarium
639 2849 712 2883 eius
729 2847 895 2894 sequitur,
917 2848 1008 2894 quod
1030 2852 1064 2882 et
1079 2859 1199 2883 verum
1214 2853 1316 2884 estet
1330 2850 1374 2885 ab
1391 2850 1511 2885 eodem
1526 2850 1727 2894 affirmatur,

185 2903 329 2939 Iudaeos
341 2914 380 2939 ac
392 2905 784 2940 Tessarescaedecatitas
799 2905 896 2950 cyclo
909 2915 984 2940 vm.
1002 2915 1042 2940 ac
1059 2917 1131 2940 x1x.
1146 2916 1366 2943 communem
1381 2918 1510 2943 annum
1523 2912 1726 2954 usurpantes

185 2959 315 3006 pascha
329 2965 410 2996 ante
425 2962 681 3008 aequinoctium
695 2961 873 2997 indixisse.
920 2960 989 2997 Gur
1004 2962 1098 2997 enim
1112 2962 1272 2999 catholici
1294 2964 1398 3010 cyclis
1419 2965 1504 3008 illis,
1527 2965 1724 3000 intercalato
