2008 3294
1510 184 1686 221 CLXXIII

140 300 230 336 quae
243 299 424 337 nunquam
438 289 610 332 viderant,
634 290 695 324 sed
716 300 760 325 ex
777 288 1028 325 ecciesiasticae
1043 287 1223 332 historiae,
1236 288 1304 324 hoc
1321 292 1375 324 est
1388 299 1410 324 a
1425 287 1567 324 Ruffino
1581 288 1686 323 inter-

138 347 275 393 polatae
284 373 294 390 ,
307 347 376 384 fide
391 357 433 382 ac
447 346 646 382 testimonio
660 347 872 393 deprompta.
892 345 1009 380 Redeo
1026 345 1070 380 ad
1084 345 1331 392 Wilphridnm,
1347 347 1408 392 qni
1421 345 1622 381 Anatolium
1636 346 1687 380 ita

137 407 283 450 purgat,
306 408 346 439 ut
362 403 401 439 in
417 413 542 439 caussa
555 403 671 450 potius
687 403 916 450 praevaricari
929 402 1095 437 videatur.
1127 402 1227 438 Certe
1242 402 1331 438 hanc
1346 403 1398 438 illi
1413 403 1612 450 opinionem
1626 402 1686 437 tri-

139 460 230 503 buit,
254 471 424 507 quamne
447 460 633 495 somniavit
649 460 788 507 quidem
802 470 973 507 unquam3
996 459 1067 494 imo
1089 471 1189 499 vero.
1213 470 1303 505 quae
1322 460 1455 506 ipsum,
1478 459 1572 506 quod
1591 459 1687 495 scoti

138 517 361 564 pugnabant,
385 517 610 565 oppugnabat
632 521 748 553 autem
763 516 958 559 wilfridus,
979 515 1124 558 efficiat,
1148 517 1240 562 quod
1256 521 1309 551 est
1322 517 1477 564 profecto
1491 517 1686 553 ridiculum.

140 573 295 617 Constat,
317 574 448 621 inquit,
470 575 668 609 Anatolium
689 578 798 610 virum
818 576 1080 615 sanctita-hum,
1109 575 1333 608 docuerimum
1354 586 1397 608 ac
1419 575 1522 609 laude
1545 585 1614 610 ene
1635 575 1686 608 dn·-

136 633 331 677 9nieeimum
346 637 409 668 eto.
455 631 559 667 Mox:
592 632 658 667 Ille
673 635 723 666 sic
738 634 775 666 in
785 630 941 678 paschae
960 631 1160 666 dominicum
1182 642 1253 666 xxv,
1273 632 1387 665 lunam
1409 634 1628 679 computavit,
1651 637 1689 666 ut

137 688 229 723 hanc
250 689 367 724 eadem
386 691 466 735 'ipsa
488 690 543 723 die
565 701 655 724 more
678 689 919 736 Aeqyptimm
939 699 996 724 xv.
1016 688 1130 722 lunam
1155 689 1204 722 ad
1222 699 1398 734 πυρα-απ
1421 700 1490 723 eece
1500 691 1685 734 fateretur.

136 744 196 780 sio
210 746 299 781 idem
313 757 372 782 xx.
386 746 473 780 diem
489 747 655 781 dominico
662 745 819 792 paschae
833 747 1027 788 annotavit,
1038 751 1078 779 ut
1092 744 1198 787 hanc,
1215 746 1390 780 declinata
1402 747 1519 781 eadem
1531 747 1602 787 die,
1618 757 1687 780 cue

137 813 211 839 xxx.
229 803 392 838 crederet.
436 802 539 838 Cuius
552 804 706 848 requlam
722 804 946 839 dictinctionis
960 813 1017 837 voa
1031 804 1209 848 iquoram
1219 802 1362 848 probat,
1386 804 1474 848 quod
1490 804 1688 848 aliquotiem

132 859 270 906 pascha
285 862 556 906 mamyeetieeime
572 866 651 895 ame
660 861 898 907 plenilunium,
918 861 960 895 id
974 865 1023 894 eet
1035 861 1072 894 in
1087 871 1165 908 ξω.
1177 860 1259 894 luna
1265 861 1406 904 jacim.
1437 859 1530 906 Ergo
1545 859 1581 894 id
1595 860 1687 894 Ana-

137 917 242 953 toliua
257 917 393 960 sanxit,
414 917 498 953 luna
513 929 584 955 xxv.
599 916 749 965 ἡμερινῇ,
770 923 810 953 ut
822 917 976 964 loquitur
987 915 1220 964 Epiphanius,
1243 919 1405 963 νυκτερινῇ
1421 915 1686 963 πεντεκαιδεκάτῃ

136 972 266 1022 pascha
286 974 353 1010 rite
375 974 509 1021 perfici,
533 974 627 1022 quod
647 985 783 1011 merum
803 977 857 1011 eat
878 973 1062 1011 Scotorum
1083 977 1119 1009 et
1139 972 1526 1016 Quartadeoimanorum
1547 974 1687 1020 dogma,

137 1028 280 1075 horum,
295 1031 441 1078 inquam
456 1031 643 1075 duntaxat,
665 1031 726 1078 qui
739 1031 808 1067 etei
821 1031 1032 1068 dominicum
1047 1030 1141 1066 diem
1155 1030 1347 1066 celebritati
1360 1031 1601 1078 praefinirent,
1618 1042 1689 1066 non

137 1087 343 1124 dubitabant
363 1092 500 1132 tamen,
525 1089 661 1135 quoties
683 1088 857 1125 dominica
876 1088 915 1124 in
935 1100 1007 1124 xrv.
1027 1087 1209 1131 incideret,
1233 1099 1275 1123 eo
1299 1087 1354 1124 die
1374 1088 1504 1124 festum
1526 1088 1687 1123 incidere.

137 1145 214 1182 Non
229 1145 324 1181 aliud
339 1146 492 1181 eeneieee
507 1145 563 1181 vel
578 1145 700 1182 Scotoe
715 1146 772 1181 vel
787 1149 940 1181 caeterea
956 1145 1110 1181 eiusdem
1124 1144 1279 1180 haeresia
1299 1155 1339 1180 ac
1354 1145 1516 1181 factionis
1530 1144 1687 1180 homines

139 1203 254 1240 notius
275 1206 330 1238 eet
349 1213 456 1249 quam
477 1205 516 1238 ut
533 1213 589 1238 ree
604 1202 806 1249 probatione
822 1206 934 1249 egeat.
982 1202 1082 1238 Certe
1096 1201 1218 1237 Scotoe
1234 1202 1328 1249 ipeoe
1345 1213 1367 1238 a
1382 1215 1453 1239 xrv.
1471 1203 1555 1238 luna
1570 1202 1614 1237 ad
1630 1215 1687 1237 xx.

137 1261 328 1295 celebrasse
341 1259 436 1295 Beda
452 1259 606 1307 scripsit,
622 1270 700 1295 cum
716 1259 876 1295 catholici
891 1270 912 1294 a
927 1272 983 1295 xv.
1000 1259 1044 1294 ad
1060 1271 1132 1294 xx1.
1147 1259 1183 1294 id
1199 1260 1349 1306 egerint,
1364 1263 1403 1295 ut
1418 1260 1521 1295 uniua
1537 1260 1605 1295 diei
1620 1260 1687 1295 dis·

139 1317 270 1354 crimen
284 1317 397 1352 fuerit.
428 1315 475 1352 Ut
488 1316 595 1364 igitur
611 1315 787 1352 catholicis
803 1329 860 1354 xv.
878 1315 1051 1365 paschalis
1068 1327 1109 1352 ea
1125 1321 1195 1359 eet,
1219 1327 1308 1363 quae
1324 1317 1360 1352 in
1377 1329 1447 1353 xvi.
1464 1317 1603 1360 desinit,
1621 1321 1686 1351 est-

137 1386 205 1422 que
227 1371 492 1418 πεντεκαιδεκᾶπι
508 1372 663 1421 ἡμερενὴ,
686 1374 736 1409 ita
751 1372 1093 1420 Τεσσαρεςδεκατίταις
1110 1385 1180 1409 xrv.
1196 1373 1338 1421 perinde
1352 1373 1503 1421 ἧμερινὴ,
1525 1373 1687 1420 νυκτερινὴ

137 1442 218 1467 vero
234 1444 292 1467 xv.
307 1441 384 1466 esee
399 1430 528 1468 debuit.
550 1430 640 1467 Nam
656 1431 687 1466 si
701 1443 778 1468 xm.
790 1430 923 1479 ἡμερινῇ
935 1429 1066 1478 paecha
1081 1435 1351 1474 anteverterent,
1366 1442 1438 1467 non
1452 1442 1522 1467 uno
1539 1431 1593 1466 die
1602 1458 1611 1474 ‚
1628 1431 1687 1465 sed

138 1488 243 1524 biduo
259 1499 281 1524 a
295 1487 475 1524 catholicis
490 1481 677 1524 differrent.
718 1487 848 1524 Verum
872 1499 918 1524 ex
939 1488 982 1523 iia
1006 1499 1095 1535 quae
1117 1488 1237 1524 statim
1258 1488 1352 1525 idem
1366 1487 1548 1524 wilfridus
1573 1489 1690 1523 obiicit

140 1546 265 1581 coniici
278 1548 410 1593 potest,
427 1544 515 1592 quid
529 1545 679 1592 antipae
695 1545 856 1589 censerit,
879 1548 941 1581 aut
955 1545 1106 1581 eenaiaae
1121 1545 1322 1581 Anatolium
1337 1546 1530 1588 existimet,
1546 1556 1625 1580 cum
1641 1546 1690 1581 ait

138 1603 262 1638 Scotoe
277 1603 480 1650 plerumque
493 1601 625 1649 pascha
639 1602 724 1638 luna
738 1614 815 1639 xm.
832 1606 912 1638 ante
927 1602 1156 1649 plenilunium
1172 1602 1374 1638 celebrasse.
1400 1602 1482 1638 Fuit
1495 1602 1589 1638 enim
1603 1602 1687 1638 haec

137 1659 335 1707 Theophili,
351 1658 471 1707 cyrilli
481 1667 523 1695 ae
534 1658 651 1695 Bedae
661 1659 772 1706 ipsius
783 1658 869 1695 adeo
885 1659 1074 1703 sententia,
1088 1659 1209 1695 lunam
1220 1670 1348 1695 novam
1357 1659 1490 1695 nullam
1503 1659 1587 1706 dici,
1603 1672 1689 1706 quae

137 1730 203 1752 non
219 1724 298 1752 ante
314 1729 470 1752 occanum
485 1717 567 1752 colia
581 1718 808 1758 accendendum
831 1716 918 1752 adeo
939 1720 978 1752 ut
1001 1716 1031 1752 ei
1050 1719 1133 1763 post
1153 1726 1315 1753 occasum
1336 1717 1508 1753 duntaxat
1526 1717 1612 1752 eolis
1632 1727 1687 1752 ac-

139 1784 245 1810 censa
259 1773 321 1817 eit,
345 1772 410 1810 hoc
433 1777 487 1809 eet
508 1784 590 1809 cnm
612 1774 686 1809 sole
708 1773 909 1817 coniuncta,
930 1773 1071 1810 tametsi
1088 1772 1132 1808 23
1153 1772 1248 1810 horis
1270 1777 1394 1820 postea
1414 1774 1559 1817 luxerit,
1579 1775 1688 1817 illam,

139 1842 244 1878 quam
260 1830 436 1867 occidente
452 1831 526 1867 sole
539 1829 678 1874 habuit,
693 1831 962 1878 appellationem
975 1831 1132 1867 retineat.
1162 1830 1209 1866 Ut
1222 1831 1253 1866 ei
1268 1831 1415 1867 sabbato
1430 1835 1510 1878 poet
1525 1842 1688 1867 occasum

138 1888 222 1924 solia
245 1888 440 1924 coniunctio
462 1887 544 1932 fiat,
566 1899 639 1924 non
661 1891 827 1935 aequente
850 1887 1040 1930 dominica,
1063 1887 1125 1922 sed
1146 1887 1234 1923 feria
1249 1887 1281 1923 2.
1301 1889 1486 1923 neomenia
1503 1888 1688 1924 statuenda

138 1946 202 1988 eit,
218 1945 311 1992 quod
325 1945 385 1982 lib.
399 1945 440 1980 de
453 1945 656 1992 Temp.Rat.
669 1955 745 1992 cap.
753 1956 823 1981 xm.
837 1955 859 1980 a
872 1943 970 1980 Beda
983 1944 1148 1981 traditum
1163 1948 1217 1980 eat
1233 1955 1278 1979 ex
1291 1945 1523 1981 recentiorum
1538 1946 1687 1981 Alexan—

138 2002 314 2039 drinorum
327 2002 476 2050 placitis.
522 2001 578 2037 Ex
593 2013 634 2037 eo
650 2013 769 2049 porro,
786 2001 886 2048 ¹quod
905 2002 1088 2037 neomenia
1102 2012 1355 2048 nonnunquam
1368 2002 1505 2049 integro
1522 2003 1576 2038 die
1592 2014 1687 2038 eum-

137 2063 306 2103 movetur,
329 2069 471 2095 necesse
490 2062 544 2094 eat
557 2063 690 2095 ceteros
705 2059 810 2094 lunae
825 2059 898 2094 diea
913 2058 1043 2094 tardius
1059 2059 1243 2095 succedere
1252 2086 1261 2102 ,
1284 2063 1390 2106 atque
1404 2060 1455 2095 ita
1470 2060 1500 2095 si
1515 2071 1544 2095 e.
1562 2071 1592 2097 c.
1607 2061 1686 2096 aab·

138 2117 219 2153 bato
235 2116 353 2152 rtatim
367 2120 449 2164 poet
462 2116 546 2152 solia
563 2127 726 2152 occasum
739 2116 970 2164 plenilunium
985 2117 1209 2152 commissum
1231 2117 1294 2159 sit,
1315 2117 1544 2163 appellabitur
1565 2117 1687 2153 nihilo-

137 2173 253 2210 minus
268 2177 344 2209 teta
355 2173 418 2209 illa
432 2173 504 2210 diee
526 2186 598 2210 xxv.
614 2174 715 2217 luna,
736 2185 807 2209 non
827 2173 1076 2220 plenilunium
1098 2173 1190 2209 unde
1212 2178 1248 2209 et
1267 2174 1420 2209 anterior
1434 2174 1507 2209 dios
1523 2186 1600 2211 xm.
1616 2187 1686 2210 non

138 2241 210 2267 xxv.
225 2231 493 2278 computabitur.
531 2231 626 2269 Haec
639 2230 719 2273 mit,
741 2231 793 2267 uti
809 2230 938 2267 dictum
953 2234 1021 2273 eet,
1043 2230 1355 2266 Alexandrinorum
1370 2232 1560 2274 sententia,
1581 2242 1686 2278 quam

140 2291 175 2323 et
187 2287 338 2324 Hebraei
352 2287 492 2335 quidam
507 2287 662 2335 amplexi
675 2293 766 2324 eunt.
797 2287 886 2324 Nam
900 2288 937 2323 in
955 2286 1081 2324 Gloeaa
1094 2298 1170 2335 cap.
1183 2300 1244 2323 vu.
1260 2287 1372 2323 Tract.
1382 2287 1558 2323 Kiddusch
1573 2288 1686 2324 Habo-

138 2343 243 2383 doech
262 2348 358 2381 tomo
369 2357 396 2381 r.
416 2345 479 2381 Iad
498 2344 734 2381 Maimonidae
754 2345 870 2380 variae
889 2344 1069 2380 doctorum
1088 2345 1280 2380 sententiae
1303 2345 1344 2380 de
1365 2355 1408 2380 ea
1421 2356 1459 2380 re
1474 2356 1685 2380 commemo-

138 2405 270 2438 rantur.
311 2401 464 2439 Eandem
478 2412 503 2438 a
516 2401 613 2438 Beda
627 2404 883 2448 propugnantem
905 2405 940 2437 et
955 2412 976 2437 a
989 2402 1206 2448 Forosempr.
1219 2402 1405 2437 refutatam
1419 2402 1478 2437 lib.
1492 2414 1543 2437 ιιι.
1558 2413 1633 2449 par.
1646 2414 1685 2439 11.

136 2459 294 2506 pluribus
310 2459 435 2495 aeti-int
452 2459 674 2506 explicatque
688 2458 809 2494 Petrus
823 2457 957 2494 Pitatua
969 2459 1094 2494 Veron.
1110 2469 1186 2505 cap.
1200 2470 1247 2494 ιν.
1264 2462 1300 2493 et
1310 2470 1366 2494 xv.
1385 2458 1468 2495 Can.
1484 2458 1606 2494 Pasch.
1622 2459 1685 2495 Ec-

88 2551 93 2563 ,
139 2516 246 2552 cleeia
259 2527 341 2552 vero
357 2514 528 2553 catholiea
541 2516 684 2552 minime
700 2516 868 2562 sequitur,
891 2525 980 2562 quae
1000 2514 1174 2562 paschalis
1188 2515 1270 2550 festi
1288 2515 1471 2550 ratiocinia
1491 2515 1534 2550 ad
1548 2516 1685 2552 civilem

139 2583 243 2609 usum
257 2576 295 2609 et
306 2573 524 2620 aequabilem
539 2573 692 2638 cyclum,
707 2583 779 2607 non
790 2571 834 2607 ad
845 2572 1038 2607 mediorum
1049 2575 1208 2607 motuum
1221 2572 1478 2607 observationes
1490 2572 1685 2620 adstringit

141 2628 322 2675 Caeterum
336 2641 380 2666 ex
395 2628 486 2666 hac·
475 2641 555 2677 ipsa
570 2629 732 2676 opinione
748 2629 903 2675 sequitur
917 2617 1038 2664 sunam
1052 2641 1124 2665 xrv.
1140 2639 1390 2675 nonnunquam
1404 2629 1441 2664 in
1455 2629 1685 2675 plenilunium

141 2685 306 2730 incidere,
323 2687 372 2723 ob
376 2687 491 2735 idque
504 2686 734 2734 plenilunium
750 2685 842 2732 apud
857 2685 1027 2732 quosdam
1041 2686 1223 2732 scriptores
1237 2686 1405 2732 appellari
1418 2698 1489 2722 xxv.
1535 2686 1634 2730 Quod
1649 2692 1684 2722 et

142 2745 281 2789 propter
299 2743 456 2780 lunarem
474 2744 656 2790 προήγησιν
677 2746 756 2790 post
777 2742 969 2778 Nicaenum
991 2742 1177 2777 concilium
1199 2742 1340 2786 accidit,
1363 2746 1443 2790 poet
1463 2743 1530 2779 tria
1551 2744 1685 2780 circiter

62 2847 65 2850 Α
139 2799 291 2835 saecula.
312 2799 402 2836 'Dum
412 2802 506 2838 enim
517 2801 630 2836 aureis
642 2800 796 2836 numeris
807 2799 931 2835 iisdem
943 2799 1063 2835 diebus
1074 2797 1311 2842 haerentibus,
1326 2811 1397 2836 xxv.
1412 2799 1562 2836 Nicaena
1575 2802 1683 2848 pleni-

143 2855 277 2891 lunium
292 2855 467 2901 estnon,
481 2858 584 2905 idque
597 2857 680 2892 κατὰ
693 2855 894 2904 συμβεβηκὸς
912 2857 956 2891 ob
973 2854 1161 2902 ἀνωμαλίαν
1177 2856 1317 2899 sideris;
1332 2868 1413 2893 cum
1427 2858 1558 2904 alioqui
1570 2870 1683 2905 neque

144 2912 377 2958 plenilunium
386 2924 431 2949 ex
444 2914 602 2951 instituto
620 2915 784 2950 ecclesiae
799 2914 966 2948 terminus
982 2923 1138 2959 unquam
1149 2912 1321 2959 paschalia
1330 2913 1450 2957 fuerit,
1464 2916 1580 2950 necin
1595 2928 1682 2952 xxrr.

146 2969 264 3004 lunam
279 2969 423 3006 dilatum
434 2970 582 3019 paaeha3
599 2983 691 3018 quae
704 2975 756 3006 est
770 2970 990 3006 hallucinatio
1007 2969 1177 3016 Sca-ligeri
1191 2981 1212 3005 a
1227 2969 1344 3006 Clavio
1359 2975 1496 3015 nostro,
1519 2977 1554 3008 et
1567 2974 1682 3008 novie-

145 3026 232 3062 sime
247 3036 269 3061 a
285 3025 433 3063 Guldino
448 3028 602 3066 eimdem
617 3029 808 3072 societatis,
823 3027 1032 3064 validissime
1048 3026 1205 3062 refutata.
1233 3027 1303 3063 Sed
1317 3028 1361 3063 ad
1376 3029 1525 3074 priorem
1541 3041 1682 3065 sensum

1723 1041 1750 1067 p.
1764 1034 1820 1060 195.
