2002 3320
371 809 892 871 CLARISSIMO
937 808 1359 868 OEHLERO
1403 807 1571 866 SUO

869 945 903 976 S.
941 944 980 977 Ρ.
1018 943 1057 976 Ι).

608 1032 976 1070 ΔΒΒΕΒΤΠΒ
1005 1030 1315 1071 ΙΔΗΝΙΠΒ.

278 1280 379 1322 Quod
403 1281 455 1315 'ru
470 1306 479 1323 ,
514 1278 711 1313 amicissime
735 1279 899 1323 Oehlere,
934 1280 1016 1314 mihi
1040 1291 1147 1326 nuper
1170 1278 1320 1312 detulisti
1342 1289 1481 1321 munus,
1516 1283 1554 1311 ut
1577 1277 1744 1323 symbolas

186 1335 301 1370 darem
324 1336 358 1370 in
383 1336 562 1382 Epiphanii
583 1336 722 1370 Panaria
746 1348 765 1370 a
788 1338 839 1370 Te
862 1336 1016 1378 edenda,
1051 1336 1087 1370 id
1111 1347 1152 1369 eo
1176 1335 1342 1369 lubentius
1365 1334 1518 1380 suscepi,
1543 1334 1635 1380 quod
1662 1334 1745 1379 Epi-

185 1393 329 1438 phanio,
366 1393 414 1427 uti
436 1393 569 1439 reliquis
591 1393 752 1428 ecclesiae
778 1394 928 1428 Graecae
949 1393 1166 1439 scriptoribus
1180 1418 1189 1432 ‚
1227 1403 1365 1437 operam
1388 1391 1594 1436 philologum
1623 1391 1703 1425 inde
1725 1403 1746 1426 a

185 1449 359 1484 iuventute
379 1462 561 1484 navassem.
609 1451 683 1491 Qua
706 1450 739 1484 in
765 1461 801 1484 re
825 1450 908 1485 illud
932 1451 1074 1485 maxime
1098 1457 1346 1496 spectaveram,
1383 1456 1419 1483 ut
1443 1449 1652 1494 exploratum
1678 1448 1743 1482 ha-

186 1507 311 1552 berem,
335 1506 414 1552 quicl
438 1507 486 1540 illi
509 1519 529 1541 a
550 1507 690 1554 παιδείᾳ
714 1507 873 1554 ἱλληνικῇ
885 1534 894 1550 ,
930 1507 1126 1553 praesertim
1149 1507 1353 1552 philosopha
1376 1513 1411 1539 et
1435 1505 1644 1551 potissimum
1664 1506 1745 1540 Pla-

185 1564 321 1604 tonica,
356 1564 391 1598 in
418 1563 592 1598 doctrinae
615 1565 745 1598 ratione
767 1565 868 1610 inque
891 1565 1045 1600 oratione
1068 1563 1209 1599 mutuati
1233 1570 1344 1597 essent
1358 1590 1368 1608 ,
1391 1570 1514 1608 utque,
1538 1562 1741 1608 comparatis

188 1620 404 1667 scriptoribus
438 1620 581 1654 classicis
617 1628 652 1654 et
685 1621 934 1662 ecclesiasticis,
977 1621 1057 1667 quid
1091 1621 1140 1655 illi
1175 1620 1238 1654 sibi
1260 1620 1404 1654 invicem
1438 1619 1522 1654 lucis
1557 1619 1744 1660 adferrent,

189 1678 426 1723 patefacerem.
471 1679 591 1722 Neque
608 1688 687 1711 vero
709 1677 791 1711 haec
814 1678 925 1712 studia
941 1679 1078 1712 Patrum
1103 1675 1298 1721 ὅρθοδὸξων
1321 1677 1477 1723 operibus
1497 1677 1747 1722 circumscripta

190 1746 263 1769 esse
286 1734 479 1776 volueram,
505 1734 565 1768 sed
590 1735 691 1768 etiam
714 1735 970 1769 naereticorum
994 1734 1164 1769 doctrinas
1188 1734 1486 1779 perlustraveram,
1516 1746 1617 1779 quum
1640 1734 1746 1780 pleri-

190 1803 255 1837 que
277 1791 409 1825 illorum
433 1802 474 1824 cx
497 1791 636 1825 Platone
660 1798 695 1824 et
718 1803 758 1824 ex
782 1791 962 1825 Platonicis
993 1792 1136 1837 plurima
1159 1792 1206 1825 ita
1229 1791 1422 1832 hauserint,
1459 1797 1495 1824 ut
1518 1790 1642 1836 placita
1666 1790 1746 1824 Pla-

189 1847 304 1882 tonica
326 1847 501 1882 doctrinae
525 1847 731 1882 Christianae
756 1859 821 1893 per
838 1848 904 1882 vim
928 1861 968 1883 ac
992 1849 1146 1883 fraudem
1170 1860 1238 1882 non
1261 1848 1518 1882 accommodare
1540 1848 1660 1891 solum,
1684 1848 1746 1882 sed

191 1903 291 1938 etiam
326 1904 526 1938 substituere
559 1911 770 1939 conarentur.
831 1907 946 1951 ltaque
980 1905 1200 1951 Epiphanium
1235 1905 1372 1939 minime
1406 1904 1637 1950 neglexeram3
1670 1904 1746 1938 fre-

190 1961 306 2007 quenti
338 1969 450 1995 autem
474 1961 543 1995 eius
568 1973 626 1995 usu
660 1973 910 2008 cognoveram,
945 1962 1111 1996 neminem
1147 1962 1247 1996 facile
1270 1962 1472 2008 scriptorum
1506 1969 1661 1996 veterum
1684 1962 1744 1996 illo

192 2017 438 2063 corruptiorem
462 2030 544 2052 esse.

282 2077 342 2109 Est
365 2082 476 2109 autem
501 2075 658 2120 profecto
682 2075 887 2121 Epiphanius
913 2075 1027 2112 ἕλκεσι
1051 2076 1184 2123 βρύων,
1218 2077 1318 2123 inque
1342 2089 1384 2111 eo
1409 2076 1619 2122 persanando
1642 2076 1746 2110 hodie

191 2131 292 2166 etiam
315 2132 440 2166 criticis
463 2131 640 2177 plurimum
663 2132 784 2178 reliqui
810 2140 862 2167 est
886 2134 1023 2168 factum.
1070 2134 1157 2168 Nam
1182 2134 1309 2168 Petavii
1331 2134 1366 2168 in
1391 2145 1466 2168 eum
1491 2146 1588 2168 curae
1611 2133 1746 2168 criticae

189 2194 286 2224 tanto
317 2188 390 2223 viro
425 2188 515 2223 haud
548 2200 684 2235 prorsus
717 2189 838 2236 dignae
860 2197 948 2225 sunt.
997 2191 1079 2224 cum
1104 2191 1191 2224 enim
1215 2191 1338 2225 criseos
1357 2191 1503 2225 subsidia
1518 2218 1527 2233 ,
1559 2191 1604 2225 de
1626 2191 1745 2237 quibus

191 2257 269 2281 mox
292 2245 460 2288 dicemus,
496 2253 632 2292 praeter
664 2246 771 2288 illud,
806 2248 898 2293 quod
921 2247 956 2281 in
989 2247 1195 2281 divinatione
1217 2256 1268 2282 est
1291 2248 1459 2293 positum,
1494 2249 1550 2282 vix
1580 2248 1745 2292 adhibuit,

190 2309 263 2337 tum
286 2303 321 2337 in
345 2315 388 2338 eo
410 2303 531 2337 iustam
549 2303 845 2349 reprehensionem
866 2304 1006 2338 incurrit
1019 2331 1027 2346 ,
1051 2305 1142 2350 quod
1166 2305 1201 2338 in
1219 2305 1442 2351 expurgandis
1463 2305 1603 2346 mendis,
1627 2305 1745 2350 quibus

193 2359 297 2394 editio
315 2360 470 2406 princeps
494 2367 614 2403 scatet,
637 2373 726 2395 nova
749 2361 870 2395 menda
893 2361 983 2395 haud
1006 2362 1087 2395 satis
1113 2362 1202 2396 cavit
1225 2369 1259 2396 et
1282 2362 1442 2406 genuinas
1463 2362 1552 2395 illius
1570 2362 1744 2404 lectiones,

192 2416 262 2451 sive
284 2428 363 2458 sua,
400 2418 471 2452 sive
493 2417 745 2464 typothetarum
768 2418 973 2463 negligentia
987 2445 997 2460 ,
1030 2430 1105 2453 cnm
1127 2419 1296 2452 mendosis
1321 2419 1518 2453 commutari
1543 2430 1657 2464 passus
1681 2426 1744 2455 est.

193 2473 336 2508 Omnino
359 2474 512 2509 Petavius
533 2474 568 2508 in
593 2474 726 2509 edendo
750 2475 939 2521 Epiphanio
972 2476 1078 2521 magis
1111 2476 1326 2521 theologum,
1364 2476 1606 2520 chronologus:
1629 2483 1664 2510 et
1686 2489 1743 2510 ar-

194 2529 431 2576 ehaeologum,
472 2543 571 2578 quam
604 2531 755 2566 criticum
790 2533 869 2578 egit.
926 2534 994 2566 lam
1030 2545 1112 2567 vero
1139 2533 1272 2567 codices
1295 2544 1395 2566 manu
1416 2533 1551 2578 scripti,
1596 2541 1634 2567 ut
1665 2541 1743 2568 sunt

193 2587 330 2622 omnino
354 2588 497 2634 perrari.
531 2589 578 2622 ita
591 2614 601 2632 ,
626 2596 767 2635 excepto
793 2590 925 2623 Veneto
938 2615 949 2634 ,
984 2589 1074 2623 haud
1096 2590 1145 2623 ita
1167 2589 1308 2623 multum
1330 2589 1469 2623 subsidii
1491 2589 1535 2623 ad
1559 2590 1744 2624 emendan-

194 2643 273 2678 dum
295 2645 512 2691 Epiphaniam
537 2645 725 2680 conferunt.
773 2647 848 2691 lpse
871 2652 982 2680 autem
1004 2647 1153 2680 Venetus
1166 2672 1174 2688 ‚
1208 2654 1355 2680 ceterum
1377 2658 1512 2680 mancus
1525 2672 1536 2687 ,
1560 2647 1624 2681 etsi
1645 2647 1680 2680 in
1704 2659 1744 2682 ea

194 2701 304 2746 operis
324 2709 442 2747 parte,
477 2713 576 2748 quam
601 2701 857 2748 complectitur,
891 2709 964 2736 tum
986 2703 1324 2748 transpositionibus,
1357 2711 1429 2738 tum
1463 2703 1589 2738 lacunis
1611 2704 1745 2750 egregie

194 2757 348 2795 medetur
369 2765 405 2794 et
426 2759 575 2805 plurimis
598 2758 682 2793 locis
706 2759 871 2804 corruptis
895 2761 1073 2805 genuinam
1089 2760 1224 2794 exhibet
1239 2760 1448 2805 scripturam,
1470 2761 1561 2795 haud
1584 2773 1661 2796 raro
1685 2769 1743 2796 ta-

193 2827 270 2850 men
291 2815 542 2851 aos'destituit.
588 2817 664 2857 Quo
688 2815 878 2861 diligentius
895 2828 1109 2863 quaecunque
1131 2817 1166 2850 in
1193 2816 1361 2851 codicibus
1384 2818 1519 2864 reliquis
1541 2818 1643 2864 inque
1666 2819 1742 2852 edi-

193 2871 288 2906 tione
311 2863 461 2918 principe
491 2873 536 2906 ad
560 2873 658 2907 crisin
697 2872 915 2907 factitandum
947 2874 1150 2919 expediunt,
1183 2874 1293 2908 excuti
1326 2874 1462 2910 debent.
1507 2876 1628 2921 Neque
1660 2887 1742 2910 vero

195 2928 385 2974 negligendi
413 2936 491 2964 sunt
514 2930 694 2975 scriptores
731 2936 803 2963 tum
825 2929 870 2974 ii,
907 2942 948 2964 ex
970 2930 1088 2976 quibus
1123 2930 1328 2975 Epiphanius
1362 2932 1494 2977 hausit,
1526 2939 1598 2966 tum
1622 2932 1678 2977 qui
1702 2944 1743 2966 ex

196 2985 385 3030 Epiphanio
408 2986 462 3020 vel
485 2998 526 3020 ex
551 2986 744 3021 auctoribus
772 2986 814 3020 ab
838 2998 879 3021 eo
904 2987 1092 3032 compilatis
1116 2987 1290 3033 decerptas
1312 2989 1492 3034 particulas
1515 3001 1574 3023 sna
1597 2989 1631 3022 in
1653 2989 1741 3023 scri-

196 3048 258 3088 pta
280 3042 530 3078 transtulerunt.
584 3043 678 3078 Haec
709 3050 821 3078 autem
843 3043 989 3078 subsidia
1022 3043 1078 3077 ubi
1111 3055 1171 3078 nos
1206 3045 1303 3078 simul
1336 3058 1411 3079 cum
1444 3046 1613 3080 codicibus
1641 3057 1741 3080 mauu

197 3097 328 3144 scriptis
350 3098 529 3144 deficiunt,
552 3113 605 3135 res
625 3101 669 3135 sd
692 3101 917 3136 coniecturam
939 3100 1038 3144 redit,
1062 3112 1127 3146 qua
1149 3101 1237 3136 baud
1260 3102 1332 3136 scio
1355 3113 1398 3136 au
1420 3114 1522 3138 nemo
1537 3103 1740 3149 scriptorum

1392 3160 1468 3204 1*
