2008 3294
149 995 177 1020 p.
189 987 247 1015 302.

287 191 487 228 CCvam

284 296 428 343 proinde
443 297 546 342 primi
559 296 691 331 mensis
707 299 743 332 et
757 296 842 332 anni
855 298 1039 333 neomenia
1053 297 1090 333 in
1102 297 1229 344 Aprilis
1241 309 1288 333 xv.
1301 296 1522 334 diffundetur.
1546 298 1599 334 Ita
1610 298 1706 334 enim
1721 299 1839 334 existi·

284 354 451 389 mandum
467 357 536 396 est,
559 353 807 388 embolimaeos
822 364 963 389 menses
977 354 1014 390 in
1028 354 1185 401 paschali
1201 354 1296 400 cyclo
1314 365 1374 389 eos
1391 365 1484 398 esse,
1507 355 1620 402 quiin
1634 355 1741 391 finem
1757 355 1841 392 anni

285 411 433 446 coniecti
446 410 668 445 neomeniam
682 410 860 456 sequentis
876 411 958 446 anni
974 412 1132 458 proxime
1154 411 1381 457 praecedunt3
1405 416 1444 446 ut
1467 416 1502 447 et
1521 412 1656 448 Pitatus
1682 412 1727 447 ad
1747 412 1841 448 idem

284 467 465 513 negotium
481 467 643 502 observat
657 477 732 513 cap.
745 479 792 504 vr.
835 466 1042 514 Quanquam
1057 469 1157 503 aliter
1172 467 1265 514 apud
1279 472 1522 514 computorum
1537 469 1687 505 artifices
1703 469 1840 516 dispen-

284 525 353 559 sari
367 535 506 559 menses
522 524 772 559 embolimaeos
787 524 970 560 didicimus
986 537 1032 560 ex
1047 525 1143 560 Beda
1159 536 1234 571 cap.
1250 525 1310 560 illo
1326 536 1426 561 xum.
1442 526 1503 563 lib.
1521 526 1562 561 de
1577 526 1726 562 Ratione
1738 526 1840 562 Tem·

283 592 424 627 porum,
447 592 489 616 ac
504 592 566 627 per
580 581 696 616 varios
711 581 795 617 anni
807 581 935 618 Iuliani
949 594 1086 618 menses
1103 582 1280 628 dissipari,
1300 593 1421 617 verum
1439 583 1476 619 in
1491 582 1647 630 paschali
1661 582 1727 618 hoc
1742 583 1840 618 insti-

284 642 359 673 tuto
383 638 590 673 embolimus
611 639 670 673 ille
690 638 821 674 mensis
843 640 966 686 procul
987 640 1093 675 dubio
1117 639 1311 674 censendus
1333 643 1404 682 est,
1427 640 1488 686 qui
1509 640 1662 687 primum
1683 651 1841 676 mensem

284 695 372 740 cycli
387 693 516 742 ἆμέσως
531 695 715 732 antecedit.
744 695 819 738 Quo
836 696 976 743 quidem
992 701 1121 732 statuto
1131 723 1140 739 ,
1155 697 1292 731 nullum
1307 697 1379 731 iam
1395 696 1538 732 dubium
1554 701 1608 732 est
1623 698 1708 744 quin
1722 697 1839 733 embo-

283 753 489 788 limaeorum
511 753 618 788 series
641 753 812 789 eiusmodi
833 753 897 797 sit,
921 755 1060 800 qualem
1083 765 1106 788 a
1126 753 1300 789 veteribus
1324 754 1542 800 computistis
1565 755 1780 801 accepimus,
1802 755 1841 790 in

284 820 354 855 qua
369 813 512 844 octavus
529 820 658 853 011000,
674 821 746 845 000
761 822 874 846 nonus
889 811 1102 846 intercalaris
1118 811 1249 846 mensis
1266 811 1492 857 appendicem
1508 811 1669 859 excipiat.
1699 811 1790 847 Nam
1806 815 1842 846 et

282 870 464 913 propterea
478 867 840 903 enneadecaeteridem
854 868 891 903 in
904 868 1098 914 ogdoadem
1110 871 1145 903 et
1155 867 1390 903 hendecadem
1402 863 1523 914 partiri
1532 869 1667 912 -solent,
1682 869 1735 904 uti
1746 868 1842 904 Beda

283 923 368 959 facit
381 924 441 959 lib.
458 923 501 959 de
515 923 663 960 Ratione
678 924 799 971 Temp.
815 935 891 971 cap.
903 937 1010 967 niv„
1031 929 1066 961 et
1087 925 1238 972 ogdoadi
1257 929 1327 959 tres
1351 925 1556 961 embolimos
1577 936 1734 968 menses,
1757 924 1841 961 hen·

284 980 405 1016 decadi
420 984 607 1027 quaternos
622 981 826 1018 attribuunt.
851 982 939 1018 Hinc
951 982 1135 1018 Africanus
1149 982 1241 1029 apud
1252 982 1390 1018 Hieron.
1403 983 1440 1017 in
1453 993 1528 1029 cap.
1539 994 1586 1018 rx.
1598 982 1686 1018 Dan.
1698 983 1841 1024 Graeci,

284 1038 414 1084 inquit,
438 1038 565 1074 Iudaei
580 1051 648 1085 per
673 1044 746 1074 octo
769 1051 877 1074 anuos
897 1041 998 1073 trium
1021 1042 1180 1074 mensium
1202 1037 1423 1086 ἐμβολισμοὶις
1430 1042 1583 1086 faciunt.
1628 1040 1679 1075 Ao
1701 1039 1842 1075 tametsi

284 1095 416 1131 mensis
431 1095 568 1142 integer
582 1107 653 1132 non
669 1100 792 1132 octavo
809 1106 918 1139 anno,
941 1096 1002 1132 sed
1016 1107 1110 1132 nono
1127 1107 1172 1132 ex
1189 1096 1310 1132 diebus
1325 1097 1472 1132 residuis
1489 1099 1695 1143 consurgat,
1717 1095 1840 1132 nihilo-

283 1152 401 1188 minus
417 1152 511 1199 quod
525 1156 562 1188 et
574 1153 732 1199 proxime
748 1153 895 1189 solidam
911 1153 955 1188 ad
974 1154 1157 1200 syzygiam
1178 1153 1386 1200 appendices
1407 1154 1487 1189 illae
1509 1153 1582 1189 dies
1603 1153 1785 1195 accedant,
1805 1157 1842 1189 et

285 1210 378 1256 quod
393 1221 438 1245 ex
454 1211 672 1256 superiorum
694 1221 866 1245 annorum
889 1211 1070 1246 ratiocinio
1094 1221 1231 1258 semper
1254 1211 1384 1257 aliquid
1407 1211 1572 1258 supersit,
1597 1222 1664 1257 quo
1688 1210 1840 1248 defectus

283 1267 341 1303 ille
357 1271 611 1314 compensetur,
631 1271 753 1303 octavo
769 1278 862 1302 anno
877 1268 1093 1303 intercalaris
1110 1267 1321 1314 adiungitur.

374 1324 474 1367 Quod
488 1328 607 1361 autem
622 1325 777 1360 nondum
791 1325 884 1360 iusto
900 1324 1033 1360 dierum
1048 1335 1193 1361 numero
1210 1336 1255 1360 ex
1272 1326 1403 1372 epactis
1419 1325 1565 1361 collecto
1587 1336 1841 1372 nonnunquam

282 1382 508 1418 embolismos
523 1381 694 1418 anteverti
708 1392 749 1417 ac
767 1381 989 1428 praecipitari
1010 1382 1180 1425 diximus,
1203 1382 1369 1418 illustrari
1391 1386 1507 1429 potest
1529 1394 1574 1417 ex
1597 1382 1729 1418 Iudaici
1752 1383 1841 1429 cycli

283 1438 524 1486 dispositione,
541 1439 679 1490 qualem
694 1439 814 1485 glossa
828 1439 960 1485 primae
975 1439 1083 1485 partis
1098 1439 1160 1475 Iad
1174 1439 1215 1474 R.
1228 1439 1327 1475 Mose
1343 1439 1507 1475 Tractatu
1521 1439 1699 1475 Kiddusch
1713 1439 1840 1476 1100110-

283 1495 387 1532 (100011
404 1495 567 1532 describit
582 1506 657 1542 cap.
670 1508 694 1532 1.
717 1497 749 1540 ξ.
765 1495 798 1531 2.
845 1495 1017 1531 Nimirum
1036 1500 1177 1542 epactas
1193 1497 1277 1532 anni
1291 1509 1315 1533 1.
1331 1500 1367 1532 et
1381 1509 1419 1533 11.
1436 1497 1475 1532 in
1491 1497 1588 1543 cyclo
1603 1496 1742 1533 Iudaico
1758 1508 1839 1534 cum

282 1553 412 1600 epactis
427 1566 448 1587 v
464 1553 638 1589 mensium
655 1553 739 1589 anni
753 1553 845 1589 tertii
860 1552 904 1588 ad
919 1563 1029 1590 xxvn.
1042 1553 1115 1588 dies
1131 1553 1311 1597 accedere,
1327 1553 1474 1600 ideoque
1490 1553 1534 1589 ad
1547 1554 1839 1601 complementum

283 1611 479 1647 embolismi
493 1611 625 1646 mensis
640 1610 794 1646 triduum
809 1621 855 1646 ex
870 1611 972 1646 annis
988 1611 1214 1657 sequentibus
1229 1614 1351 1646 mutuo
1366 1611 1487 1658 accipi.
1511 1611 1634 1646 Postea
1645 1621 1690 1646 ex
1701 1611 1839 1647 residuo

283 1668 367 1704 anni
380 1679 435 1703 111.
456 1672 492 1703 01
513 1678 559 1705 ex
583 1669 704 1714 quarto
729 1678 770 1704 00
787 1668 907 1713 1101010
923 1678 995 1703 000
1010 1678 1091 1704 0010
1105 1668 1285 1703 mensibus
1302 1680 1322 1703 v
1339 1669 1422 1704 anui
1438 1668 1530 1704 sexti
1545 1668 1663 1715 colligi
1678 1668 1751 1704 dies
1766 1667 1840 1704 1010

282 1737 415 1768 xum,
438 1736 484 1762 ex
508 1725 635 1772 quibus
658 1729 882 1771 compensato
903 1725 1017 1760 triduo
1045 1725 1125 1768 illo,
1148 1725 1241 1772 quod
1263 1725 1490 1772 anticipatum
1512 1725 1643 1768 fuerat,
1667 1725 1839 1762 secundus

282 1782 509 1820 embolismus
523 1783 699 1818 inseritur.
734 1781 864 1818 Deinde
881 1793 927 1817 ex
942 1782 1074 1829 epactis
1089 1782 1265 1818 mensium
1276 1794 1327 1818 vu
1339 1783 1423 1818 anni
1437 1782 1530 1818 sexti
1549 1785 1585 1818 et
1595 1782 1680 1818 011111
1691 1782 1840 1829 septimi,

282 1851 347 1876 000
361 1851 433 1876 000
449 1844 484 1876 01
498 1852 519 1875 v
535 1839 711 1876 mensium
727 1839 811 1875 anni
826 1840 958 1883 octavi,
977 1851 1053 1876 xxn
1068 1839 1141 1876 fere
1157 1839 1230 1875 dies
1247 1839 1412 1876 confiunt.
1458 1839 1578 1886 Neque
1593 1843 1710 1875 tamen
1725 1838 1839 1876 differ·

282 1901 339 1933 tur
361 1897 607 1940 embolismus,
629 1896 690 1933 sed
705 1908 769 1933 vm
784 1896 858 1932 dies
880 1908 925 1932 ex
942 1897 1044 1933 annis
1065 1897 1290 1944 sequentibus
1310 1901 1624 1944 repraesentantur,
1647 1900 1687 1933 ut
1707 1896 1838 1933 solidus

282 1954 413 1991 mensis
428 1954 625 1990 intercalari
639 1954 761 2000 possit.
784 1954 874 1990 Tum
886 1965 967 1991 vero
984 1965 1030 1990 ex
1045 1954 1182 1990 residuo
1195 1966 1246 1991 vu
1257 1954 1432 1990 mensium
1447 1957 1482 1990 et
1497 1964 1667 1991 annorum
1679 1953 1839 1996 duorum,

283 2012 443 2049 videlicet
456 2023 506 2048 xx.
523 2022 565 2046 ac
581 2023 616 2046 x.
630 2010 819 2057 itidemque
835 2011 1010 2047 mensium
1026 2023 1047 2046 v
1063 2012 1218 2058 priorum
1233 2011 1316 2046 anni
1332 2022 1380 2047 11.
1397 2010 1470 2046 dies
1487 2011 1697 2057 colliguntur
1713 2021 1838 2053 xum,

283 2068 410 2116 quibua
426 2073 502 2105 octo
517 2067 697 2110 detractis,
720 2078 807 2114 quos
828 2068 985 2114 superior
1001 2068 1227 2104 embolismus
1243 2066 1468 2111 exhauserat,
1491 2067 1644 2114 quinque
1667 2070 1701 2102 et
1714 2067 1840 2114 viginti

283 2130 429 2168 restant,
446 2124 489 2161 ad
505 2135 594 2172 quos
609 2124 833 2172 complendae
848 2125 1014 2171 syzygiae
1031 2137 1052 2160 v
1069 2124 1128 2160 alii
1142 2124 1215 2160 dies
1231 2125 1472 2171 anticipantur,
1496 2128 1531 2160 et
1545 2123 1728 2160 undecimo
1745 2135 1837 2160 anno

282 2183 375 2220 Adar
389 2182 563 2220 inseritur.
592 2181 723 2220 Eadem
740 2185 795 2217 est
808 2181 892 2217 anni
907 2193 978 2218 xrv.
993 2182 1093 2218 ratio.
1121 2180 1286 2218 Oonfiunt
1301 2181 1396 2217 enim
1413 2180 1486 2217 dies
1502 2193 1632 2225 xxxin,
1648 2191 1692 2216 ex
1709 2181 1837 2228 quibua

283 2253 304 2276 v
321 2241 442 2278 diebus
463 2239 655 2287 exemptis,
679 2239 740 2286 qui
758 2239 794 2275 in
810 2242 1030 2275 antecessum
1046 2238 1204 2285 usurpati
1218 2238 1372 2282 fuerant,
1393 2238 1609 2285 relinquntur
1625 2249 1739 2275 xxvur
1754 2238 1838 2282 dies,

283 2302 318 2335 et
334 2297 477 2334 biduum
492 2296 537 2333 ad
553 2296 798 2334 embolismum
819 2296 1068 2332 cumulandum
1092 2307 1114 2331 a
1137 2295 1363 2342 sequentibus
1387 2295 1544 2331 sumitur.
1590 2295 1721 2331 Deinde
1745 2306 1836 2332 anno

283 2367 369 2393 xvir·
391 2357 534 2402 epactae
557 2353 602 2391 ad
624 2354 698 2391 dies
721 2365 834 2390 xxxin
858 2353 1064 2401 perveniunt
1084 2353 1312 2399 restitutoque
1337 2352 1439 2389 biduo
1462 2352 1522 2389 illo
1549 2352 1764 2396 mutuatitio,
1792 2364 1837 2390 ex

284 2424 370 2450 xxxi
385 2412 528 2459 reliquis
543 2411 766 2447 intercalatur
782 2410 884 2454 Adar,
901 2414 936 2447 et
951 2421 1041 2447 unus
1057 2409 1130 2446 dies
1146 2415 1314 2457 superest.
1362 2409 1481 2457 ltaque
1497 2409 1532 2446 in
1548 2408 1618 2446 fine
1634 2409 1723 2456 cycli
1738 2422 1839 2447 xxvix

283 2470 356 2506 dies
372 2473 520 2510 restant,
537 2472 573 2504 et
587 2467 811 2504 nihilomiuus
830 2479 891 2505 vu.
907 2467 1128 2504 intercalatur
1144 2466 1386 2510 embolismus,
1402 2477 1493 2503 anuo
1510 2478 1582 2503 arx.
1609 2466 1702 2503 Haec
1717 2467 1838 2515 glosas

284 2526 326 2563 de
349 2526 438 2572 cycli
459 2525 590 2562 Iudaici
614 2529 792 2562 contextu.
840 2525 879 2561 ln
903 2535 971 2572 quo
995 2523 1151 2561 nondum
1174 2523 1314 2571 expleta
1336 2523 1480 2571 syzygia
1502 2533 1681 2560 versuram
1704 2524 1780 2561 fleri
1803 2528 1838 2560 et

284 2583 465 2631 anticipari
481 2583 554 2619 dies
570 2582 703 2629 aliquot
718 2581 831 2626 vides,
848 2586 969 2619 contra
984 2591 1088 2629 quam
1106 2581 1262 2627 Scaliger
1277 2581 1336 2617 lib.
1348 2593 1407 2618 vn.
1420 2580 1462 2617 de
1474 2580 1653 2617 Emendat.
1665 2581 1701 2618 in
1715 2581 1836 2629 Gomp.

285 2640 424 2676 ludaico
446 2640 544 2686 cyclo
575 2639 799 2676 embolismos
830 2638 1046 2687 praecipitari
1073 2638 1176 2675 nimis
1203 2637 1436 2686 imprudenter
1463 2641 1580 2685 negat.
1629 2636 1836 2685 Quanquam

285 2698 405 2743 glossa
420 2697 489 2732 ista
505 2697 660 2733 lunarem
677 2707 806 2733 anuum
823 2696 977 2744 praecise
993 2695 1126 2732 dierum
1143 2705 1271 2732 cocmv
1289 2694 1484 2738 constituit,
1500 2705 1612 2741 neque
1629 2695 1836 2742 appendices

286 2753 387 2790 horu
404 2764 443 2789 ac
460 2754 624 2790 minutias
640 2754 890 2801 complectitur,
911 2764 1001 2800 quae
1023 2756 1095 2790 toto
1117 2752 1215 2799 cyclo
1232 2752 1395 2789 collectae
1411 2751 1482 2788 dies
1499 2750 1688 2788 conficiunt
1703 2764 1738 2789 vx
1757 2763 1837 2789 cum

286 2810 379 2847 horis
397 2822 473 2854 ur,
497 2817 532 2846 et
548 2810 690 2847 minutia
705 2810 771 2853 51¹,
794 2810 920 2857 qulbus
937 2810 1039 2857 primi
1055 2821 1095 2845 sc
1112 2809 1276 2857 postremi
1292 2808 1486 2846 embolismi
1503 2807 1658 2844 derectus
1674 2819 1835 2857 compen·

285 2871 390 2903 satur.
434 2867 663 2909 Quamobrem
682 2867 775 2903 rudis
791 2871 893 2904 estet
909 2866 1114 2903 adumbrata
1128 2866 1217 2913 cycli
1233 2865 1360 2903 Iudaici
1375 2866 1442 2902 ista
1456 2864 1655 2912 descriptio,
1676 2866 1769 2903 etad
1784 2866 1836 2903 10-

286 2924 440 2962 clliorem
456 2923 655 2960 methodum
675 2935 715 2960 ac
738 2925 938 2971 popularem
961 2927 1102 2971 captum
1123 2923 1299 2972 apposita,
1322 2933 1400 2960 cum
1423 2922 1559 2959 interim
1585 2923 1654 2958 slis.
1677 2923 1722 2959 sit
1742 2924 1836 2971 apud

289 2980 432 3017 ludaeos
447 2985 644 3028 epactarum
666 2992 903 3028 aunorumque
926 2980 1165 3017 conformatio.
1212 2979 1311 3023 Quod
1324 2979 1414 3017 idern
1431 2978 1472 3015 de
1489 2978 1671 3026 Epiphauii
1687 2981 1834 3017 onuste-

288 3038 359 3076 ride
376 3037 602 3086 pronunciare
618 3038 712 3080 iicet,
735 3049 838 3085 quam
857 3039 909 3074 vel
925 3037 1027 3082 nulli,
1050 3037 1118 3079 vel,
1140 3036 1289 3080 0110110,
1312 3035 1526 3084 paucissimi,
1550 3041 1630 3084 post
1644 3036 1835 3075 Nicaenum
