2008 3294
1547 184 1685 222 cccxt

135 296 287 330 dominus
302 294 464 335 tradidit,
481 292 543 328 hoc
559 298 611 328 eet
618 294 726 338 panio
739 297 772 327 et
785 294 898 326 amm
911 301 1003 336 aqua
1019 291 1166 327 mixtum.
1202 289 1350 326 Proinde
1371 288 1459 325 nihil
1480 288 1608 324 certius
1631 291 1686 324 est

135 362 242 398 quam
257 351 294 387 in
307 349 503 386 Laodiceno
519 360 652 384 canone
668 347 841 396 prohiberi
861 358 906 383 ne
921 357 983 394 per
1005 347 1167 382 solennes
1190 347 1312 382 ieiunii
1334 346 1407 382 dies
1432 346 1626 383 oblationes
1649 350 1686 380 et

134 408 305 444 sacrificia
317 407 542 443 celebrentur.
578 406 720 452 Excipit
731 405 916 441 sabbatum
931 413 972 439 ac
986 402 1214 447 dominicam,
1238 404 1365 450 quibus
1388 404 1425 439 in
1441 402 1580 439 Oriente
1598 403 1683 438 ieiu-

133 476 217 501 nare
239 463 338 500 nefas
361 464 629 499 arbitrabantur.
673 461 772 505 Quod
793 472 838 497 ex
859 461 1026 497 Trullaua
1048 461 1182 507 synodo
1205 461 1425 508 comprobari
1445 463 1572 508 potest,
1595 471 1684 507 quae

133 522 218 558 Gan.
230 534 292 559 ιιι.
306 522 358 557 ita
371 521 506 556 sanxit:
540 519 596 556 Ἐν
612 518 730 560 πάσαις
745 520 816 559 ταῖς
831 519 886 562 τῆς
901 515 995 564 ἁγίας
1011 520 1271 564 τεσσαρακοστῆς
1287 520 1353 552 τῶν
1369 519 1524 562 νηστειῶν
1538 516 1683 565 ἡμέραις,

134 578 292 626 παρεκτὸς
305 577 472 624 σαββάτου
489 577 542 612 καὶ
558 579 708 624 κυριακῆς
724 575 845 620 καὶτῆς
858 573 954 622 ἁγίας
966 576 1024 609 τοῦ
1041 574 1281 622 εὖαγγελισμοῦ
1293 574 1415 622 ἡμέρας
1427 574 1565 621 γινέσθω
1579 573 1601 619 ἡ
1617 576 1683 609 τῶν

133 635 403 683 προηγιασμένων
419 632 487 682 ἱερὰ
502 633 696 682 λειτουργία.
720 633 765 668 In
779 633 927 668 omnibus
941 633 1252 678 quadraqesimal-ie
1266 634 1386 667 ieiunii
1401 633 1533 676 diebus,
1549 638 1684 678 excepto

131 693 274 728 sabbato
298 704 342 727 ac
365 694 536 727 dominica
559 697 591 726 et
611 703 712 726 sacro
737 691 1012 726 annunciat-’onie
1034 690 1106 731 die,
1131 690 1315 724 celebretur
1329 696 1483 724 sarnetum
1506 695 1584 725 ante
1606 701 1684 724 con-

131 757 340 785 secratorum
351 751 569 790 sacrificium.
602 747 712 790 Quem
727 747 771 783 ad
782 757 951 783 canonem
962 746 1114 782 Zonaras
1126 745 1211 781 haec
1223 746 1383 781 adnotat:
1400 745 1432 781 αἱ
1447 747 1513 781 τῶν
1529 747 1684 790 νηστειῶν

131 806 248 854 ἡμέραι
263 806 396 846 πένθους
413 803 491 840 εἶναι
506 804 702 852 ἐτάχθησαν,
717 803 772 839 καὶ
787 803 988 845 κατανύξεως
1005 801 1047 843 εἰς
1063 801 1222 850 ἱξὶλασμα
1233 804 1299 837 τῶν
1313 801 1450 837 ἑκάστου
1467 802 1682 850 σφαλμάτων·

132 863 171 898 το
189 862 224 899 δὲ
238 865 287 910 τῷ
305 863 369 910 θεῷ
385 861 555 909 προςάγειν
573 861 682 902 θυσίας
698 860 922 908 πανηγυρίζειν
937 859 1005 896 ἐστὶ
1021 865 1086 896 etc.
1110 859 1170 895 Διὰ
1182 862 1280 894 τοῦτο
1293 858 1325 894 ἐν
1338 859 1395 906 μὲν
1413 858 1527 901 ἄλλαις
1543 863 1598 904 τῆς
1611 872 1684 895 τεσ-

133 922 337 967 σαρακοστῆς
352 918 485 966 ἡμέραις
508 918 528 964 ἡ
549 921 614 954 τῶν
630 917 899 966 προηγιασμίνων
915 917 1034 964 γίνεται
1050 916 1251 963 λειτουργία,
1276 916 1315 951 οὗ
1339 917 1413 952 τότε
1436 917 1604 964 γινομένης
1627 919 1684 961 τῆς

132 975 330 1024 ἀναιμάκτου
347 975 473 1021 θυσίας,
497 973 584 1011 ἀλλὰ
606 978 661 1020 τῆς
683 975 746 1020 ἤδη
771 974 1004 1023 προςαχθείσης
1029 973 1083 1008 καὶ
1106 974 1306 1018 τελεσθείσης
1323 970 1410 1014 αὖθις
1427 974 1681 1021 προςαγομίνης.

131 1033 223 1068 Κατὰ
246 1033 282 1068 δὲ
304 1032 346 1068 τὰ
368 1031 518 1079 σάββατα
540 1032 594 1068 καὶ
617 1029 673 1073 τὰς
697 1030 866 1079 κυριακὰς,
890 1030 956 1066 ἐπεὶ
979 1029 1011 1066 ἐν
1035 1031 1166 1071 ταύταις
1190 1031 1349 1075 νηστεύειν
1373 1030 1609 1078 ἀπηγόρευται,
1634 1030 1684 1066 ἑν-

133 1091 262 1126 δέδοται
277 1090 331 1125 καὶ
346 1089 457 1125 θυσίαν
473 1089 670 1136 προςφέρειν,
694 1089 748 1124 καὶ
770 1087 893 1123 τελείαν
917 1087 1114 1134 λειτουργεῖν
1136 1088 1347 1134 λειτουργίαν.
1388 1088 1556 1130 Quocirca
1579 1090 1683 1124 sacri-

131 1148 250 1183 ficium
265 1157 484 1194 nequaquam
499 1158 559 1194 per
573 1146 695 1182 ieiunii
709 1146 782 1182 dies
797 1146 953 1181 oblatum
969 1150 1032 1188 est,
1055 1145 1117 1181 sed
1139 1156 1182 1180 ea
1202 1146 1478 1181 retractabantur
1501 1156 1590 1192 quae
1612 1147 1683 1181 iam

131 1209 211 1240 ante
232 1207 435 1240 consecrata
453 1204 602 1247 fuerant,
624 1203 797 1251 uti-sacro
819 1213 1025 1250 parasceves
1047 1213 1200 1248 magnae
1223 1203 1277 1238 die
1300 1203 1394 1249 apud
1417 1214 1481 1238 nos
1503 1203 1578 1238 fieri
1601 1214 1683 1238 cou-

132 1262 256 1298 suevit.
294 1261 426 1297 Extant
447 1261 527 1297 illae
551 1261 616 1296 τῶν
633 1259 903 1307 προηγιασμένων
919 1259 1115 1306 λειτουργίαι
1129 1264 1214 1296 tom.
1226 1272 1272 1296 vr.
1288 1258 1455 1296 Biblioth.
1473 1271 1553 1295 cum
1570 1260 1684 1296 Gene-

132 1319 248 1354 brardi
262 1318 492 1366 praefatione,
513 1318 551 1354 in
571 1327 642 1364 qua
658 1317 870 1353 Graecorum
890 1318 996 1353 ritum
1010 1317 1109 1353 illum
1124 1316 1291 1352 adversus
1308 1316 1496 1352 catholicos
1513 1318 1684 1364 quosdam

132 1376 288 1412 doctores
304 1379 516 1423 propugnat,
538 1378 714 1422 negatque
736 1378 919 1422 propterea
933 1374 1171 1411 damnandum
1193 1385 1287 1417 esse,
1312 1374 1405 1420 quod
1423 1374 1519 1410 nulla
1533 1375 1570 1410 in
1585 1375 1628 1409 iis
1644 1375 1683 1410 li-

131 1433 256 1480 turgiis
271 1443 384 1479 neque
400 1433 611 1468 consecratio
626 1442 740 1478 neque
755 1431 948 1468 distributio
965 1442 1007 1467 ac
1029 1432 1229 1467 communio
1251 1431 1495 1467 contineretur.
1530 1432 1684 1478 Apparet

131 1494 264 1534 autem,
288 1489 581 1537 quemadmodum
601 1489 640 1525 in
662 1489 873 1535 synaxibus,
900 1499 990 1536 quae
1012 1499 1074 1535 per
1096 1489 1174 1524 illos
1198 1489 1271 1524 dies
1294 1488 1442 1531 fiebant,
1468 1489 1603 1524 nullum
1630 1493 1684 1524 est

132 1548 286 1584 oblatum
299 1546 524 1590 sacrificium,
535 1547 586 1582 ita
596 1546 730 1582 nullam
740 1545 896 1582 fidelium
908 1546 1190 1582 communionem
1201 1546 1370 1581 extitisse.
1394 1545 1493 1588 Quod
1505 1550 1684 1592 praeterea

131 1606 200 1641 alio
222 1615 268 1640 ex
291 1607 497 1652 argumento
521 1603 706 1650 colligitur.
739 1602 877 1638 Etenim
895 1614 1009 1650 neque
1022 1603 1218 1639 ieiunantes
1234 1603 1393 1638 osculum
1407 1603 1501 1650 pacis
1515 1602 1682 1638 fratribus

130 1662 428 1709 impartiebantur,
442 1671 554 1708 neque
569 1660 815 1707 mysteriorum
825 1661 1011 1696 celebratio
1026 1671 1066 1696 ac
1077 1660 1296 1707 participatio
1308 1660 1384 1695 sine
1396 1670 1481 1706 pace
1494 1661 1682 1706 osculoque

130 1719 370 1767 peragebatur.
403 1718 536 1754 Horum
557 1718 709 1765 primum
730 1717 965 1753 Tertullianus
988 1718 1049 1753 lib.
1073 1717 1115 1752 de
1140 1717 1232 1753 Orat.
1257 1718 1322 1752 sub
1345 1717 1454 1752 finem
1475 1717 1606 1752 indicat
1627 1717 1682 1752 his

131 1777 260 1812 verbis:
282 1775 342 1810 Sic
358 1781 392 1811 et
406 1777 461 1811 die
471 1775 644 1821 paschae,
666 1787 728 1821 quo
751 1777 931 1810 communia
945 1781 979 1810 et
992 1778 1093 1821 quasi
1101 1775 1246 1821 publica
1261 1777 1381 1809 ieiunii
1395 1775 1519 1819 reliqio
1534 1780 1600 1816 eat,
1616 1787 1680 1808 me-

131 1837 198 1869 rito
214 1834 406 1879 deponimus
420 1833 582 1875 osculum,
605 1831 694 1867 nihil
708 1839 866 1867 curantes
881 1833 923 1867 de
939 1833 1137 1873 osculando,
1161 1833 1250 1878 quod
1269 1844 1342 1866 cum
1359 1831 1679 1878 omnibusacn'mua.

131 1892 172 1926 In
192 1890 338 1937 publicis
358 1889 466 1936 igitur
488 1889 759 1935 solemnibusque
781 1889 921 1924 ieiuniis
942 1899 1083 1936 pacem,
1106 1888 1172 1924 hoc
1195 1892 1247 1924 est
1271 1889 1446 1932 osculum,
1467 1887 1536 1925 sibi
1558 1891 1680 1924 mutuo

130 1947 250 1983 fideles
272 1958 344 1982 non
365 1945 504 1983 dabant.
541 1945 642 1988 Quod
656 1956 736 1981 cum
751 1946 789 1981 in
803 1946 948 1993 privatis
965 1951 999 1982 et
1013 1946 1191 1982 voluntate
1207 1946 1377 1993 susceptis
1392 1944 1536 1993 perinde
1550 1945 1595 1981 ab
1611 1945 1680 1981 illis

133 2005 382 2047 observaretur,
402 2003 506 2050 paulo
525 2006 606 2039 ante
621 2002 715 2038 idem
730 2003 871 2039 Tertull.
888 2003 1077 2050 improbat:
1113 2004 1200 2038 Alia
1221 2006 1308 2046 iam,
1329 2003 1459 2050 inquit,
1481 2005 1681 2038 consuetudo

131 2062 286 2097 invaluit.
309 2061 505 2096 Ieiunantes
519 2060 640 2095 habita
655 2062 808 2095 oratione
823 2072 896 2095 cum
903 2061 1079 2107 fratribus
1093 2060 1295 2096 subtrabunt
1308 2061 1455 2095 osculum
1467 2062 1579 2106 pacis,
1595 2062 1683 2106 quod

133 2125 182 2155 eet
190 2118 402 2164 en'qnaculum
413 2120 587 2154 orationis.
610 2116 707 2152 Unde
721 2117 800 2153 illos
817 2117 990 2161 admonet,
1006 2121 1045 2153 ut
1059 2129 1139 2153 cum
1151 2118 1311 2164 privatim
1326 2117 1395 2164 ipsi
1409 2117 1576 2159 ieiunant,
1592 2119 1682 2151 dumi

133 2177 262 2223 quidem
271 2201 281 2218 ,
295 2177 384 2211 inter
398 2186 478 2220 quoe
492 2175 599 2210 tatere
613 2177 772 2209 ieiunium
787 2177 824 2209 in
840 2180 940 2210 totum
955 2187 1020 2210 non
1036 2176 1151 2217 dam,
1162 2187 1286 2221 pacem
1298 2176 1477 2221 differant.-
1493 2178 1530 2208 at
1543 2174 1680 2221 publice

133 2236 168 2268 et
181 2233 218 2269 ln
233 2232 378 2268 eeclesia
391 2231 608 2268 dissimulato
629 2231 759 2267 ieiunio
781 2231 1025 2268 consuetudini
1046 2232 1211 2268 serviant.
1243 2231 1419 2267 Posterius
1435 2242 1533 2273 vero,
1555 2242 1680 2277 nempe

133 2301 212 2326 cum
226 2289 391 2336 mysteria
405 2288 666 2331 celebrarentur,
680 2299 803 2335 pacem
817 2292 922 2335 atque
938 2289 1096 2325 osculum
1107 2300 1129 2324 a
1140 2289 1302 2324 fidelibus
1314 2289 1472 2323 oblatum
1482 2287 1604 2331 fuisse,
1619 2289 1680 2323 vix

60 2351 64 2354 ”
133 2350 187 2382 est
200 2350 239 2382 ut
252 2345 391 2392 probari
405 2355 546 2381 necesse
560 2345 617 2381 sit.
639 2345 709 2381 Bes
725 2346 819 2382 enim
833 2350 887 2382 est
901 2346 1094 2393 perspicua.
1118 2346 1188 2382 Sed
1203 2346 1336 2392 aliquot
1350 2344 1576 2380 nihilominus
1587 2349 1680 2380 vete-

132 2415 210 2440 rum
233 2402 433 2439 testimonia
453 2401 652 2448 producam.
689 2402 844 2438 Primum
858 2402 1116 2439 Ladodicenum
1131 2413 1230 2438 conc.
1247 2402 1329 2438 Can.
1342 2414 1414 2438 xrx.
1430 2402 1467 2437 in
1481 2402 1631 2448 liturgiis
1646 2406 1682 2437 et

133 2460 326 2507 synaxibus
348 2458 442 2494 hunc
463 2458 666 2505 praescribit
687 2459 853 2495 ordinem.
897 2459 980 2495 Post
1001 2459 1139 2496 habitos
1162 2460 1206 2495 ab
1230 2460 1393 2506 episcopo
1421 2469 1597 2494 sermones
1625 2470 1680 2494 ca-

132 2516 416 2553 techumenorum
437 2515 643 2557 succedebat
663 2516 783 2551 oratio.
817 2515 950 2558 Quibus
973 2517 1138 2563 digressis
1161 2527 1264 2563 super
1285 2516 1501 2563 poenitentes
1525 2516 1681 2551 orabant.

132 2574 161 2610 Ii
176 2575 243 2610 snb
258 2584 382 2609 manus
399 2573 587 2608 subeuntes
603 2572 665 2607 ubi
677 2577 908 2616 recesserant,
929 2577 1006 2609 tum
1026 2573 1181 2609 fidelium
1195 2573 1323 2620 triplex
1339 2574 1447 2608 oratio
1463 2573 1681 2620 concipieba-

132 2636 204 2667 tur:
227 2625 300 2666 Εἶθ’
317 2630 421 2670 οὕτως
437 2628 494 2674 τὴν
511 2628 634 2676 εἰρήνην
647 2628 810 2675 δίδοσθαι,
826 2629 933 2673 iubet,
949 2629 1003 2664 καὶ
1019 2627 1100 2677 μετὰ
1114 2630 1152 2664 τ“ο
1170 2629 1403 2677 πρεσβυτέρους
1419 2630 1531 2664 δοῦναι
1546 2633 1595 2676 τῷ
1611 2629 1679 2664 ἐπι-

134 2689 252 2734 σκόπῳ
267 2686 324 2732 τὴν
341 2685 476 2733 εἰρήνην,
500 2686 574 2720 τότε
589 2685 665 2725 τοὺς
680 2685 814 2725 λαῖκοὺς
829 2685 886 2730 τὴν
902 2684 1026 2732 εἰρήνην
1043 2687 1183 2732 διδόναι,
1207 2686 1261 2720 καὶ
1283 2686 1371 2720 οὔτω
1393 2685 1449 2731 τὴν
1471 2685 1564 2732 ἁγίαν
1581 2699 1679 2734 προς-

136 2743 238 2791 φορὰν
261 2742 484 2780 ἐπιτελεῖσθαι.
524 2743 605 2776 Tum
626 2755 714 2788 pax,
737 2742 866 2788 inquit,
890 2744 1024 2786 danda,
1047 2755 1146 2789 quam
1166 2744 1226 2778 ubi
1243 2746 1398 2790 episcopo
1413 2746 1604 2779 sacerdotes
1618 2748 1679 2779 im—

69 2799 72 2802 ’
129 2803 329 2848 pertin-int,
354 2802 441 2836 laici
462 2800 529 2835 eibi
550 2802 692 2835 invicem
716 2800 854 2836 dabunt.
905 2799 1093 2834 Secundum
1117 2812 1203 2846 quae
1223 2802 1428 2847 perficiatur
1453 2801 1588 2836 oblatio.
1633 2801 1680 2835 At

135 2857 357 2894 Innocentius
371 2857 480 2904 Epist.
492 2869 518 2894 r.
537 2856 581 2892 ad
596 2856 736 2892 Decent.
753 2866 828 2902 cap.
842 2867 865 2892 r.
883 2866 1004 2902 pacem
1018 2855 1177 2903 prohibet
1191 2860 1272 2893 ante
1285 2857 1385 2893 finita
1405 2858 1571 2904 mysteria
1593 2857 1678 2893 dari.

135 2915 262 2950 Pacem
277 2926 357 2959 erqo
373 2917 515 2957 asseris,
530 2914 654 2960 inquit,
671 2920 749 2948 ante
765 2915 919 2956 confecta
934 2916 1094 2958 mysteria
1109 2916 1268 2959 quosdam
1277 2916 1414 2961 populis
1429 2917 1610 2961 imperare,
1626 2916 1680 2949 vel

136 2972 203 3007 sibi
216 2974 304 3007 inter
319 2972 512 3006 sacerdotes
527 2971 679 3013 tradere5
704 2981 776 3005 cum
794 2976 877 3018 post
896 2972 1025 3013 omnia,
1047 2982 1133 3018 quac
1156 2975 1294 3019 aperire
1315 2984 1380 3007 non
1403 2973 1518 3014 debeo,
1536 2984 1613 3019 pax
1633 2974 1681 3005 eit

1715 2244 1743 2270 p.
1755 2237 1814 2265 85³.
