2008 3294
163 1453 190 1477 p.
204 1442 264 1470 335.

299 187 469 225 ccxcw

508 382 569 417 AD
593 381 825 417 HAERESIM
847 382 1008 427 LXXX„
1032 383 1150 425 QUAE
1175 383 1259 417 EST
1282 382 1680 420 MASSALIANORUM.

388 462 429 498 N.
445 475 469 497 1.
501 461 729 496 Μασσαλιανοὶ
746 461 782 496 δὲ
798 458 888 496 οὗτοι
904 462 1105 507 καλοῦνται]
1149 463 1385 497 Theodoretus
1401 464 1460 498 lib.
1472 476 1519 499 1v.
1534 464 1659 500 Hister.
1678 475 1752 511 cap.
1766 476 1800 510 X„
1817 468 1852 499 et

297 520 356 554 lib.
371 532 418 554 ιν.
435 522 555 554 contra
569 519 755 562 Haereses,
779 519 1024 560 Μεσσαλιανοὶις
1050 520 1178 555 Graece
1203 519 1345 566 Εὖχίτας
1369 521 1533 567 appellari
1556 522 1692 564 scribit,
1727 525 1762 556 et
1777 519 1851 555 Ἐν-

299 573 508 622 θουσιαστὰς,
533 577 627 622 quod
649 576 771 611 afflatu
793 577 972 612 daemonis
988 578 1135 623 correpti
1151 577 1222 611 vim
1238 577 1334 612 illam
1351 588 1428 613 esse
1443 579 1585 625 spiritus
1602 579 1713 613 sancti
1729 579 1866 614 menti-¹

297 636 427 670 rentur.
458 632 568 668 Iidem
583 637 619 668 et
633 634 848 679 Adelpkiani
861 635 906 670 ab
922 634 1088 681 Adelphio
1099 661 1107 677 ,
1133 645 1236 680 quem
1257 634 1442 670 Flavianus
1458 634 1692 671 Autiochenus
1709 637 1851 671 damna-

297 691 363 732 vit,
387 694 422 725 et
444 690 640 736 Εὖφημῖται.
684 691 770 726 Vide
792 690 1064 732 Theodoretum,
1088 695 1123 726 et
1144 691 1306 726 Photium
1328 702 1424 728 num.
1450 704 1510 727 nu.
1557 692 1622 734 Qui
1644 693 1681 728 in
1703 694 1850 728 concilio

298 747 380 782 Side
395 748 433 782 iu
444 747 648 794 Pamphylia
660 749 830 784 celebrato
843 749 1090 784 condemnatos
1103 760 1179 783 esse
1196 748 1289 791 dicit,
1305 749 1473 795 pluraque
1489 749 1532 784 ad
1547 749 1639 784 idem
1654 750 1850 786 institutum

298 805 412 839 refert.
441 804 548 851 Origo
564 816 645 840 vero
662 806 903 852 appellationis
919 806 1012 840 illius
1029 807 1073 840 ab
1089 806 1258 840 Hebraica
1273 816 1356 840 voce
1373 805 1560 841 deducitur.
1592 806 1681 842 Nam
1706 789 1850 855 NS&

298 866 352 896 est
367 873 482 904 orare,
499 873 618 908 preces
634 862 788 898 fundere.
835 862 933 898 Unde
955 844 1114 924 rabam
1137 861 1167 896 οἱ
1183 862 1364 909 εὐχόμενοι.
1403 863 1453 897 Ac
1467 857 1610 909 proinde
1626 864 1850 904 Μεσσαλιοινὸς

299 930 361 964 per
377 931 408 962 ε,
426 930 515 965 quae
531 923 584 954 est
597 919 710 954 forma
724 919 869 955 Benoni.
1445 964 1447 966 ι

389 971 498 1009 Ἦσαν
512 975 547 1010 δὲ
560 976 623 1023 πρὸ
636 978 759 1023 χρόνου
772 977 882 1023 τινός]
910 977 1046 1023 Duplex
1062 978 1353 1012 Massalianorum
1369 988 1481 1024 genus
1497 977 1730 1024 distinguitur.
1762 977 1851 1013 Nam

298 1033 358 1066 alii
373 1035 473 1067 erant
487 1034 699 1079 antiquiores
715 1034 870 1080 merique
885 1034 1045 1080 gentiles,
1062 1035 1122 1069 alii
1138 1035 1181 1069 ab
1197 1035 1272 1070 istis
1284 1035 1467 1081 propagati
1479 1034 1711 1070 Christianum
1723 1047 1851 1070 nomen

298 1090 522 1135 usurpabant.
568 1090 619 1124 De
641 1092 857 1136 superiorum
872 1094 1044 1126 vetustate
1067 1095 1159 1126 certo
1176 1092 1398 1138 pronunciari
1413 1103 1483 1126 non
1499 1095 1622 1138 potest.
1668 1092 1755 1128 Nam
1771 1093 1851 1140 Epi-

297 1145 417 1192 phanii
431 1146 527 1181 locus
542 1147 608 1182 iste
625 1148 854 1193 ambiguitate
869 1159 941 1183 non
953 1153 1063 1191 vacat,
1081 1160 1169 1195 quae
1185 1149 1221 1184 in
1237 1149 1513 1195 interpunctione
1526 1149 1692 1185 consistit.
1714 1150 1851 1185 Etenim

299 1204 470 1250 suspicari
491 1215 678 1251 possumus
702 1205 752 1239 ita
774 1204 859 1239 haec
880 1216 956 1240 esse
977 1206 1228 1240 continuanda:
1252 1202 1334 1250 ἦσαν
1352 1205 1388 1240 δὲ
1404 1206 1467 1252 πρὸ
1485 1207 1608 1253 χρόνου
1624 1206 1708 1247 τινὸς
1725 1205 1769 1247 ὡς
1786 1205 1850 1241 ἀπὸ

299 1261 364 1294 τῶν
381 1261 502 1307 καιρῶν
519 1261 762 1307 Κωνσταντίου,
780 1261 834 1295 καὶ
851 1262 945 1308 δεῦρο
962 1259 1059 1296 ἄλλοι
1075 1261 1171 1296 πάλιν
1188 1262 1384 1309 Εὐφημῖται.
1416 1263 1528 1309 Atque
1551 1262 1619 1298 hoc
1638 1267 1738 1310 pacto
1761 1265 1851 1311 prio-

299 1329 372 1360 res,
394 1318 455 1364 qui
470 1321 505 1353 et
520 1319 684 1365 gentiles,
707 1318 902 1354 Constantii
915 1319 988 1354 fere
1003 1320 1216 1366 temporibus
1232 1319 1436 1367 prodierint,
1452 1321 1549 1355 alteri
1564 1332 1661 1364 vero,
1684 1325 1852 1368 tanquam

298 1377 446 1411 istorum
468 1377 696 1422 propagines,
723 1377 827 1422 paulo
849 1379 930 1411 ante
953 1388 1058 1423 quam
1079 1376 1164 1412 haec
1186 1376 1401 1424 Epiphanius
1423 1381 1722 1422 commentaretur,
1743 1390 1851 1415 emer-

298 1436 423 1469 serant.
455 1433 584 1468 Verum
601 1444 681 1468 cum
696 1444 768 1468 non
783 1433 887 1468 modo
903 1433 1121 1469 Frobeniana
1140 1434 1256 1477 editio,
1278 1434 1339 1469 sed
1361 1435 1467 1470 etiam
1483 1435 1615 1470 calamo
1639 1436 1772 1471 exarati
1794 1448 1851 1472 co-

299 1490 390 1525 dices
413 1493 517 1536 atque
540 1490 618 1537 ipsa
642 1490 800 1525 Cornarii
822 1491 1058 1538 interpretatio
1083 1495 1163 1526 ante
1186 1502 1308 1527 vocem
1337 1489 1434 1526 ἄλλοι
1460 1496 1494 1527 et
1520 1496 1600 1539 post
1626 1493 1720 1539 δεῦρο
1746 1494 1850 1529 inter-

297 1547 523 1594 punctionem
538 1547 740 1591 adhibeant,
764 1548 1034 1583 existimandum
1051 1552 1103 1583 est
1119 1549 1246 1584 alteros
1262 1549 1365 1592 istos,
1389 1549 1449 1595 qui
1472 1549 1559 1584 inter
1574 1550 1720 1595 gentiles
1735 1551 1850 1598 potius

297 1605 504 1640 numerandi
527 1609 625 1648 sunt,
650 1616 866 1651 quorumque
882 1605 926 1640 ad
949 1606 1212 1641 similitudinem
1235 1606 1444 1653 posteriores
1465 1607 1621 1653 expressi
1636 1610 1732 1651 sunt,
1754 1612 1850 1644 vetu-

298 1663 422 1698 stiores
445 1663 622 1706 extitisse,
645 1673 686 1698 ac
710 1666 784 1697 tum
809 1662 947 1698 demum
971 1663 1037 1698 sub
1055 1663 1250 1699 Constantii
1272 1666 1430 1710 tempora
1451 1662 1748 1700 Semichristianos
1771 1665 1850 1701 illos

298 1723 439 1755 exortos
462 1719 582 1756 fuisse.
630 1719 866 1755 Theodoretus
891 1720 927 1755 in
950 1720 1078 1756 Histor.
1102 1720 1234 1757 Eccles.
1259 1720 1526 1767 imperatoribus
1549 1721 1790 1758 Valentiniano
1817 1726 1852 1759 et

298 1778 443 1812 Valente
458 1778 685 1812 Messalianos
702 1777 871 1824 prodiisse
888 1777 1018 1814 scribit.
1066 1777 1106 1813 In
1123 1789 1190 1824 quo
1208 1778 1251 1813 ab
1268 1777 1461 1824 Epiphanio
1478 1789 1547 1813 non
1563 1777 1741 1826 discrepat.
1786 1780 1850 1815 Hic

298 1835 391 1869 enirn
408 1833 453 1874 ὡς
469 1832 534 1869 ἀπὸ
551 1836 617 1868 τῶν
634 1836 754 1881 καιρῶν
774 1834 1017 1880 Κωνσταντίου,
1042 1834 1216 1876 πλατυκῶς
1241 1834 1295 1869 καὶ
1317 1835 1520 1881 ἀπορητικῶς
1537 1836 1668 1880 scribit,
1692 1837 1783 1883 quod
1807 1837 1850 1872 ad

299 1892 397 1927 initia
412 1892 648 1927 Valentiniani
671 1895 785 1938 potest
808 1892 958 1928 extendi.
1006 1891 1105 1934 Quod
1121 1893 1151 1927 si
1167 1892 1260 1939 prior
1275 1892 1336 1927 illa
1350 1893 1617 1939 interpungendi
1632 1894 1718 1929 ratio
1735 1894 1849 1942 magis

298 1949 456 1992 arrideat,
470 1953 546 1984 tum
561 1949 610 1984 ita
625 1949 802 1984 conciliari
816 1949 885 1984 ista
899 1953 1071 1995 poterunt,
1088 1952 1127 1984 ut
1141 1949 1344 1985 Messaliani
1359 1949 1554 1997 superiores
1567 1949 1774 1995 Constantii,
1790 1963 1848 1998 po-

300 2006 458 2041 steriores
470 2005 708 2042 Valentiniani
723 2006 936 2053 temporibus
953 2010 1068 2042 ortum
1083 2006 1277 2042 habuerint.

390 2062 556 2110 Iosephus
579 2063 737 2109 Scaliger
760 2062 901 2098 Elenchi
917 2074 992 2109 cap.
1007 2075 1130 2100 xxvnr.
1147 2063 1379 2099 Massalianos
1397 2063 1543 2099 Eeeaeos
1561 2065 1748 2112 appellatos
1773 2076 1848 2100 esse

299 2124 414 2167 putat,
439 2124 474 2155 et
497 2120 542 2155 ab
565 2120 608 2155 iis
631 2120 922 2155 Massalianorum
939 2124 1168 2166 propagatam
1185 2119 1354 2156 haeresin.
1387 2119 1476 2155 Nam
1491 2121 1612 2156 Esseni
1628 2120 1742 2157 Ἱκέται
1757 2123 1847 2169 apud

299 2177 478 2213 Philonem
490 2181 526 2213 et
537 2176 723 2212 Eusebium
741 2177 973 2212 nominantur.
999 2177 1043 2211 At
1058 2157 1216 2235 7³⁸b272
1233 2176 1370 2212 Iudaice
1386 2181 1439 2212 est
1453 2176 1573 2223 ἱκέτης,
1591 2178 1733 2226 εὖχίτης,
1752 2191 1848 2226 προς-

300 2235 486 2282 ευχόμενος.
519 2234 761 2270 Coniecturam
785 2234 966 2269 adstruunt
987 2234 1151 2280 pleraque
1167 2233 1458 2270 Massalianorum
1479 2234 1635 2271 instituta
1654 2247 1732 2271 cum
1749 2236 1849 2272 Esse-

301 2293 354 2327 nis
371 2291 588 2335 communia,
604 2295 643 2327 ut
658 2297 791 2339 praeter
805 2290 1041 2327 assiduitatem
1056 2290 1194 2334 orandi,
1209 2290 1477 2338 proseucbarum
1493 2303 1575 2328 usus
1592 2297 1625 2327 et
1641 2293 1675 2328 in
1692 2305 1750 2329 eas
1767 2295 1849 2330 stati

301 2352 506 2392 conventus,
521 2353 596 2384 tum
614 2346 776 2395 ἀντίφωνα
793 2352 827 2383 et
842 2347 937 2395 ᾦδαί.
971 2347 1109 2384 Accedit
1125 2347 1217 2395 quod
1234 2348 1450 2392 Messaliani,
1468 2352 1505 2384 ut
1520 2352 1554 2384 et
1570 2349 1705 2394 Essaei,
1721 2352 1793 2387 suis
1811 2363 1848 2387 se

300 2407 401 2442 bonis
418 2406 632 2442 abdicabant.
665 2405 775 2452 Igitur
790 2405 914 2453 partim
930 2405 1075 2442 ludaeos
1090 2405 1199 2440 fuisse
1216 2405 1353 2448 statuit,
1377 2405 1469 2452 quod
1486 2405 1530 2442 ab
1546 2405 1684 2443 Essonis
1701 2409 1846 2452 oriundi,

301 2464 425 2512 partim
446 2463 539 2510 quod
562 2461 874 2498 pseudochristiani
898 2473 935 2498 se
959 2462 1026 2498 illis
1050 2462 1333 2505 admiscuissent,
1357 2466 1463 2509 negat
1484 2462 1601 2499 fuisse.
1648 2464 1735 2501 Nam
1759 2466 1847 2501 inter

302 2525 437 2557 caetera
450 2520 599 2556 mendici
616 2523 724 2563 erant,
740 2520 860 2567 quales
873 2520 944 2555 veri
960 2519 1076 2555 Iudaei
1092 2531 1161 2555 non
1178 2523 1285 2562 eraut,
1302 2523 1440 2567 propter
1452 2518 1489 2555 rb
1502 2518 1703 2567 φιλάλληλον
1716 2533 1846 2567 eorum,

302 2578 393 2625 quod
409 2578 532 2614 divites
548 2589 618 2613 non
635 2578 810 2624 patiuntur
826 2577 1000 2613 tenuiores
1018 2576 1211 2613 mendicare
1227 2580 1288 2612 aut
1303 2576 1443 2613 esurire.
1466 2576 1556 2613 Haec
1573 2577 1741 2625 Scaliger3
1758 2590 1846 2626 quae

303 2646 324 2669 s
338 2636 492 2671 Serrario
509 2640 625 2671 nostro
642 2635 677 2670 in
693 2634 872 2670 Minervali
890 2634 1011 2670 merito
1029 2633 1261 2670 confutantur.
1298 2633 1360 2669 Est
1381 2634 1474 2670 euim
1494 2634 1715 2671 fallacissima
1736 2637 1845 2672 nomi-

303 2693 356 2727 nis
379 2693 593 2735 coniectura,
617 2696 753 2727 caetera
773 2702 854 2727 voro
879 2691 1007 2727 leviora
1031 2701 1135 2738 quam
1151 2694 1190 2727 ut
1205 2702 1268 2727 nos
1285 2691 1330 2727 ab
1346 2690 1526 2739 Epiphanii
1542 2693 1720 2728 autoritate
1738 2693 1845 2730 dimo·

303 2753 415 2784 vesnt.
457 2749 525 2785 Sed
541 2749 627 2785 illud
643 2759 727 2784 sane
744 2748 942 2791 ridiculum,
966 2748 1057 2795 quod
1073 2748 1251 2784 mendicos
1267 2751 1373 2795 negat
1386 2747 1491 2784 fuisse
1508 2748 1676 2801 ludaeos..
1700 2750 1785 2786 Cum
1809 2752 1845 2787 in

304 2806 495 2851 evangeliis
511 2810 546 2842 ot
561 2806 695 2841 actibus
711 2805 946 2853 apostolorum
968 2806 1130 2853 exempla
1153 2805 1386 2842 mendicorum
1409 2805 1479 2841 sint.
1501 2805 1665 2852 plurima,
1688 2808 1844 2856 interque

304 2867 458 2898 caeteros
474 2863 621 2898 mendici
638 2863 774 2906 Lazari,
798 2874 900 2910 quom
924 2874 1042 2899 verum
1069 2862 1231 2899 Iudaeum
1256 2862 1411 2899 extitisse
1433 2861 1577 2898 inficiari
1599 2875 1698 2900 nemo
1721 2868 1844 2913 potest.

306 2920 374 2957 sod
390 2920 432 2956 de
447 2919 500 2955 his
516 2920 653 2966 copioso
670 2920 853 2955 Serrarius.

396 2975 515 3020 Μηδινὶ
533 2975 631 3022 μηὸὶν
650 2979 929 3022 προσκυνοῦντες.]
962 2975 1063 3013 Forte
1079 2977 1191 3025 μηδενὶ
1207 2977 1252 3012 δέ.

396 3029 489 3074 Τινὲς
503 3032 536 3068 ὀὶ
550 3031 654 3073 οἴκους
668 3030 791 3073 tauron
805 3034 1125 3079 κατασκιυάσαντις.]
1154 3034 1264 3081 mapa<
1281 3044 1302 3070 a
1317 3033 1559 3070 recentioribus
1575 3034 1714 3071 Graeci·
1731 3035 1843 3072 sorum
