2008 3294
1606 230 1728 266 CCXV

177 332 235 370 ille
257 332 332 379 ipse
350 331 411 378 qui
432 332 574 369 admisit
603 336 781 379 exponat?
828 331 1052 369 Confessione
1073 332 1180 378 igitur
1201 343 1242 368 ac
1258 333 1492 369 declaratione
1507 333 1625 380 aliqua
1641 344 1728 381 opus

177 391 240 424 est..
283 388 335 426 Ee
349 399 430 426 vero
445 389 582 435 privata
597 400 638 425 ac
653 390 776 433 tacita,
800 393 838 427 ut
851 388 952 426 hodie
969 394 1039 432 est,
1054 389 1104 424 ita
1119 394 1284 437 perpetuo
1301 390 1385 433 fuit3
1406 401 1470 426 nec
1487 390 1558 427 ulla
1574 401 1727 437 unquam

175 445 317 491 publica
330 456 398 484 usu
411 456 453 480 ae
468 446 624 483 moribus
643 447 808 483 ecclesiae
830 449 983 493 receptu
1006 446 1099 493 quod
1119 451 1295 494 postremo
1320 448 1396 483 loco
1421 447 1727 484 demonstrandum

176 513 404 549 suscepmus.

173 603 396 641 FUERITNE
419 604 643 648 QUONDAM
670 605 862 643 PUBLIGA
884 605 1187 643 PEGCATORUM
1211 605 1456 643 CONFESSIO
1481 606 1725 643 ΕΟΟΒΕΒῘΑΕ

727 661 928 703 MORIBUS
952 662 1166 700 RECEPTA.

262 730 470 768 Inveteravit
484 731 568 767 haec
583 733 675 779 apud
687 732 958 780 quamplurimos
975 732 1098 767 aetatis
1114 735 1254 767 nostrae
1271 734 1456 779 scriptores
1470 734 1597 780 opinio,
1613 734 1726 780 publi·

173 798 250 825 cam
271 791 490 834 peccatorum
510 789 765 827 confessionem
787 789 1020 837 poenitentiae
1040 793 1175 836 partem
1197 789 1324 832 fuisse,
1349 791 1563 837 eandemque
1583 791 1725 838 perinde

173 848 212 883 ut
225 849 361 881 caetera
374 845 468 883 illius
485 846 602 882 officia
617 847 795 883 communi
809 857 875 884 usu
890 857 931 884 so
946 846 1194 883 consuetudine
1210 851 1398 894 receptam.
1446 847 1514 883 Sed
1531 848 1726 884 cuiusmodi

172 902 312 941 domum
335 913 376 938 ea
398 902 518 946 fuerit,
543 903 738 950 quibusque
754 903 896 941 definita
909 907 1131 950 peccatorum
1154 904 1359 950 generibus,
1381 916 1452 939 non
1476 905 1596 940 eodem
1621 905 1724 941 modo

135 968 138 972 ·
170 959 402 1004 pronunciant
417 971 555 1003 omnes,
572 971 691 997 verum
708 961 767 997 elii
781 960 1012 1003 tolerabilem,
1028 960 1088 1003 alii
1102 971 1243 1007 prorsus
1260 961 1449 996 absurdum
1466 960 1557 997 bunc
1574 973 1725 999 errorem

170 1015 452 1063 interpretatione
469 1028 534 1053 sua
548 1017 690 1054 faciunt.

259 1073 369 1109 Fuere
386 1075 446 1120 qui
461 1075 595 1111 nullum
610 1078 830 1122 peccatorum
846 1084 957 1121 genus
974 1085 996 1111 a
1009 1051 1169 1121 publicae
1182 1075 1259 1120 lege
1272 1074 1499 1111 confessionis
1514 1077 1723 1124 exciperent,

170 1140 214 1166 ne
229 1130 366 1166 occulta
381 1131 538 1177 quidem,
556 1142 643 1178 qnos
659 1131 897 1178 prudentiores
914 1132 1040 1167 caeteri
1055 1132 1178 1167 merito
1195 1132 1398 1167 reiiciendos
1415 1137 1549 1179 putant.
1581 1134 1648 1168 Alii
1660 1145 1723 1181 pu·
1750 1153 1756 1157 -

171 1187 261 1223 blica
275 1187 448 1224 duntaxat
464 1188 607 1225 crimina
622 1189 795 1235 vulgoque
811 1188 951 1235 cognita
967 1189 1126 1236 publicae
1142 1188 1193 1224 illi
1207 1189 1416 1236 professioni
1431 1190 1631 1225 subiiciunt.
1656 1191 1723 1226 Alii

169 1244 317 1291 denique
339 1248 434 1280 certa
457 1245 628 1285 duntaxat
650 1256 694 1281 ex
718 1246 880 1283 omnibus
904 1256 926 1282 ι
945 1246 1177 1293 poenitentiae
1199 1246 1415 1293 praesidibus
1432 1246 1566 1283 delecta
1581 1252 1722 1284 conten-

169 1300 265 1338 dunt.
296 1301 429 1349 Rursus
445 1302 552 1349 aliqui
568 1302 786 1349 poenitentes
802 1303 897 1350 ipsos
913 1307 1074 1339 asserunt
1089 1303 1126 1338 in
1143 1304 1345 1339 concionem
1362 1303 1548 1351 productos
1565 1315 1629 1340 sua
1644 1316 1721 1353 pro-

167 1358 285 1404 palam
300 1362 442 1405 peccata
456 1359 653 1402 confessos,
669 1359 744 1403 alii,
760 1371 830 1407 quo
846 1360 985 1396 illorum
1001 1360 1125 1408 pudori
1140 1361 1386 1403 consuleretur,
1403 1372 1462 1396 eas
1477 1367 1594 1408 partes
1610 1373 1720 1398 sacer-

167 1414 305 1457 dotibus
330 1415 545 1454 damnandas
566 1420 748 1463 putarunt,
772 1417 832 1464 qui
854 1421 916 1453 aut
937 1418 1147 1460 memoriter,
1171 1422 1230 1454 aut
1252 1429 1296 1453 ex
1319 1418 1447 1464 scripto
1469 1419 1722 1466 poenitentium

167 1472 314 1510 crimina
328 1473 364 1510 in
379 1473 545 1520 populum
562 1472 734 1511 efferrent.

256 1529 287 1564 A
302 1530 428 1576 quibus
445 1530 606 1568 omuibus
622 1530 841 1569 vehementer
856 1541 922 1579 ego
945 1531 1122 1568 dissentio.
1169 1528 1290 1580 Neque
1314 1532 1407 1569 enim
1432 1533 1555 1569 adduci
1577 1545 1720 1581 possum

166 1590 207 1622 ut
228 1586 422 1625 existimem
446 1588 561 1634 leg-m
583 1588 688 1625 ullam
712 1588 748 1625 in
772 1588 918 1625 ecclesia
939 1588 1048 1625 fuisse
1072 1600 1228 1637 unquam
1252 1590 1438 1632 eiusmodi,
1463 1601 1553 1639 quae
1576 1596 1720 1638 peccata

165 1642 311 1689 proferri
325 1643 463 1690 publice
477 1645 676 1682 decreverit.
698 1644 816 1681 Fuerit
827 1645 920 1681 enim
932 1645 1104 1683 interdum
1117 1646 1254 1693 aliquis,
1271 1647 1331 1693 qui
1342 1647 1555 1683 abundantia
1569 1648 1719 1695 quadam

166 1699 293 1739 doloris
309 1711 350 1737 ae
364 1701 502 1748 pietatis
518 1701 643 1740 delicta
657 1713 722 1739 sua
741 1712 858 1739 coram
881 1703 1043 1739 omnibus
1065 1704 1279 1751 exposuerit,
1301 1715 1524 1751 nequaquam
1545 1708 1661 1741 tamen
1683 1705 1718 1741 id

165 1756 203 1794 iu
217 1758 417 1804 exemplum
433 1759 787 1806 consuetudinemque
802 1760 875 1796 iure
891 1763 1007 1806 potest
1021 1760 1210 1797 transferri.
1258 1760 1327 1797 Sed
1350 1765 1388 1796 nt
1410 1762 1524 1808 magis
1547 1762 1582 1798 in
1603 1772 1718 1799 arcem

165 1815 380 1860 quaestionis
402 1815 495 1853 illius
517 1816 730 1859 involemus,
759 1817 938 1864 utriusque
966 1822 1143 1853 momenta
1169 1818 1277 1865 partis
1303 1822 1338 1853 et
1359 1818 1512 1866 pondera
1535 1818 1718 1866 diligenter

164 1871 380 1908 aestimauda
394 1876 492 1916 sunt,
507 1874 686 1919 negantis,
701 1874 862 1920 inquam,
878 1885 978 1910 meae
994 1878 1029 1909 et
1044 1874 1250 1910 affirmantis
1266 1875 1417 1911 alterius.

253 1928 348 1967 Haeo
363 1929 471 1975 igitur
487 1941 531 1965 ex
547 1929 754 1971 Nectariaua
772 1931 833 1967 illa
846 1930 992 1969 historia
1007 1934 1089 1968 nata
1103 1933 1326 1979 potissimum
1342 1932 1485 1969 videtur.
1510 1931 1620 1975 Quam
1637 1944 1717 1970 cum

163 1985 274 2024 nostri
289 1987 453 2025 acernum
469 1987 514 2025 sb
529 1986 712 2025 haereticis
729 1988 859 2034 opponi
874 1991 1070 2031 cernerent,
1093 2000 1218 2036 neque.
1228 1990 1336 2025 alium
1354 1990 1487 2026 exitum
1505 1989 1715 2027 difficultatis

163 2042 325 2092 expedire
339 2047 500 2094 possent,
523 2044 703 2090 ingeniose
726 2044 820 2082 istud
842 2055 882 2080 ac
904 2046 1047 2081 solerter
1069 2047 1324 2092 excogitarunt.
1372 2046 1543 2083 Videbunt
1566 2049 1656 2085 enim
1681 2048 1716 2084 id

163 2099 304 2138 omnino
320 2100 496 2137 sublatum
512 2111 534 2135 a
548 2099 727 2144 Nectario‚
749 2101 840 2137 unde
862 2106 960 2138 tanta
983 2113 1021 2138 se
1044 2103 1193 2139 invidiae
1216 2102 1357 2141 flamma
1380 2105 1595 2141 concitasset.
1642 2105 1715 2141 Hoc

162 2160 280 2193 autem
294 2157 379 2203 quid
393 2157 488 2196 aliud
503 2168 596 2201 esse,
620 2168 726 2204 quam
747 2158 783 2195 id
805 2170 849 2195 ex
874 2170 941 2206 quo
965 2162 1142 2197 matronae
1158 2164 1317 2207 stuprum
1333 2172 1373 2196 ac
1389 2161 1526 2197 diaconi
1541 2160 1715 2208 flagitium

161 2217 322 2253 manarat
334 2214 371 2252 in
386 2214 576 2261 populum?
614 2214 701 2253 Eam
716 2227 797 2252 vero
813 2217 933 2264 procul
949 2216 1053 2253 dubio
1070 2217 1323 2254 confessionem
1339 2217 1464 2262 fuisse,
1488 2219 1580 2266 quod
1603 2219 1650 2254 ita
1666 2220 1713 2254 la-

161 2271 232 2309 tine
252 2271 347 2318 apud
369 2270 548 2308 Socratem
570 2272 757 2316 legeretur:
788 2273 915 2308 Mulier
940 2275 1072 2321 lonqius
1099 2277 1134 2310 in
1162 2276 1345 2321 confitendo
1361 2287 1560 2322 proqressa.
1608 2275 1712 2311 Nefas

161 2332 281 2366 autem
296 2331 348 2371 est
363 2329 522 2365 arbitrari
537 2329 710 2376 privatam
732 2333 766 2364 et
781 2340 803 2368 a
818 2329 977 2367 Nectario
1000 2331 1254 2367 confessionem
1278 2337 1465 2374 extortam,
1488 2337 1522 2368 et
1545 2332 1635 2378 quod
1658 2343 1712 2367 ca-

161 2389 225 2432 put
239 2388 310 2430 est,
330 2386 375 2423 ab
397 2385 489 2421 illius
513 2397 713 2422 successore
730 2385 979 2433 Chrysostomo
995 2389 1138 2425 minime
1154 2393 1362 2425 revocatam.
1411 2388 1463 2423 Ob
1487 2399 1545 2423 eas
1569 2399 1711 2425 caussas

161 2441 305 2481 dubium
320 2442 453 2480 nemini
466 2443 534 2479 fuit
549 2443 632 2489 quin
648 2446 783 2489 praeter
796 2445 970 2490 privatam
984 2445 1080 2481 illam
1104 2457 1144 2480 ac
1166 2446 1378 2492 legitimam,
1402 2449 1436 2480 et
1451 2456 1531 2480 vero
1555 2457 1711 2482 necessa-

160 2500 266 2542 riam,
283 2499 480 2546 quaerenda
495 2506 588 2536 esset
603 2500 729 2542 altera,
744 2501 1053 2549 constituendaque
1067 2503 1219 2550 publica.
1244 2502 1308 2539 Cui
1319 2501 1544 2538 stabiliendae
1557 2513 1710 2539 assereu-

161 2555 294 2603 duoque
305 2556 402 2592 varia
415 2556 637 2603 postmodum
652 2556 824 2603 praesidia
839 2558 1116 2606 conquisierunt,
1133 2570 1176 2594 ex
1195 2559 1423 2606 quorumdam
1438 2558 1502 2594 ΡΡ.
1519 2560 1710 2596 autoritati·

161 2613 245 2656 bus,
266 2616 342 2649 tum
356 2624 436 2649 vero
458 2613 746 2659 exhomologesin
766 2614 864 2650 illam
887 2625 927 2650 eo
948 2618 1148 2659 traxerunt,
1170 2616 1267 2651 cuius
1283 2616 1471 2662 antiquitas
1487 2616 1599 2653 omnis
1616 2615 1709 2653 Chri-

162 2670 274 2710 stiana
295 2681 460 2717 persaepe
483 2671 652 2706 meminit.
696 2670 789 2705 Haec
811 2671 949 2706 illorum
973 2673 1060 2707 ratio
1084 2672 1160 2708 fuit.
1205 2671 1333 2707 Nostra
1352 2683 1434 2708 vero
1458 2676 1510 2709 est
1532 2674 1709 2710 eiusmodi.

164 2724 251 2765 Cum
269 2726 312 2762 de
333 2727 457 2773 priscis
479 2727 645 2762 ecclesiae
666 2727 791 2762 ritibus
813 2728 938 2774 agitur,
962 2727 1048 2764 nihil
1069 2732 1198 2764 temere
1221 2740 1284 2764 nec
1306 2729 1436 2776 absque
1450 2733 1606 2765 veterum
1628 2731 1709 2766 scri-

163 2785 299 2828 ptorum
314 2784 488 2830 expressis
504 2783 711 2820 testimoniis
727 2782 950 2819 afferendum.
973 2783 1092 2831 Neque
1106 2786 1197 2821 enim
1209 2785 1244 2820 id
1256 2797 1364 2823 unum
1375 2787 1502 2823 intueri
1518 2788 1603 2823 satis
1620 2799 1707 2832 esse,

165 2849 268 2884 quam
282 2842 316 2875 te
331 2840 556 2886 probabiliter
572 2852 591 2875 e
605 2841 739 2887 laqueis
757 2841 968 2887 quaestionis
986 2842 1129 2877 alicuius
1147 2843 1318 2889 explices,
1335 2843 1427 2889 quod
1442 2844 1478 2879 in
1493 2842 1707 2881 scholasticis

164 2896 404 2933 controversiis
426 2908 491 2932 usu
511 2898 622 2940 venit,
646 2897 706 2932 sed
728 2897 955 2944 quodcunque
979 2898 1119 2934 demum
1139 2900 1344 2945 antiquioris
1367 2901 1532 2939 ecclesiae
1553 2903 1707 2938 moribus

164 2950 402 2998 adscripseris,
417 2952 519 2989 huius
537 2965 582 2989 ex
597 2953 740 2990 historia
756 2954 820 2989 tibi
835 2955 1016 2990 veritatem
1032 2966 1108 2990 esse
1124 2957 1376 3002 praestandam.
1399 2958 1472 2994 Iam
1483 2969 1563 2994 vero
1580 2958 1634 2994 hic
1650 2959 1707 2995 ille

165 3007 391 3044 confessionis
406 3010 564 3055 publicae
579 3022 674 3054 mos,
690 3021 758 3056 quo
775 3010 816 3046 de
833 3011 960 3057 agitur,
976 3022 1046 3046 non
1058 3012 1161 3048 modo
1175 3013 1323 3048 solidum
1334 3013 1439 3050 habet
1453 3014 1554 3058 nihil,
1572 3020 1630 3051 aut
1647 3027 1706 3051 ex-

168 3075 326 3111 pressum
343 3075 386 3100 ex
403 3067 498 3103 omni
512 3068 692 3104 vetustatis
709 3068 892 3113 memoria,
917 3079 984 3116 quo
1004 3069 1094 3104 tueri
1108 3079 1186 3106 sese
1199 3071 1328 3119 possit,
1351 3071 1412 3107 sed
1433 3073 1552 3108 multis
1568 3073 1706 3108 validis-

1752 1834 1779 1859 p.
1792 1826 1850 1853 ²46.
