2008 3294
1618 181 1698 219 CIX

146 287 353 336 inquirendo
368 291 580 324 *consecutus
600 287 752 331 fueram,
774 297 846 324 non
867 289 908 322 ut
928 286 974 322 ab
995 286 1065 322 illis
1086 290 1246 334 accepta,
1269 287 1332 322 sed
1354 290 1396 323 ut
1409 295 1502 323 ame
1517 286 1622 322 etiam
1637 296 1699 321 ex-

146 346 298 393 cogitata
310 355 512 393 proponere.

235 403 329 450 Ergo
351 402 398 439 ad·
416 402 620 438 elevandam
641 401 780 449 Iosephi
797 401 903 444 iidem
926 411 946 436 e
965 401 1086 436 multis
1101 401 1177 436 eius
1193 401 1367 437 erroribus
1382 400 1418 437 lri
1432 401 1529 436 velut
1540 401 1698 447 insignes

146 471 188 496 ac
202 459 365 508 palmarii
375 463 613 496 numerantur.
643 459 799 495 Primum
821 457 915 506 quod
932 462 1056 493 exacto
1075 458 1240 494 Archelao
1256 458 1421 501 Quirinus
1436 459 1474 494 in
1488 458 1628 505 Syriam
1642 458 1697 494 Iu·

146 518 338 565 daeamque
351 516 490 553 mis-ua
499 527 575 552 esse
591 516 726 560 dicitur,
742 527 835 552 anno
849 526 983 552 mvn.
1000 519 1082 562 post
1095 516 1274 551 Actiacam
1287 526 1455 562 pugnam.
1491 516 1631 558 Verum,
1645 515 1699 550 in-

146 575 239 622 quit,
261 578 294 610 si
306 574 394 610 haee
415 576 466 610 ad
485 581 642 610 nactam
658 581 839 620 temporum
853 575 1020 609 rationem
1034 575 1186 618 referas,
1193 574 1297 618 salsa
1312 585 1382 608 esee
1391 574 1519 620 procul
1532 573 1633 608 dubio
1645 575 1698 608 in-

145 635 269 669 venies.
311 631 406 667 Nam
429 634 462 666 si
474 642 627 666 numeres
643 642 751 666 annos
764 633 822 678 qm·
834 632 1067 666 deseramur
1079 630 1123 665 ab
1139 630 1294 664 Actiaca
1305 642 1442 676 pugna,
1458 643 1544 676 quae
1559 633 1702 676 eomqit

146 690 302 736 Anqueto
315 699 369 726 m.
388 695 419 724 et
434 688 588 724 Messala
606 700 708 731 coss„
724 699 831 723 annos
845 699 916 723 esee
929 698 977 722 ιι,
996 687 1144 732 colliqes.
1189 686 1260 722 Sed
1280 686 1366 722 haec
1387 687 1613 723 hallucinatio
1636 691 1698 723 est.

145 746 236 783 Nam
250 746 395 782 Actiaca
406 755 529 793 pugna
542 745 666 781 incidit
678 745 715 781 in
731 755 863 780 annum
874 743 977 780 Urbis
993 754 1181 787 uocum„
1195 744 1317 779 Iulian.
1331 756 1400 788 xv„
1415 745 1605 780 Archelaus
1616 756 1698 780 vero

144 803 358 850 proscriptus
373 807 427 839 est
441 814 532 838 anno
545 802 647 838 Urbis
660 812 820 845 ουσιαι,
834 801 971 838 Iuliano
984 812 1032 837 u.
1055 800 1190 848 Quippe
1206 801 1272 836 Dio
1288 801 1333 836 ad
1344 800 1437 837 hunc
1452 813 1582 838 annum
1598 806 1699 838 autor

146 862 202 896 est
214 860 387 896 Herodem
402 859 640 896 Palaestinam
655 871 678 895 a
690 859 857 895 fratribus
871 862 1075 895 accusatum
1089 862 1187 894 trans
1202 858 1308 905 Alpes
1320 859 1516 905 relegatum
1526 886 1535 902 ‚
1556 860 1699 906 eiusque

145 916 313 954 ditionem
326 917 363 953 in
378 917 594 965 provinciam
608 918 793 953 redactam.
822 918 944 952 Annus
959 927 1062 964 porro
1078 915 1234 953 Iulianus
1250 927 1297 951 u.
1311 915 1507 952 tricesimus
1529 918 1698 964 septimus

145 977 200 1010 est·
214 983 237 1010 a
251 985 310 1011 xv.
340 974 448 1010 Recte
463 975 581 1022 itaque
595 973 763 1021 Iosephus
777 973 992 1010 tricesimum
1007 973 1196 1021 septimum
1210 972 1400 1009 adnotavit.

235 1030 397 1068 Secundo
413 1033 533 1067 iisdem
548 1034 585 1067 in
601 1033 686 1067 Iocis
700 1031 866 1078 Iosephus
879 1032 921 1066 dc
936 1031 1113 1067 consulatu
1130 1031 1272 1072 Qua-’Ans'
1291 1033 1454 1073 sum-init,
1478 1034 1578 1078 quaes·
1600 1033 1642 1067 de
1661 1044 1700 1068 rc

147 1089 326 1124 admodum
346 1092 492 1131 recenti}
524 1100 581 1142 ex·
592 1101 655 1136 quo
683 1091 793 1132 fastos
813 1089 908 1124 illum
934 1089 1130 1123 canalaus
1148 1090 1328 1134 iqnomsee
1352 1094 1479 1124 certum
1500 1095 1559 1124 eet.
1605 1089 1700 1124 Nam

151 1146 330 1186 Quirinum
347 1158 416 1181 una
433 1158 507 1181 cum
518 1146 714 1181 Acutiliano
730 1147 862 1192 collega
882 1151 962 1181 ante
984 1157 1092 1181 annos
1106 1156 1183 1181 xxn
1204 1146 1412 1180 consulatum
1422 1148 1566 1192 qessieee
1581 1153 1632 1181 est
1645 1159 1700 1181 ex-

141 1204 420 1249 ploratissimum.
465 1202 562 1239 Nihil
580 1202 752 1239 eiusnodi
770 1201 939 1250 Iosephus
957 1203 1012 1238 vel
1032 1203 1209 1251 levissime
1230 1202 1458 1249 significavit3
1481 1203 1700 1239 consularem

147 1259 320 1296 duntaxat
331 1260 448 1304 illum,
464 1259 530 1296 boc
545 1263 598 1296 est
613 1259 780 1307 inanxos,
797 1264 954 1296 exn-emo
968 1259 1029 1295 lib.
1044 1272 1131 1296 xvu.
1145 1260 1314 1296 nominat.
1348 1260 1494 1296 Constat
1507 1264 1624 1296 autem
1639 1272 1700 1296 eos

147 1318 208 1364 qui
230 1317 451 1354 consulatum
473 1318 581 1354 semel
609 1317 648 1354 in
668 1317 743 1367 vita
764 1317 959 1364 gessissent
987 1317 1188 1354 consulares
1216 1317 1380 1366 deinceps
1409 1319 1600 1366 appellatos
1611 1345 1620 1362 ,
1650 1319 1702 1354 uti

146 1374 389 1422 Triumphales
397 1401 406 1418 ,
422 1375 484 1422 qui
498 1374 685 1422 aliquando
698 1373 982 1422 triumphassent.

236 1432 352 1469 Tertio
368 1432 520 1468 Herodis
541 1433 665 1468 obitus·
681 1433 815 1468 &ennio
836 1439 915 1468 ante
932 1431 1102 1467 caricem
1121 1438 1236 1467 natan
1255 1439 1416 1468 recenset.
1446 1433 1570 1480 Itaque
1590 1436 1623 1468 ει·
1645 1433 1701 1468 Io-

146 1489 248 1536 seplw
265 1491 378 1525 demus
393 1501 514 1533 aures,
528 1501 615 1535 quoe
631 1502 654 1525 a
669 1489 772 1524 Luca
786 1495 820 1525 et
832 1489 1010 1525 Matthaco
1026 1490 1069 1524 de
1082 1489 1221 1525 Herode
1235 1492 1370 1536 scr-‘pra
1384 1492 1542 1537 suntfide
1557 1498 1703 1526 careant

147 1558 280 1582 neeesse
294 1553 355 1584 cet.
386 1546 466 1582 Non
481 1546 567 1583 satis
582 1546 683 1584 dixit.
713 1545 835 1593 Neque
850 1546 944 1582 euim
959 1546 1116 1590 biennio,
1139 1546 1200 1582 sed
1216 1546 1442 1594 quadriennio
1464 1547 1591 1591 ferme,
1604 1552 1701 1583 nata-

146 1604 216 1639 lem
228 1602 358 1640 Christi
366 1604 564 1651 vulgarem,
578 1603 833 1650 Dionysianum
843 1614 925 1639 vero
938 1604 1043 1639 etiam
1056 1604 1294 1651 quinquennio
1308 1605 1502 1641 antevertit.
1525 1605 1595 1641 Sed
1609 1604 1702 1641 hunc

147 1660 264 1708 ipsum
277 1671 400 1697 verum
414 1672 492 1696 esse
502 1661 656 1697 natalem
671 1671 717 1696 ex
730 1659 908 1696 Matthaeo
923 1661 980 1696 vel
993 1660 1088 1696 Luca
1103 1661 1238 1708 colligi,
1253 1661 1290 1696 id
1305 1665 1506 1698 constanter
1517 1673 1701 1709 negamus.

237 1717 408 1761 Quartum
430 1718 685 1755 inconstantiae
705 1718 881 1765 specimen
903 1721 957 1753 est
978 1717 1071 1764 quod
1091 1728 1183 1754 anuo
1199 1731 1271 1754 xvr.
1292 1718 1440 1755 Herodis
1461 1720 1556 1766 regis
1572 1720 1701 1755 Varum

146 1775 342 1822 praesidem
357 1775 480 1822 Syriae
494 1775 602 1812 fuisse
616 1778 734 1811 narrat
747 1775 807 1810 lib.
824 1787 881 1810 xv.
905 1785 980 1822 cap.
995 1787 1090 1819 xm„
1110 1778 1193 1822 post
1206 1779 1325 1812 autem
1339 1777 1390 1812 ait
1403 1777 1552 1812 eundem
1567 1787 1702 1812 sucees-

147 1833 237 1868 sisse
252 1832 372 1873 Sentio
387 1832 593 1876 Saturnino,
615 1838 708 1868 anno
729 1835 810 1868 ante
831 1831 978 1868 Herodis
1001 1832 1153 1876 obitum,
1174 1843 1255 1869 cum
1274 1833 1366 1869 intes·
1383 1837 1558 1880 utrunque
1575 1834 1702 1880 viginti

147 1890 231 1926 anni
243 1890 368 1926 saltem
382 1889 652 1927 intercesserint.
683 1889 792 1936 Atqui
811 1900 883 1924 non
899 1889 1014 1925 Varus
1028 1900 1050 1924 a
1064 1889 1210 1937 Iosepho
1225 1901 1368 1938 praeses
1381 1891 1442 1926 illo
1462 1892 1542 1927 loeo
1563 1891 1702 1934 dicitur,

147 1947 208 1982 sed
222 1947 342 1984 Varro.
388 1946 503 1990 Quare
518 1946 600 1991 αὕτη
616 1945 637 1991 ἡ
654 1945 806 1994 μήρινθος
823 1944 917 1981 οὐδὲν
934 1944 1067 1984 ἔσπασε.
1110 1946 1271 1994 Denique
1282 1958 1429 1991 novem,
1450 1948 1582 1995 inquit,
1595 1949 1702 1984 llere·

147 2003 199 2039 dis
222 2014 335 2040 annos
355 2003 598 2051 praetermisit.
641 2002 783 2040 Etenim
797 2014 879 2039 cum
890 2015 1016 2039 xxxvrr
1029 2004 1186 2050 regnarit
1205 2014 1334 2048 annos,
1356 2004 1483 2042 horum
1503 2006 1643 2042 initium
1657 2007 1701 2042 ab

146 2072 188 2096 eo
203 2061 280 2108 ipso
297 2071 407 2104 anno,
423 2070 493 2108 quo
507 2060 624 2096 navali
633 2060 766 2108 praelio
776 2061 891 2096 victus
902 2064 957 2096 est
966 2061 1156 2105 Antonius,
1169 2065 1324 2108 repetere
1336 2062 1472 2106 debuit,
1486 2063 1621 2099 Iuliano
1632 2075 1702 2106 xv„

145 2129 218 2154 nou
231 2127 253 2154 a
267 2129 316 2155 vr.
325 2144 335 2162 ,
356 2129 427 2165 quo
450 2129 496 2154 ex
511 2117 858 2154 Senatus-Consulto
874 2128 1024 2164 reguum
1038 2118 1185 2165 adeptus
1201 2123 1265 2155 est.
1297 2119 1378 2155 Ideo
1393 2124 1543 2157 mortem
1556 2121 1702 2156 Herodis

146 2175 298 2211 Annales
319 2175 358 2211 in
378 2184 512 2220 annum
534 2178 696 2211 octavum
715 2173 844 2211 Christi
865 2175 1070 2219 coniiciunt,
1093 2175 1223 2223 Lepido
1246 2179 1283 2212 et
1296 2177 1460 2212 Arruntio
1482 2188 1574 2213 coss.
1618 2178 1703 2213 Erat

147 2242 260 2268 annus
282 2231 386 2269 Urbis
407 2241 569 2276 nocam,
591 2231 748 2269 Iulianus
763 2244 830 2276 ιι,
852 2233 914 2280 qui
936 2236 1058 2270 sextus
1082 2243 1186 2269 aerae
1207 2234 1402 2270 communis
1425 2245 1502 2270 esse
1525 2234 1702 2281 debuerat,

146 2289 216 2324 nisi
230 2289 371 2325 biennio
388 2292 570 2336 peceatum
583 2288 687 2326 foret.

237 2346 285 2382 At
299 2349 511 2394 quantopere
525 2346 627 2382 illum
639 2346 728 2382 ratio
742 2345 874 2393 fugerit
886 2347 992 2394 paulo
1006 2350 1089 2395 post
1102 2348 1292 2391 constabit,
1312 2348 1374 2384 ubi
1395 2359 1483 2394 quae
1500 2348 1542 2384 de
1555 2348 1701 2384 Herodis

148 2403 248 2439 annis
264 2406 300 2439 et
313 2402 459 2440 historia
473 2403 623 2450 sparsim
637 2402 807 2450 Iosephus
820 2404 960 2447 inserit,
981 2404 1102 2451 paucis
1119 2405 1436 2451 perstrinxerimus.
1464 2405 1582 2441 Prima
1595 2406 1702 2441 Hero·

149 2460 201 2495 dis
224 2459 316 2507 apud
339 2460 508 2496 eximium
523 2459 617 2496 hunc
637 2460 841 2506 scriptorem
861 2461 991 2497 mentio
1012 2461 1055 2496 fit
1073 2462 1134 2497 lib.
1150 2474 1222 2497 xrv.
1238 2461 1334 2508 Orig.
1350 2472 1424 2508 cap.
1440 2474 1504 2499 xn.
1534 2462 1588 2498 Ibi
1602 2463 1702 2498 Anti-

147 2520 286 2564 patrum
299 2516 451 2564 Antipae
463 2517 502 2555 F.
522 2516 668 2553 Herodis
687 2520 868 2563 parentem
887 2518 1008 2554 scribit
1030 2528 1050 2554 e
1071 2518 1185 2564 Cypro
1207 2518 1375 2555 Arabissa
1393 2519 1549 2566 principe
1569 2519 1701 2556 femina

147 2574 301 2620 quinque
315 2574 511 2621 suscepisse
525 2574 671 2617 liberos,
691 2572 919 2618 Phasaelum,
938 2574 1130 2618 Herodem,
1149 2574 1354 2621 Iosepbum,
1374 2575 1562 2612 Pberoram
1583 2571 1625 2612 et'
1636 2577 1700 2612 Sa-

147 2630 275 2668 lomen.
305 2630 479 2675 Eundem,
495 2641 576 2668 cum
591 2630 758 2668 adversus
772 2630 1011 2668 Aristobulurn
1033 2632 1166 2668 bellum
1185 2636 1336 2678 gereret,
1356 2633 1486 2669 liberos
1506 2644 1591 2669 suos
1606 2635 1699 2682 apud
1734 2655 1764 2681 p,
1777 2647 1834 2675 122.

149 2687 305 2727 Arabum
317 2688 511 2735 pincipem
527 2688 743 2736 deposuisse.
767 2687 920 2724 Finitum
935 2689 1135 2724 est-bellum
1149 2688 1244 2725 istud
1257 2689 1516 2726 Aristobuleum
1531 2701 1625 2728 anno
1637 2693 1699 2728 illo

149 2755 218 2790 quo
241 2744 482 2791 Hierosolyma
501 2744 689 2792 Pompeius
713 2745 819 2791 cepit,
843 2755 932 2780 coss.
948 2744 1114 2781 Cicerone
1137 2749 1172 2780 et
1192 2745 1361 2790 Antonio,
1384 2751 1425 2783 ut
1446 2752 1550 2784 autor
1571 2752 1626 2784 est
1645 2749 1698 2784 Io-

149 2799 279 2847 sepbus
291 2800 352 2837 lib.
367 2812 440 2839 xiv.
457 2811 534 2848 cap.
549 2814 599 2844 v.,
614 2812 680 2838 nec
693 2812 766 2837 nou
781 2804 816 2836 et
829 2801 912 2844 Dio,
937 2801 1038 2839 Urbis
1053 2813 1099 2837 ex
1113 2802 1268 2839 Varrone
1282 2814 1406 2842 ncxcr.
1437 2805 1580 2852 Oportet
1592 2807 1700 2852 igitur

149 2857 322 2894 Herodem
335 2862 416 2894 ante
427 2857 521 2895 hune
535 2869 667 2895 annum
680 2858 790 2894 fuisse
805 2862 925 2894 natum
933 2884 943 2901 ,
959 2869 1063 2904 quem
1078 2859 1173 2905 apud
1185 2859 1335 2897 Arabem
1349 2866 1448 2908 pater
1462 2863 1670 2910 deposuerit.

239 2913 366 2951 Postea
384 2915 447 2951 lib.
460 2927 533 2952 xiv.
554 2927 586 2952 c.
603 2929 680 2959 xv.,
702 2926 783 2951 cum
798 2915 980 2962 Antipater
993 2916 1127 2952 Iuliano
1143 2916 1282 2953 Caesari
1297 2921 1474 2964 strenuam
1490 2921 1527 2955 in
1538 2922 1699 2967 Aegypto

150 2975 315 3007 navasset
334 2981 495 3018 operm,
518 2971 692 3019 ἐπίτροπος
715 2973 760 3007 ab
783 2983 825 3008 eo
841 2971 990 3009 Iudaeae
1009 2972 1124 3011 factus
1144 2978 1217 3018 est,
1239 2978 1276 3011 et
1291 2975 1456 3022 Hyrcano
1478 2978 1699 3024 pontificatus
