2008 3294
193 2677 219 2702 p.
236 2670 292 2697 1⁸7.

325 196 457 234 CXXII

322 301 514 336 Posideone
533 311 658 347 parum
679 300 861 336 commode
883 302 1033 336 sensisse
1055 301 1140 336 mihi
1154 301 1299 336 videtur.
1343 300 1498 336 Primum
1520 300 1768 336 Boedromioni
1780 301 1869 348 Pya-

322 359 545 404 nepsionem‚
567 369 639 393 non
652 358 979 394 Maemacterionem
999 357 1174 404 adiungit,
1196 357 1300 404 idque
1315 357 1550 404 compluribus
1565 358 1779 404 argumentis
1793 369 1870 405 per·

323 414 468 449 suadere
482 415 620 458 nititur3
636 425 724 460 quae
741 415 875 458 omnia,
890 415 922 451 si
932 416 1035 451 unius
1045 414 1324 461 Harpocrationis
1334 415 1574 450 testimonium
1585 415 1741 461 excipias
1750 441 1760 458 ‚
1774 415 1872 450 irrita

323 475 404 506 sunt
420 475 454 506 et
467 472 596 506 inania.
627 471 686 507 Sic
701 474 819 507 autem
833 472 1074 507 ratiocinatur:
1096 472 1316 518 Pyanepsion
1325 498 1334 514 ,
1354 475 1394 506 ut
1408 475 1508 507 autor
1523 475 1577 507 est
1591 472 1679 507 Plut.
1695 472 1809 508 Tract.
1826 472 1869 507 de

322 528 428 571 Iside,
443 529 603 575 congruit
617 528 737 575 Athyr,
752 529 819 564 hoc
833 532 887 564 est
899 528 1096 564 Novembri.
1122 528 1295 564 Posideon
1312 532 1429 564 autem
1445 532 1499 564 est
1513 529 1710 572 Ianuarius,
1726 532 1768 564 ut
1778 528 1870 564 Plut.

322 586 360 620 in
376 585 522 621 Caesare
538 586 675 629 scribit,
698 597 779 621 cum
802 597 938 633 semper
956 590 1037 633 post
1051 587 1211 621 brumam
1222 585 1380 632 incipiat.
1410 586 1524 633 Atque
1538 586 1631 621 idem
1645 586 1736 622 Plut.
1751 586 1790 621 in
1803 585 1871 621 De-

322 642 451 679 mosth.
467 647 538 678 tres
549 643 636 678 istos
647 653 786 678 menses
800 644 999 688 continuat,
1014 643 1322 689 Metagitnionem‚
1336 642 1628 678 Boedromionem
1637 669 1646 686 ‚
1661 643 1871 690 Pyanepsio-

322 711 414 734 nem.
446 699 535 735 Cum
545 700 653 746 igitur
667 703 703 735 et
712 700 934 748 Pyanepsion
948 701 995 736 sit
1005 700 1200 735 November
1215 703 1250 734 et
1260 699 1432 735 Posideon
1441 699 1620 735 Ianuarius
1628 727 1637 743 ,
1653 701 1770 735 nullus
1781 700 1871 735 alius

321 757 506 792 Decembri
521 767 711 804 congruere
724 761 842 804 potest
859 762 996 805 praeter
1015 757 1355 794 Maemacterionem.
1401 757 1456 792 Ad
1475 756 1562 792 haec
1582 757 1754 793 Diodorus
1777 757 1802 793 l.
1819 769 1871 793 ιιι.

321 814 504 849 continuat
518 813 582 850 hos
598 814 684 850 duos
698 825 839 850 menses
854 815 1182 851 Maemacterionem
1197 817 1231 849 et
1244 814 1484 850 Posideonem.

412 870 482 906 Sed
497 871 669 907 eiusmodi
683 875 738 907 est
751 872 840 908 ratio
855 872 1041 918 Scaligeri,
1057 875 1098 907 ut
1111 871 1156 906 ad
1171 871 1380 906 contrariam
1397 870 1511 907 Gazae
1526 871 1735 906 sententiam
1750 882 1872 918 appro-

323 927 474 963 bandam
488 929 600 975 aptior
613 929 806 976 excogitari
819 930 916 964 nulla
930 929 1051 976 possit.
1092 928 1182 963 Nam
1196 929 1227 963 si
1241 928 1461 975 Pyanepsion
1475 927 1664 964 Novembri
1676 928 1872 974 respondet,

322 986 604 1021 Hecatombaeon
625 990 744 1022 autem
765 987 871 1029 Iulio,
895 985 938 1021 ‘ut
957 986 1070 1021 eidem
1092 986 1270 1032 Scaligero
1293 986 1422 1032 placet,
1446 986 1679 1031 Metagitnion
1699 985 1872 1031 Augusto,

321 1042 555 1078 Boedromion
571 1042 786 1090 Septembri,
808 1043 886 1090 quis
903 1043 1088 1078 Octobrem
1111 1043 1200 1078 alius
1215 1046 1351 1089 praeter
1365 1042 1695 1079 Maemacterionem
1714 1042 1783 1078 sibi
1797 1042 1872 1078 vin-

322 1099 473 1134 dicabit?
502 1099 656 1135 Pessime
670 1100 787 1146 itaque
803 1106 962 1147 quartam
976 1101 1028 1135 illi
1043 1100 1163 1135 sedem
1178 1100 1352 1142 attribuit,
1376 1111 1417 1135 ac
1436 1101 1503 1134 τῶν
1527 1097 1699 1146 ὄπωρινῶν
1722 1099 1873 1146 primum

321 1157 421 1199 facit,
444 1157 476 1192 si
490 1156 677 1192 Novembri
698 1157 870 1203 congruit.
900 1157 994 1193 Sane
1008 1158 1287 1204 Pyanepsionem
1303 1157 1464 1203 quintum
1479 1157 1595 1203 potius
1611 1167 1719 1203 quam
1733 1169 1779 1192 iv.
1795 1167 1873 1192 esse

322 1213 576 1249 numerandum
591 1225 637 1249 ex
652 1225 693 1249 eo
710 1214 896 1260 colligitur,
912 1215 1006 1262 quod
1020 1214 1126 1250 hiemi
1141 1225 1279 1261 quoque
1294 1214 1477 1249 tribuatur.
1501 1213 1591 1249 Nam
1602 1212 1874 1260 Thesmophoria

322 1271 562 1321 Pyanepsjone
576 1282 696 1306 mense
711 1271 859 1314 fiebant,
874 1276 915 1307 ut
928 1272 1018 1307 Plut.
1030 1272 1068 1307 in
1079 1270 1258 1307 Demosth.
1274 1271 1462 1318 significat.
1485 1264 1757 1318 Thesmophoria
1770 1281 1873 1317 porro

322 1328 358 1362 in
374 1327 524 1363 hiemem
544 1329 718 1363 incurrere
737 1331 884 1363 testatur
898 1328 1146 1376 Aristophanes
1163 1327 1514 1375 Θεσμοφοριαζούσαις.
1544 1328 1646 1376 Apud
1661 1339 1765 1375 quem
1779 1328 1872 1375 Aga-

322 1384 438 1420 thonis
453 1396 574 1421 servus
590 1385 632 1421 de
648 1384 1000 1432 Thesmophoriorum
1013 1390 1170 1433 tempore
1185 1386 1236 1421 sic
1249 1386 1419 1433 loquitur:

726 1463 771 1470 -
793 1463 839 1470 ·—
861 1462 905 1468 —
927 1463 974 1470 —
996 1442 1094 1484 αὐτὸς
1110 1441 1173 1490 γὰρ
1188 1440 1283 1483 ἔξεισι
1297 1442 1387 1490 τάχα

727 1499 788 1534 Καὶ
803 1499 866 1546 γὰρ
884 1500 1068 1546 μελοποιεῖν
1086 1497 1237 1547 ἄρχεται,
1254 1501 1416 1547 χειμῶνος
1433 1495 1489 1534 οὗν

726 1555 848 1598 Ὀντος
865 1555 1105 1605 κατακάμπτειν
1120 1554 1178 1597 τὰς
1193 1556 1336 1604 στροφὰς
1352 1556 1390 1591 οὗ
1408 1556 1519 1604 ῥᾴδιον

728 1613 793 1649 Ἢν
811 1614 854 1662 μὴ
871 1611 968 1662 προίῃ
987 1614 1103 1662 θύραζε
1119 1613 1200 1662 προς
1216 1613 1274 1648 τὸν
1289 1613 1394 1658 ἥλιον.

413 1672 592 1709 Accedunt
612 1673 765 1708 rationes
788 1673 894 1715 aliae,
917 1683 1006 1719 quas
1030 1683 1052 1707 a
1069 1670 1250 1707 Theodoro
1270 1671 1468 1718 propositas
1489 1671 1647 1718 Scaliger
1669 1670 1867 1707 dissimulat

324 1728 369 1764 Ut
385 1730 474 1765 inter
490 1731 575 1774 alia,
597 1731 687 1777 quod
705 1730 808 1765 Arist.
831 1731 855 1765 l.
870 1741 916 1765 vr.
939 1730 981 1765 de
996 1730 1084 1765 Hist.
1097 1730 1212 1765 Anim.
1236 1740 1266 1766 c.
1279 1741 1378 1764 xxxx.
1400 1728 1647 1764 Boedromioni
1666 1729 1876 1764 Maemacte·

323 1787 456 1822 rionem
471 1787 667 1834 subiungit,
683 1788 743 1823 ubi
759 1787 801 1823 de
817 1787 997 1822 cervorum
1011 1787 1101 1822 initu
1115 1787 1286 1834 loquitur:
1303 1785 1323 1830 ἡ
1341 1785 1376 1820 ’δὲ
1393 1783 1487 1833 ὀχεία
1502 1785 1622 1833 γίνεται
1635 1784 1705 1832 μετ’
1718 1784 1875 1832 Ἀρκτοῦ-

325 1857 380 1891 ρον
398 1845 469 1891 περὶ
484 1844 541 1879 τὸν
558 1845 795 1893 Βοηδρομιῶνα
816 1844 869 1879 καὶ
885 1845 1174 1891 Μαιμακτηριῶνα.
1219 1843 1286 1886 Qui
1306 1844 1403 1879 locus
1426 1843 1602 1890 Scaligero
1625 1843 1801 1879 silentium
1822 1843 1875 1878 in-

324 1903 414 1946 dicit,
428 1907 462 1938 et
474 1902 588 1938 Gazae
601 1903 801 1949 opinionem
813 1902 948 1937 astruit.
967 1902 1044 1938 Duo
1058 1901 1152 1937 enim
1164 1913 1208 1937 ex
1221 1901 1264 1936 iis
1277 1901 1390 1936 verbis
1402 1905 1494 1936 recte
1507 1900 1691 1937 concludit.
1707 1899 1875 1945 Alterum,

323 1960 650 1996 Maemacterionem
662 1960 766 2006 paulo
778 1963 858 2006 post
868 1959 1006 1996 Arcturi
1022 1962 1136 1994 ortum
1151 1959 1301 2005 incipere
1310 1985 1318 2001 ,
1335 1958 1466 2004 alioqui
1475 1958 1606 1993 frustra
1617 1957 1876 1994 Maemacterio-

325 2028 405 2052 nem
432 2017 678 2053 Boedromioni
703 2017 896 2052 subiiceret.
948 2016 1115 2052 Arcturus
1139 2020 1256 2051 autem
1281 2016 1372 2051 circa
1394 2016 1596 2051 autumnale
1619 2015 1876 2062 aequinoctium

325 2075 443 2109 oritur.
473 2074 564 2109 Nam
579 2073 838 2121 Theophrastus
855 2073 1008 2121 κερωνίαν
1025 2071 1147 2108 florere
1164 2073 1247 2108 dicit
1261 2072 1333 2119 περὶ
1345 2070 1544 2119 Ἀρκτοῦρόν
1566 2083 1601 2106 τε
1621 2071 1675 2106 καὶ
1699 2070 1875 2120 ἰσημερίαν.

327 2131 480 2167 Galenus
497 2132 648 2178 insuper,
670 2128 737 2165 ἔστι
754 2130 830 2177 μὲν,
853 2131 983 2178 inquit,
1007 2128 1210 2182 ὡραιότατον
1231 2131 1287 2173 τῆς
1309 2127 1425 2173 ἐλάτης
1446 2128 1484 2163 τὸ
1502 2128 1632 2175 σπέρμα
1648 2129 1720 2176 περὶ
1735 2128 1791 2164 τὴν
1807 2128 1876 2165 ἐπι-

325 2188 424 2233 τολὴν
448 2191 507 2223 τοῦ
527 2187 744 2235 Ἀρκτούρου,
769 2186 851 2228 ὃςτις
875 2186 986 2234 καιρὸς
1009 2186 1042 2222 ἐν
1065 2185 1179 2233 Ῥώμῃ
1205 2184 1223 2220 ὁ
1249 2185 1448 2232 καλούμενος
1473 2185 1531 2232 μὲν
1555 2185 1774 2233 Σεπτίμβριός
1797 2184 1874 2222 ἐστι.

326 2246 437 2289 Quare
460 2246 635 2282 modicum
658 2256 680 2281 a
703 2245 900 2293 Septembri
926 2244 1055 2281 distare
1081 2244 1407 2280 Maemacterionem
1431 2254 1572 2279 necesse
1597 2247 1660 2280 est.
1708 2243 1876 2287 Alterum,

326 2304 419 2351 quod
435 2303 531 2340 Gaza
553 2303 703 2350 colligit,
727 2307 798 2346 est,
821 2301 1148 2339 Maemacterionem
1171 2300 1417 2337 Boedromioni
1439 2300 1639 2347 proximum
1663 2311 1749 2336 esse.
1786 2300 1877 2337 Nam

327 2362 463 2408 quoties
478 2361 564 2397 dnos
580 2371 718 2396 menses
734 2361 784 2396 ita
799 2360 955 2407 copulat,
976 2363 1016 2395 ut
1036 2358 1165 2406 aliquid
1186 2358 1390 2406 praesertim
1412 2358 1503 2393 circa
1520 2362 1656 2405 tempus
1674 2362 1807 2394 certum
1821 2369 1876 2394 ac-

326 2419 439 2455 cidere
454 2419 523 2454 illis
540 2418 718 2454 mensibus
734 2417 840 2461 dicat,
865 2417 1049 2453 continuos
1067 2427 1145 2452 esse
1159 2426 1298 2452 menses
1314 2415 1475 2452 ostendit.
1523 2414 1576 2450 Ita
1598 2426 1676 2450 cum
1700 2415 1742 2451 de
1763 2416 1876 2452 bobus

326 2477 416 2523 agit:
444 2474 600 2523 ἄρχονται
627 2477 682 2520 τῆς
706 2472 815 2522 ὀχείας
837 2473 870 2509 αἱ
893 2474 970 2521 βοῦς
994 2473 1065 2521 περὶ
1091 2472 1147 2508 τὀν
1171 2472 1390 2520 θαργηλιῶνα
1413 2474 1499 2519 μῆνα
1523 2471 1575 2506 καὶ
1599 2471 1876 2520 Σκιῤῥοφοριῶνα.

327 2534 438 2570 Multo
454 2533 586 2580 magis,
602 2544 681 2569 cum
697 2536 878 2580 praeterea
893 2535 1026 2568 certum
1042 2535 1178 2578 tempus
1201 2534 1236 2566 et
1256 2529 1432 2565 cardinem
1449 2528 1624 2576 adiungit,
1648 2533 1687 2565 ut
1708 2529 1780 2578 περὶ
1801 2541 1877 2577 τρο-

329 2592 388 2632 πὰς
411 2596 445 2627 et
467 2590 538 2637 περὶ
561 2589 617 2625 τὀν
633 2588 842 2637 Ἀρκτοῦρον.
873 2589 963 2625 'l'um
979 2588 1073 2624 enim
1089 2589 1255 2635 προςεχιῖς
1272 2587 1321 2623 illi
1337 2597 1474 2622 menses
1491 2586 1639 2622 habendi
1656 2591 1748 2622 sunt.
1775 2587 1876 2623 Prae-

328 2654 421 2684 terea
443 2648 466 2683 l.
479 2660 525 2685 νι,
550 2658 579 2683 c.
593 2659 655 2685 ιιι.
678 2647 798 2683 scribit
817 2647 908 2683 idem
924 2646 1126 2682 Aristoteles
1150 2644 1375 2681 imbecilliora
1398 2654 1555 2690 quaeque
1576 2647 1649 2679 tam
1672 2645 1708 2679 in
1729 2644 1877 2691 piscium

328 2717 434 2753 quam
454 2705 488 2741 in
511 2705 627 2740 avium
649 2715 777 2751 genere
797 2707 980 2751 appetente
1001 2703 1131 2750 frigore
1146 2702 1242 2750 prius
1258 2702 1293 2738 in
1309 2700 1543 2737 commodiora
1559 2701 1635 2736 loca
1650 2702 1815 2748 migrare,
1840 2705 1879 2738 ut

328 2762 520 2798 coturnices
536 2766 616 2797 ante
633 2772 737 2809 quam
754 2772 868 2807 grues.
901 2760 951 2796 Τὰ
967 2759 1024 2808 μὶν
1040 2759 1103 2807 γὰρ
1121 2757 1316 2807 μεταβάλλει
1331 2761 1389 2794 τοῦ
1406 2757 1673 2805 Βοηδρομιῶνος,
1699 2757 1739 2792 τὰ
1761 2757 1796 2793 ei
1818 2761 1876 2794 τοῦ

328 2819 632 2865 Μαιμακτηριῶνος.
679 2820 724 2854 At
738 2830 819 2854 vero
843 2828 947 2866 grues
972 2828 1090 2854 mense
1113 2817 1272 2864 proximo
1297 2816 1341 2852 ab
1363 2826 1404 2851 eo
1429 2825 1496 2861 quo
1522 2816 1714 2851 coturnices
1739 2816 1878 2852 avolant

331 2877 480 2923 migrare
501 2876 684 2911 cernimus.
716 2875 778 2911 Est
799 2876 905 2922 igitur
925 2875 1195 2911 Maemacterion
1211 2872 1454 2910 Boedromioni
1476 2873 1666 2919 proximus.
1697 2872 1876 2909 Postremo

330 2933 420 2969 idem
434 2933 634 2968 Mistotelen
651 2934 671 2969 Ι.
687 2944 734 2969 vi.
752 2944 780 2968 c.
794 2945 840 2969 ιι.
857 2932 978 2968 scribit
991 2932 1081 2968 inter
1092 2930 1248 2978 γαλεούς,
1266 2941 1353 2978 quos
1368 2929 1536 2965 mumius
1555 2929 1649 2965 Gaza
1664 2933 1781 2974 vocat,
1796 2940 1877 2966 eum

329 2990 390 3038 qui
405 2987 552 3036 ἀστερίας
574 2989 707 3031 dicitur,
730 2987 886 3036 ἄρχεσθαι
909 2986 1079 3036 ὀχεύεσθαι
1097 2988 1388 3035 Μαιμακτηριῶνος
1405 2987 1515 3033 μηνός.
1549 2987 1647 3029 Quod
1663 2987 1782 3023 statim
1798 2990 1878 3034 post

329 3046 587 3096 aequinoctium
603 3046 804 3093 contingere
820 3047 1010 3094 piscatores
1026 3050 1208 3083 testamur.
1240 3044 1315 3081 lam
1330 3043 1423 3091 quod
1438 3043 1482 3079 ad
1498 3043 1716 3081 Plutarchum
1733 3047 1875 3092 spectat,
