1968 3294
661 224 875 258 SCRIPTAE
900 223 954 257 ΑΒ
979 221 1075 255 ΑιΒ.
1098 221 1267 255 immo.
1666 210 1745 250 103

194 304 290 350 πόροι
313 306 489 346 dicuntur,
513 303 568 350 qui
595 315 626 348 p.
641 307 706 337 396
731 303 854 348 (1029)
878 308 955 337 sunt
977 300 1145 336 τοκετικοὶ
1166 298 1273 345 πόροι.
1322 301 1400 334 Non
1425 306 1475 333 est
1498 305 1630 341 autem,
1654 297 1746 342 quod

195 363 320 397 idcirco
343 369 461 396 nostro
493 361 570 395 loco
603 361 785 396 τοκετικῶν
815 372 878 405 pro
909 358 1054 396 τοκετῶν
1088 357 1262 391 scribatur.
1310 358 1398 390 Nam
1420 357 1489 390 illic
1512 355 1646 401 quidem
1668 357 1746 396 Epi-

195 422 334 462 phanius
360 418 526 452 adiectivo
550 417 611 459 uti,
638 429 735 462 quam
750 416 807 454 διοὶ
831 418 899 453 τῶν
920 415 1065 452 τοκετῶν
1087 413 1201 459 πόρων
1219 414 1272 448 vel
1296 413 1354 450 διὰ
1377 414 1444 450 τῶν
1467 410 1578 458 πόρων
1600 412 1669 447 τῶν
1690 423 1744 446 το-

194 476 301 512 κετῶν
334 476 498 519 scribere,
527 474 652 508 maluit.
701 475 828 508 Nostro
860 475 936 508 loco
961 472 1061 508 verbu
1083 472 1230 507 τοκετῶν
1252 469 1351 515 πόροι
1374 471 1497 505 nuliam
1522 469 1745 504 offensionem
1768 507 1773 512 ⁵

193 533 328 567 habent.
365 532 574 566 Adiectivum
596 530 770 571 τοκετικός
784 529 1029 576 Lexicographi
1049 529 1276 573 neglexerunt.
1316 528 1505 562 Novissima
1530 526 1636 561 nostri
1660 526 1743 560 loci:

194 586 279 625 ἀλλὰ
300 601 360 628 -3
397 585 486 625 ἀλλὰ
501 601 563 630 -;
586 588 682 632 attigi
705 596 819 622 annot.
846 588 878 620 in
901 589 943 622 Τ.
962 588 1000 620 ΙΙ.
1025 598 1056 632 p.
1074 588 1140 619 674
1164 587 1279 626 (776).

285 648 321 680 Ρ.
347 649 412 680 384
438 646 574 691 (1022).
620 643 934 689 προςκύνησίς
967 635 1014 679 τε
1048 642 1126 679 καὶ
1159 641 1432 686 δορυφορία]
1472 641 1532 674 Rei
1566 640 1664 674 unice
1684 651 1743 674 ae·

195 703 441 738 commodatum
467 710 518 736 est
541 702 734 747 δωροφορία
748 729 757 742 ,
792 701 883 748 quod
905 703 1054 736 petavius
1076 698 1233 733 coniecit.
1281 698 1471 743 Δορυφορία
1492 697 1548 732 hic
1573 709 1615 731 eo
1637 697 1745 731 minus

197 760 371 794 ferendum
386 769 449 804 est,
475 759 565 805 quod
589 759 698 803 angeli
716 759 838 793 Christi
862 765 975 792 natum
992 760 1197 802 δορυφορεῖν,
1222 755 1258 788 id
1281 763 1332 788 est
1355 757 1524 789 satellitum
1547 758 1649 789 instar
1665 757 1746 788 eum·

196 818 247 851 vel
271 820 434 859 comitari,
462 817 562 862 paulo
581 823 660 850 unte
679 816 725 849 ita
752 816 929 849 dicuntur:
955 812 1179 860 Παρεμβολαὶ
1201 811 1242 849 δὲ
1265 811 1320 848 ἐπὶ
1342 813 1386 858 τῇ
1411 812 1469 847 τοῦ
1495 811 1662 857 βασιλέως
1684 811 1745 846 τοῦ

194 874 314 915 αἰῶνος
331 872 452 919 εἰςόδῳ
465 876 660 918 δορυφορεῖν
675 869 922 909 ἀπεστέλλοντο.
949 871 1161 907 Tmo-latum
1177 873 1388 915 δορυφορεῑν,
1405 869 1448 902 de
1461 879 1526 913 quo
1546 868 1614 902 vid.
1627 875 1743 902 annot.

193 931 225 965 in
249 933 355 967 Ellam
380 933 459 965 Cret.
484 931 545 964 col.
570 933 633 963 786
654 932 732 974 (9),
769 930 887 964 eodem
909 929 942 963 in
966 935 1162 973 argumento
1187 927 1327 960 recurrit
1350 930 1424 971 ρ.4
1402 929 1469 959 426
1492 926 1618 969 (1047)
1642 922 1745 970 α’γγέ-

194 989 270 1028 λους
293 986 356 1032 τήν
380 987 530 1032 γέννησιν
553 988 612 1022 τοῦ
637 987 709 1022 υἱοῦ
735 987 1009 1032 δορυφοροῦντας

283 1046 317 1079 Ρ.
340 1047 406 1078 384
429 1044 564 1090 (1022).
612 1043 700 1079 Καὶ
731 1043 874 1080 πολλά
908 1055 981 1088 μοι
1014 1041 1115 1079 ἔστι
1149 1041 1226 1077 τοῦ
1248 1012 1447 1086 λέγειν]
1483 1040 1598 1074 Nolim
1623 1040 1743 1074 scribi:

194 1114 258 1138 που
282 1101 397 1147 λέγειν
446 1101 520 1135 Vid.
548 1103 659 1135 Winer.
687 1100 1094 1135 Gramm.1diom.N.'1·.
1122 1100 1218 1144 5.45.
1244 1100 1552 1143 extr.p.870.oq.
1579 1096 1712 1132 ed.111.

282 1159 316 1193 P.
343 1161 408 1192 384
429 1159 565 1202 (1023).
611 1158 668 1193 Εἰ
690 1156 738 1194 τὸ
763 1155 994 1203 ημέτερον
1016 1155 1264 1200 σπείρεται
1286 1154 1330 1191 ἐν
1353 1154 1529 1201 φῖᾶορᾷ,
1555 1153 1743 1199 ἐγείρε-

191 1227 266 1252 ται
289 1214 331 1252 ἐν
355 1213 603 1261 ἀφθαρσίᾳ.
648 1214 900 1259 Σπείρεται
924 1215 1056 1258 σῶμα
1079 1211 1301 1260 ψυχικὸν,
1337 1211 1579 1256 ἐγείρεται
1613 1213 1746 1256 σῶμα

190 1271 528 1318 πνευματικὸν,
551 1270 678 1316 πόσῳ
703 1283 751 1316 γε
775 1271 941 1316 μᾶλλον
964 1272 1043 1308 τοῦ
1067 1269 1349 1315 μονογενοῦς
1371 1268 1471 1304 υἱοῦ
1495 1269 1573 1304 τοῦ
1598 1269 1742 1314 fiscia]

191 1330 346 1376 Apostoli
371 1330 498 1370 verbis,
524 1330 706 1374 praemisso
731 1328 773 1370 εἰ,
797 1341 838 1362 ex
861 1330 875 1362 1
898 1329 974 1363 Gor.
996 1328 1076 1368 XV,
1099 1330 1155 1361 42.
1174 1330 1232 1360 44.
1256 1326 1387 1366 allatis,
1422 1326 1564 1371 protasis
1588 1326 1745 1359 contiue-

190 1395 263 1427 ειη-ς
299 1387 462 1433 apodosin
498 1386 626 1420 faciunt
659 1383 883 1431 insequentia:
917 1383 1017 1430 πόσῳ
1041 1396 1082 1430 γε
1108 1386 1233 1428 μᾶλλον
1259 1403 1298 1411 -
1323 1384 1425 1424 5εοῦ;
1460 1383 1536 1417 Vid.
1568 1389 1685 1416 annot·
1710 1383 1743 1416 iu

133 1437 138 1442 ⁷
190 1445 232 1478 T.
258 1446 299 1479 ΙΙ.
334 1455 366 1488 p.
391 1446 457 1477 474
477 1446 592 1483 (659).
642 1445 755 1488 itaque
786 1449 865 1476 ante
897 1443 1038 1476 alterum
1073 1441 1245 1486 σπείρεται
1275 1452 1338 1486 pro
1371 1439 1486 1486 τελείᾳ
1509 1439 1618 1485 μέσην
1642 1451 1743 1485 pone.

189 1502 312 1536 Verum
336 1501 421 1535 vidit
444 1503 593 1536 petavius
616 1500 649 1534 in
674 1499 825 1534 versione
849 1500 979 1534 Latina.
1027 1498 1152 1533 Eadem
1183 1498 1338 1543 Apostoli
1359 1497 1527 1531 sententia
1548 1499 1747 1541 Epiphanius

191 1558 296 1593 utitur
320 1570 352 1603 p.
377 1560 443 1591 ⁶20
466 1560 612 1599 (1100),
640 1569 705 1602 quo
730 1569 770 1590 ex
793 1557 871 1591 loco
893 1555 1052 1591 nonnulla
1085 1555 1118 1589 in
1145 1555 1314 1600 Anaceph.
1350 1567 1381 1600 p.
1404 1557 1471 1587 588
1492 1556 1594 1599 (15⁶)
1627 1566 1745 1589 emen-

191 1614 301 1649 danda
324 1622 412 1649 sunt.

282 1674 315 1707 P.
339 1675 404 1706 386
430 1672 568 1718 (1023).
614 1671 672 1708 Εἰ
705 1670 756 1708 δὲ
789 1669 950 1711 οὐδεὶς
978 1674 1079 1707 νοεῖ
1099 1669 1203 1714 περὶ
1227 1666 1367 1705 αὐτοῦ
1391 1667 1443 1705 τὰ
1465 1670 1548 1715 τῆς
1572 1667 1746 1713 σαρκὸς

189 1725 337 1774 ἄλογα
360 1729 668 1775 πεπραχέναι,
694 1725 795 1765 οὔτε
819 1727 872 1765 τὰ
894 1729 972 1764 τοῦ
997 1728 1074 1764 νοῦ
1097 1723 1244 1772 ἄλογα
1267 1723 1408 1763 αὐτὸν
1430 1726 1746 1771 πεποιηκέναι

188 1784 269 1831 vovi
282 1788 434 1830 σειεν.]
463 1789 527 1820 Aut
550 1783 629 1822 οὐδὲ
651 1786 785 1830 scripsit
809 1787 1028 1828 Epiphanius,
1053 1792 1111 1818 aut
1133 1779 1211 1820 οὕτε
1234 1796 1297 1830 pro
1321 1781 1400 1821 οὐδὲ
1423 1796 1484 1829 per
1509 1783 1744 1818 soloecismum

189 1843 368 1888 usurpavit.

278 1901 312 1934 P.
335 1902 400 1934 388
423 1901 558 1943 (1005).
606 1899 814 1944 Φέρουσι
837 1899 882 1936 δὲ
905 1898 1018 1944 ἡμῖν
1043 1898 1123 1934 καὶ
1147 1898 1298 1940 λέξεις
1320 1896 1476 1938 τινὰς,
1499 1893 1590 1941 ὅτι,
1614 1898 1742 1943 φησι.

186 1955 350 2002 Ἡμεῖς
385 1957 434 1994 δὲ
466 1957 568 1993 νοῦν
591 1956 804 2002 Χριστοῦ
839 1956 1028 2003 ἔχομεν·
1066 1955 1165 1996 καὶ.
1199 1955 1360 2000 φασιν,
1395 1952 1533 2003 Ὁρᾷς
1564 1950 1639 1991 ὅτι
1660 1959 1742 1999 oet.]

186 2014 334 2048 Tametsi
358 2013 462 2059 φασὶν
483 2013 714 2059 subsequitur,
739 2014 810 2048 noli
833 2014 984 2058 cogitare
1007 2013 1051 2047 do
1076 2013 1166 2059 φησὶ
1187 2013 1222 2047 in
1245 2012 1334 2058 φασὶ
1357 2012 1530 2047 mutando.
1579 2012 1655 2046 Vid.
1678 2025 1742 2046 au-

187 2078 259 2105 not.
283 2071 317 2105 in
341 2073 383 2106 Τ.
404 2073 428 2105 Ι.
452 2083 484 2116 p.
500 2073 567 2104 488
592 2073 704 2115 (284).
1370 2080 1371 2085 ’

278 2130 312 2162 Ρ.
336 2131 402 2162 390
427 2128 563 2174 (1026).
598 2127 669 2164 ἐπὶ
691 2126 737 2164 τὸ
764 2125 876 2164 αὐτὸ
902 2129 987 2172 τῆς
1010 2126 1165 2172 πάσης
1186 2127 1516 2172 πραγματείας
1541 2127 1610 2168 εἰς
1634 2129 1742 2172 μίαν

187 2185 456 2230 οἰκονομίαν
489 2185 570 2222 καὶ
603 2185 710 2230 μίαν
732 2185 1012 2230 τελειότητα
1033 2183 1143 2231 ημῖν
1169 2184 1516 2230 συνηνωμένης]
1549 2186 1651 2218 Recte
1676 2186 1742 2218 hoc

185 2242 282 2284 ioco,
318 2249 354 2275 ut
377 2244 419 2277 T.
437 2244 477 2276 11.
505 2246 572 2288 p.4
597 2244 711 2286 (397).
746 2244 860 2277 T.111.
886 2255 917 2287 p.
937 2246 1003 2276 sss
1028 2243 1153 2287 (144),
1189 2241 1246 2278 ἐπὶ
1267 2240 1305 2278 τὸ
1332 2239 1415 2277 αὐτὸ
1440 2242 1616 2283 scribitur,
1651 2243 1742 2288 quod

186 2299 274 2345 apud
298 2301 513 2342 Epiphaniam
538 2299 637 2350 vulgo
662 2311 726 2334 uua
749 2311 832 2333 voce
865 2298 1039 2336 ἐπιτοαυτό
1072 2300 1294 2345 negligentius
1326 2298 1482 2333 efferunt.
1532 2300 1632 2333 Cous.
1657 2312 1688 2332 v.
1713 2313 1741 2334 c.

186 2358 225 2391 T.
245 2358 302 2390 111.
329 2369 361 2401 p.
375 2359 440 2390 258
453 2357 566 2401 (⁹52).
601 2359 668 2389 440
688 2357 822 2401 (1054).
856 2360 923 2391 486
947 2359 1067 2402 (1089,
1091 2357 1170 2401 bis).
1202 2360 1270 2390 468
1292 2358 1429 2402 (1070),
1454 2356 1510 2390 ubi
1533 2363 1645 2390 tamen
1663 2356 1740 2390 cod.

188 2413 292 2447 Rhed.
320 2412 376 2449 ἐπὶ
397 2411 436 2449 τὸ
462 2410 544 2449 αὐτὸ
559 2440 568 2457 ,
595 2413 642 2446 uti
666 2414 802 2456 assolet,
826 2421 973 2448 testante
998 2416 1136 2450 oehlero.
1185 2416 1311 2447 Vocem
1335 2413 1570 2458 πραγματεία,
1604 2425 1668 2458 qua
1690 2416 1741 2447 in-

186 2473 379 2505 carnationis
405 2473 564 2514 noyalium
593 2470 802 2510 declaratur,
837 2470 933 2515 attigi
956 2471 1000 2505 ad
1023 2473 1064 2506 T.
1088 2473 1132 2505 11.
1157 2484 1190 2516 p.
1205 2474 1269 2504 718
1291 2473 1404 2515 (800).
1450 2471 1542 2503 Voce
1570 2470 1741 2516 οἰκονομία

186 2527 431 2561 administratio
456 2527 588 2568 divina,
622 2539 706 2572 quae
728 2527 762 2560 in
786 2527 1014 2562 incarnatione
1037 2528 1200 2571 cernitur,
1235 2535 1270 2561 et
1291 2528 1375 2562 haec
1398 2527 1471 2572 ipsa
1494 2527 1656 2562 deciarari
1677 2539 1739 2562 so-

187 2585 244 2619 let.
294 2585 372 2620 Vid.
394 2591 509 2618 annot.
533 2584 568 2617 in
593 2586 633 2619 T.
657 2586 696 2618 ΙΙ.
721 2597 752 2629 p.
768 2587 833 2617 624
859 2585 972 2629 (747).

276 2643 312 2676 Ρ.
338 2644 403 2675 392
427 2642 564 2687 (1027).
613 2640 803 2686 λεξίῇηρ
836 2637 893 2676 ὤν
926 2643 1011 2686 τις]
1045 2641 1246 2686 Δεξιῧηρῶν
1269 2653 1320 2682 τις
1343 2641 1520 2687 legendum
1543 2643 1671 2678 conieci
1694 2644 1738 2678 ad

186 2700 227 2734 T.
246 2700 271 2734 1.
297 2710 327 2743 p.
349 2702 413 2732 282
438 2701 552 2742 (149).

282 2757 317 2789 P.
340 2759 405 2790 392
428 2757 565 2802 (1027).
612 2755 689 2792 διὰ
724 2754 770 2792 τὸ
807 2754 1108 2802 ἰσχυρότερον
1142 2757 1216 2792 τοῦ
1243 2755 1353 2798 (aiau
1376 2756 1454 2792 καὶ
1477 2758 1737 2803 βασιλικώ-

186 2824 205 2848 τ
219 2825 295 2849 ατο
305 2813 337 2858 ν]
369 2816 402 2846 Ιυ
428 2820 562 2858 promtu
587 2821 638 2847 est
660 2813 840 2847 rescribere
865 2811 1091 2859 ἰσχυρότατον.
1125 2813 1272 2847 Tametsi
1295 2814 1384 2847 enim
1407 2815 1650 2860 comparativus
1674 2828 1737 2861 pro

189 2869 411 2914 superlativo,
436 2870 659 2916 superlativus
684 2882 745 2915 pro
770 2871 998 2915 comparativo
1022 2870 1189 2904 interdum
1212 2870 1366 2916 ponitur,
1395 2877 1534 2917 uterque
1557 2873 1677 2918 gradus
1702 2874 1737 2907 in

187 2927 304 2961 eadem
338 2938 375 2961 re
396 2926 451 2960 vix
473 2939 513 2961 ac
535 2939 578 2962 ne
611 2928 665 2960 vix
688 2927 821 2972 quidem
855 2928 1041 2972 copulatur.
1089 2928 1239 2962 Proclive
1261 2934 1373 2963 autem
1393 2929 1529 2963 librario
1554 2930 1641 2972 fuit,
1674 2943 1733 2964 su-

152 3033 155 3037 .
187 2983 341 3029 periativi
365 2984 596 3030 compendium
622 2996 683 3029 pro
708 2984 937 3029 comparativo
962 2986 1094 3019 habere.

323 3041 358 3074 P.
380 3043 445 3073 394
467 3042 603 3086 (1028).
650 3042 727 3076 τοῦ
752 3041 950 3085 Χριστοῦ
981 3041 1336 3088 ἐμφορούμενος
1357 3044 1474 3091 νοῦν]
1499 3046 1642 3092 Repono
1663 3045 1733 3082 νοῦ.
