<?xml version="1.0" encoding="UTF-8"?>
<!DOCTYPE html PUBLIC "-//W3C//DTD XHTML 1.0 Transitional//EN"
    "http://www.w3.org/TR/xhtml1/DTD/xhtml1-transitional.dtd">
<html xmlns="http://www.w3.org/1999/xhtml" xml:lang="en" lang="en">
 <head>
  <title>
</title>
<meta http-equiv="Content-Type" content="text/html;charset=utf-8" />
  <meta name='ocr-system' content='tesseract 3.04.00' />
  <meta name='ocr-capabilities' content='ocr_page ocr_carea ocr_par ocr_line ocrx_word'/>
</head>
<body>
  <div class='ocr_page' id='page_1' title='image "./corporishaereseo03epip_0355.png"; bbox 0 0 2008 3294; ppageno 0'>
   <div class='ocr_carea' id='block_1_1' title="bbox 0 862 202 1056">
    <p class='ocr_par' dir='ltr' id='par_1_1' title="bbox 0 862 202 1056">
     <span class='ocr_line' id='line_1_1' title="bbox 130 862 202 877; baseline 0.028 -2"><span class='ocrx_word' id='word_1_1' title='bbox 130 863 141 875; x_wconf 47' lang='grc' dir='ltr'>ι·</span> <span class='ocrx_word' id='word_1_2' title='bbox 183 862 202 877; x_wconf 70' lang='lat'>⁴·.</span> 
     </span>
     <span class='ocr_line' id='line_1_2' title="bbox 0 1038 43 1056; baseline 0 -10"><span class='ocrx_word' id='word_1_3' title='bbox 0 1038 6 1056; x_wconf 57' lang='grc' dir='ltr'>ι</span> <span class='ocrx_word' id='word_1_4' title='bbox 37 1041 43 1046; x_wconf 79' lang='grc'>.</span> 
     </span>
    </p>
   </div>
   <div class='ocr_carea' id='block_1_2' title="bbox 0 1047 23 1091">
    <p class='ocr_par' dir='ltr' id='par_1_2' title="bbox 0 1047 23 1091">
     <span class='ocr_line' id='line_1_3' title="bbox 0 1047 23 1091; baseline 0 -13"><span class='ocrx_word' id='word_1_5' title='bbox 0 1047 23 1091; x_wconf 57' lang='grc' dir='ltr'><em>ς</em></span> 
     </span>
    </p>
   </div>
   <div class='ocr_carea' id='block_1_3' title="bbox 127 818 276 908">
    <p class='ocr_par' dir='ltr' id='par_1_3' title="bbox 127 818 276 908">
     <span class='ocr_line' id='line_1_4' title="bbox 127 818 276 908; baseline 0 -30"><span class='ocrx_word' id='word_1_6' title='bbox 127 818 276 908; x_wconf 95' lang='lat' dir='ltr'>  </span> 
     </span>
    </p>
   </div>
   <div class='ocr_carea' id='block_1_4' title="bbox 1519 143 1717 182">
    <p class='ocr_par' dir='ltr' id='par_1_4' title="bbox 1519 143 1717 182">
     <span class='ocr_line' id='line_1_5' title="bbox 1519 143 1717 182; baseline -0.005 0"><span class='ocrx_word' id='word_1_7' title='bbox 1519 143 1717 182; x_wconf 84' lang='lat' dir='ltr'>ccxxvn</span> 
     </span>
    </p>
   </div>
   <div class='ocr_carea' id='block_1_5' title="bbox 163 248 1720 524">
    <p class='ocr_par' dir='ltr' id='par_1_5' title="bbox 163 248 1720 524">
     <span class='ocr_line' id='line_1_6' title="bbox 165 248 1718 296; baseline -0.001 -10"><span class='ocrx_word' id='word_1_8' title='bbox 165 250 282 286; x_wconf 86' lang='lat' dir='ltr'>omnia</span> <span class='ocrx_word' id='word_1_9' title='bbox 297 250 342 287; x_wconf 85' lang='lat' dir='ltr'>sit</span> <span class='ocrx_word' id='word_1_10' title='bbox 356 261 401 286; x_wconf 84' lang='lat' dir='ltr'>ex</span> <span class='ocrx_word' id='word_1_11' title='bbox 414 248 606 296; x_wconf 75' lang='lat' dir='ltr'>Epiphanio</span> <span class='ocrx_word' id='word_1_12' title='bbox 624 253 818 292; x_wconf 83' lang='lat' dir='ltr'>mutuatus.</span> <span class='ocrx_word' id='word_1_13' title='bbox 834 248 876 285; x_wconf 86' lang='lat' dir='ltr'>de</span> <span class='ocrx_word' id='word_1_14' title='bbox 891 248 1091 296; x_wconf 71' lang='lat' dir='ltr'>turpissimo</span> <span class='ocrx_word' id='word_1_15' title='bbox 1106 249 1165 285; x_wconf 87' lang='lat' dir='ltr'>illo</span> <span class='ocrx_word' id='word_1_16' title='bbox 1181 249 1282 296; x_wconf 86' lang='lat' dir='ltr'>lapsu</span> <span class='ocrx_word' id='word_1_17' title='bbox 1293 250 1438 286; x_wconf 81' lang='lat' dir='ltr'>verbum</span> <span class='ocrx_word' id='word_1_18' title='bbox 1452 248 1588 285; x_wconf 88' lang='lat' dir='ltr'>nullum</span> <span class='ocrx_word' id='word_1_19' title='bbox 1603 260 1718 295; x_wconf 87' lang='lat' dir='ltr'>asper-</span> 
     </span>
     <span class='ocr_line' id='line_1_7' title="bbox 164 304 1718 354; baseline -0.001 -12"><span class='ocrx_word' id='word_1_20' title='bbox 164 308 220 343; x_wconf 86' lang='lat' dir='ltr'>sit.</span> <span class='ocrx_word' id='word_1_21' title='bbox 253 307 323 343; x_wconf 87' lang='lat' dir='ltr'>Sed</span> <span class='ocrx_word' id='word_1_22' title='bbox 345 313 461 343; x_wconf 83' lang='lat' dir='ltr'>utrum</span> <span class='ocrx_word' id='word_1_23' title='bbox 484 306 550 341; x_wconf 88' lang='lat' dir='ltr'>hoc</span> <span class='ocrx_word' id='word_1_24' title='bbox 570 305 756 352; x_wconf 82' lang='lat' dir='ltr'>Epiphanii</span> <span class='ocrx_word' id='word_1_25' title='bbox 771 306 936 344; x_wconf 77' lang='lat' dir='ltr'>adversus</span> <span class='ocrx_word' id='word_1_26' title='bbox 951 304 1112 341; x_wconf 81' lang='lat' dir='ltr'>haereses</span> <span class='ocrx_word' id='word_1_27' title='bbox 1128 307 1343 342; x_wconf 89' lang='lat' dir='ltr'>luculentum</span> <span class='ocrx_word' id='word_1_28' title='bbox 1359 317 1446 354; x_wconf 89' lang='lat' dir='ltr'>opus</span> <span class='ocrx_word' id='word_1_29' title='bbox 1462 307 1506 342; x_wconf 91' lang='lat' dir='ltr'>ab</span> <span class='ocrx_word' id='word_1_30' title='bbox 1522 306 1718 352; x_wconf 81' lang='lat' dir='ltr'>Augustino</span> 
     </span>
     <span class='ocr_line' id='line_1_8' title="bbox 163 362 1718 410; baseline -0.001 -10"><span class='ocrx_word' id='word_1_31' title='bbox 163 364 294 400; x_wconf 88' lang='lat' dir='ltr'>lectum</span> <span class='ocrx_word' id='word_1_32' title='bbox 307 363 430 407; x_wconf 71' lang='lat' dir='ltr'>tuerit,</span> <span class='ocrx_word' id='word_1_33' title='bbox 450 367 590 410; x_wconf 76' lang='lat' dir='ltr'>propter</span> <span class='ocrx_word' id='word_1_34' title='bbox 611 374 671 398; x_wconf 85' lang='lat' dir='ltr'>eas</span> <span class='ocrx_word' id='word_1_35' title='bbox 693 373 836 400; x_wconf 89' lang='lat' dir='ltr'>caussas</span> <span class='ocrx_word' id='word_1_36' title='bbox 859 362 1007 400; x_wconf 79' lang='lat' dir='ltr'>dubitari</span> <span class='ocrx_word' id='word_1_37' title='bbox 1029 366 1161 408; x_wconf 84' lang='lat' dir='ltr'>potest,</span> <span class='ocrx_word' id='word_1_38' title='bbox 1186 374 1275 410; x_wconf 88' lang='lat' dir='ltr'>quae</span> <span class='ocrx_word' id='word_1_39' title='bbox 1298 364 1335 399; x_wconf 90' lang='lat' dir='ltr'>in</span> <span class='ocrx_word' id='word_1_40' title='bbox 1358 363 1590 410; x_wconf 75' lang='lat' dir='ltr'>praefatione,</span> <span class='ocrx_word' id='word_1_41' title='bbox 1614 373 1718 409; x_wconf 84' lang='lat' dir='ltr'>quam</span> 
     </span>
     <span class='ocr_line' id='line_1_9' title="bbox 165 419 1720 468; baseline -0.001 -12"><span class='ocrx_word' id='word_1_42' title='bbox 165 421 261 468; x_wconf 87' lang='lat' dir='ltr'>operi</span> <span class='ocrx_word' id='word_1_43' title='bbox 281 420 350 468; x_wconf 85' lang='lat' dir='ltr'>ipsi</span> <span class='ocrx_word' id='word_1_44' title='bbox 371 420 616 467; x_wconf 86' lang='lat' dir='ltr'>praefiximus,</span> <span class='ocrx_word' id='word_1_45' title='bbox 640 420 684 455; x_wconf 83' lang='lat' dir='ltr'>ad</span> <span class='ocrx_word' id='word_1_46' title='bbox 705 421 870 458; x_wconf 84' lang='lat' dir='ltr'>lectorem</span> <span class='ocrx_word' id='word_1_47' title='bbox 884 419 1047 467; x_wconf 13' lang='lat' dir='ltr'>,pluribus</span> <span class='ocrx_word' id='word_1_48' title='bbox 1071 424 1153 455; x_wconf 88' lang='lat' dir='ltr'>sunt</span> <span class='ocrx_word' id='word_1_49' title='bbox 1176 431 1197 455; x_wconf 88' lang='lat' dir='ltr'>a</span> <span class='ocrx_word' id='word_1_50' title='bbox 1219 421 1319 456; x_wconf 87' lang='lat' dir='ltr'>nobis</span> <span class='ocrx_word' id='word_1_51' title='bbox 1343 421 1534 468; x_wconf 85' lang='lat' dir='ltr'>expositae.</span> <span class='ocrx_word' id='word_1_52' title='bbox 1577 419 1720 456; x_wconf 75' lang='lat' dir='ltr'><strong>Frustra</strong></span> 
     </span>
     <span class='ocr_line' id='line_1_10' title="bbox 163 476 1718 524; baseline 0 -11"><span class='ocrx_word' id='word_1_53' title='bbox 163 477 282 524; x_wconf 85' lang='lat' dir='ltr'>igitur,</span> <span class='ocrx_word' id='word_1_54' title='bbox 297 481 337 513; x_wconf 82' lang='lat' dir='ltr'>ut</span> <span class='ocrx_word' id='word_1_55' title='bbox 353 477 492 524; x_wconf 88' lang='lat' dir='ltr'>quidem</span> <span class='ocrx_word' id='word_1_56' title='bbox 507 481 666 524; x_wconf 82' lang='lat' dir='ltr'>apparet,</span> <span class='ocrx_word' id='word_1_57' title='bbox 687 477 860 513; x_wconf 68' lang='lat' dir='ltr'><strong>solicitata</strong></span> <span class='ocrx_word' id='word_1_58' title='bbox 881 479 935 512; x_wconf 85' lang='lat' dir='ltr'>est</span> <span class='ocrx_word' id='word_1_59' title='bbox 947 476 985 512; x_wconf 90' lang='lat' dir='ltr'>in</span> <span class='ocrx_word' id='word_1_60' title='bbox 1000 477 1194 512; x_wconf 77' lang='lat' dir='ltr'><strong>Annalibus</strong></span> <span class='ocrx_word' id='word_1_61' title='bbox 1210 478 1418 514; x_wconf 73' lang='lat' dir='ltr'>narrationis</span> <span class='ocrx_word' id='word_1_62' title='bbox 1434 478 1526 513; x_wconf 86' lang='lat' dir='ltr'>illius</span> <span class='ocrx_word' id='word_1_63' title='bbox 1550 477 1718 524; x_wconf 89' lang='lat' dir='ltr'>istiusque</span> 
     </span>
    </p>
   </div>
   <div class='ocr_carea' id='block_1_6' title="bbox 163 533 1515 578">
    <p class='ocr_par' dir='ltr' id='par_1_6' title="bbox 163 533 1515 578">
     <span class='ocr_line' id='line_1_11' title="bbox 163 533 1515 578; baseline 0.001 -9"><span class='ocrx_word' id='word_1_64' title='bbox 163 534 232 569; x_wconf 89' lang='lat' dir='ltr'>loci</span> <span class='ocrx_word' id='word_1_65' title='bbox 244 533 347 578; x_wconf 85' lang='lat' dir='ltr'>fides,</span> <span class='ocrx_word' id='word_1_66' title='bbox 364 545 445 570; x_wconf 88' lang='lat' dir='ltr'>cnm</span> <span class='ocrx_word' id='word_1_67' title='bbox 458 535 556 570; x_wconf 89' lang='lat' dir='ltr'>nulla</span> <span class='ocrx_word' id='word_1_68' title='bbox 571 534 616 569; x_wconf 83' lang='lat' dir='ltr'>ad</span> <span class='ocrx_word' id='word_1_69' title='bbox 631 545 709 570; x_wconf 89' lang='lat' dir='ltr'>eam</span> <span class='ocrx_word' id='word_1_70' title='bbox 724 533 999 571; x_wconf 78' lang='lat' dir='ltr'>labefactandam</span> <span class='ocrx_word' id='word_1_71' title='bbox 1015 533 1101 568; x_wconf 88' lang='lat' dir='ltr'>satis</span> <span class='ocrx_word' id='word_1_72' title='bbox 1117 533 1219 569; x_wconf 86' lang='lat' dir='ltr'>firma</span> <span class='ocrx_word' id='word_1_73' title='bbox 1234 535 1322 570; x_wconf 86' lang='lat' dir='ltr'>ratio</span> <span class='ocrx_word' id='word_1_74' title='bbox 1340 536 1386 570; x_wconf 87' lang='lat' dir='ltr'>sit</span> <span class='ocrx_word' id='word_1_75' title='bbox 1400 536 1515 570; x_wconf 86' lang='lat' dir='ltr'>allata.</span> 
     </span>
    </p>
   </div>
   <div class='ocr_carea' id='block_1_7' title="bbox 163 589 1720 923">
    <p class='ocr_par' dir='ltr' id='par_1_7' title="bbox 163 589 1720 923">
     <span class='ocr_line' id='line_1_12' title="bbox 253 589 1718 639; baseline 0.001 -12"><span class='ocrx_word' id='word_1_76' title='bbox 253 590 294 627; x_wconf 80' lang='lat' dir='ltr'>N.</span> <span class='ocrx_word' id='word_1_77' title='bbox 307 603 346 627; x_wconf 84' lang='lat' dir='ltr'>u.</span> <span class='ocrx_word' id='word_1_78' title='bbox 369 589 410 627; x_wconf 67' lang='grc' dir='ltr'>Ὀ</span> <span class='ocrx_word' id='word_1_79' title='bbox 427 589 463 626; x_wconf 79' lang='grc' dir='ltr'>δὲ</span> <span class='ocrx_word' id='word_1_80' title='bbox 479 591 678 638; x_wconf 85' lang='grc' dir='ltr'>βουλόμενος</span> <span class='ocrx_word' id='word_1_81' title='bbox 694 589 736 632; x_wconf 83' lang='grc' dir='ltr'>εἰς</span> <span class='ocrx_word' id='word_1_82' title='bbox 750 590 897 638; x_wconf 69' lang='grc' dir='ltr'>ἐκείνου]</span> <span class='ocrx_word' id='word_1_83' title='bbox 921 589 1074 637; x_wconf 81' lang='lat' dir='ltr'>Vulgata</span> <span class='ocrx_word' id='word_1_84' title='bbox 1089 594 1143 626; x_wconf 86' lang='lat' dir='ltr'>est</span> <span class='ocrx_word' id='word_1_85' title='bbox 1157 590 1301 627; x_wconf 90' lang='lat' dir='ltr'>historia</span> <span class='ocrx_word' id='word_1_86' title='bbox 1316 593 1376 627; x_wconf 89' lang='lat' dir='ltr'>illa</span> <span class='ocrx_word' id='word_1_87' title='bbox 1393 592 1434 627; x_wconf 89' lang='lat' dir='ltr'>de</span> <span class='ocrx_word' id='word_1_88' title='bbox 1450 603 1592 628; x_wconf 89' lang='lat' dir='ltr'>secessu</span> <span class='ocrx_word' id='word_1_89' title='bbox 1603 591 1718 639; x_wconf 79' lang='lat' dir='ltr'>Tyrio,</span> 
     </span>
     <span class='ocr_line' id='line_1_13' title="bbox 163 647 1717 698; baseline 0.001 -15"><span class='ocrx_word' id='word_1_90' title='bbox 163 647 274 694; x_wconf 80' lang='lat' dir='ltr'>deque</span> <span class='ocrx_word' id='word_1_91' title='bbox 289 660 404 684; x_wconf 82' lang='lat' dir='ltr'>xxvru</span> <span class='ocrx_word' id='word_1_92' title='bbox 415 648 516 684; x_wconf 85' lang='lat' dir='ltr'>annis</span> <span class='ocrx_word' id='word_1_93' title='bbox 532 649 582 684; x_wconf 92' lang='lat' dir='ltr'>ibi</span> <span class='ocrx_word' id='word_1_94' title='bbox 597 649 782 685; x_wconf 68' lang='lat' dir='ltr'>transactis</span> <span class='ocrx_word' id='word_1_95' title='bbox 801 649 845 684; x_wconf 90' lang='lat' dir='ltr'>ab</span> <span class='ocrx_word' id='word_1_96' title='bbox 857 647 1024 698; x_wconf 85' lang='lat' dir='ltr'>Origene,</span> <span class='ocrx_word' id='word_1_97' title='bbox 1047 659 1126 684; x_wconf 89' lang='lat' dir='ltr'>cum</span> <span class='ocrx_word' id='word_1_98' title='bbox 1143 659 1259 683; x_wconf 85' lang='lat' dir='ltr'>sacros</span> <span class='ocrx_word' id='word_1_99' title='bbox 1276 649 1410 684; x_wconf 89' lang='lat' dir='ltr'>codices</span> <span class='ocrx_word' id='word_1_100' title='bbox 1425 650 1717 696; x_wconf 77' lang='lat' dir='ltr'>interpretaretur.</span> 
     </span>
     <span class='ocr_line' id='line_1_14' title="bbox 164 703 1718 753; baseline 0 -13"><span class='ocrx_word' id='word_1_101' title='bbox 164 703 277 748; x_wconf 85' lang='lat' dir='ltr'>Quam</span> <span class='ocrx_word' id='word_1_102' title='bbox 299 715 344 740; x_wconf 83' lang='lat' dir='ltr'>ex</span> <span class='ocrx_word' id='word_1_103' title='bbox 365 704 431 740; x_wconf 91' lang='lat' dir='ltr'>hoc</span> <span class='ocrx_word' id='word_1_104' title='bbox 454 705 640 752; x_wconf 81' lang='lat' dir='ltr'>Epiphanii</span> <span class='ocrx_word' id='word_1_105' title='bbox 660 706 739 742; x_wconf 90' lang='lat' dir='ltr'>loco</span> <span class='ocrx_word' id='word_1_106' title='bbox 762 709 797 743; x_wconf 85' lang='lat' dir='ltr'>et</span> <span class='ocrx_word' id='word_1_107' title='bbox 818 716 863 741; x_wconf 85' lang='lat' dir='ltr'>ex</span> <span class='ocrx_word' id='word_1_108' title='bbox 885 705 944 742; x_wconf 87' lang='lat' dir='ltr'>lib.</span> <span class='ocrx_word' id='word_1_109' title='bbox 960 704 1002 739; x_wconf 89' lang='lat' dir='ltr'>de</span> <span class='ocrx_word' id='word_1_110' title='bbox 1018 704 1126 741; x_wconf 89' lang='lat' dir='ltr'>Pond.</span> <span class='ocrx_word' id='word_1_111' title='bbox 1143 709 1178 740; x_wconf 88' lang='lat' dir='ltr'>et</span> <span class='ocrx_word' id='word_1_112' title='bbox 1191 705 1304 740; x_wconf 85' lang='lat' dir='ltr'>Mens.</span> <span class='ocrx_word' id='word_1_113' title='bbox 1322 705 1527 753; x_wconf 85' lang='lat' dir='ltr'>chronologi</span> <span class='ocrx_word' id='word_1_114' title='bbox 1542 710 1646 753; x_wconf 88' lang='lat' dir='ltr'>atque</span> <span class='ocrx_word' id='word_1_115' title='bbox 1668 705 1718 742; x_wconf 90' lang='lat' dir='ltr'>hi-</span> 
     </span>
     <span class='ocr_line' id='line_1_15' title="bbox 163 762 1718 810; baseline 0 -13"><span class='ocrx_word' id='word_1_116' title='bbox 163 762 283 799; x_wconf 83' lang='lat' dir='ltr'>storici</span> <span class='ocrx_word' id='word_1_117' title='bbox 295 763 556 799; x_wconf 84' lang='lat' dir='ltr'>transtulerunt.</span> <span class='ocrx_word' id='word_1_118' title='bbox 583 762 654 798; x_wconf 85' lang='lat' dir='ltr'>Sed</span> <span class='ocrx_word' id='word_1_119' title='bbox 667 762 752 798; x_wconf 86' lang='lat' dir='ltr'>haec</span> <span class='ocrx_word' id='word_1_120' title='bbox 768 762 892 802; x_wconf 80' lang='lat' dir='ltr'>vellem</span> <span class='ocrx_word' id='word_1_121' title='bbox 906 762 966 798; x_wconf 84' lang='lat' dir='ltr'>isti</span> <span class='ocrx_word' id='word_1_122' title='bbox 981 762 1175 798; x_wconf 68' lang='lat' dir='ltr'>accuratius</span> <span class='ocrx_word' id='word_1_123' title='bbox 1192 762 1339 809; x_wconf 84' lang='lat' dir='ltr'>expend&#39;</span> <span class='ocrx_word' id='word_1_124' title='bbox 1379 767 1438 798; x_wconf 88' lang='lat' dir='ltr'>ent</span> <span class='ocrx_word' id='word_1_125' title='bbox 1459 774 1498 798; x_wconf 87' lang='lat' dir='ltr'>ac</span> <span class='ocrx_word' id='word_1_126' title='bbox 1516 774 1593 799; x_wconf 90' lang='lat' dir='ltr'>cum</span> <span class='ocrx_word' id='word_1_127' title='bbox 1610 763 1718 810; x_wconf 84' lang='lat' dir='ltr'>gestis</span> 
     </span>
     <span class='ocr_line' id='line_1_16' title="bbox 210 818 1720 866; baseline 0.001 -13"><span class='ocrx_word' id='word_1_128' title='bbox 210 819 221 828; x_wconf 87' lang='grc'><strong>”</strong></span> <span class='ocrx_word' id='word_1_129' title='bbox 249 819 323 854; x_wconf 87' lang='lat' dir='ltr'>enis</span> <span class='ocrx_word' id='word_1_130' title='bbox 344 822 379 854; x_wconf 87' lang='lat' dir='ltr'>et</span> <span class='ocrx_word' id='word_1_131' title='bbox 392 819 534 855; x_wconf 86' lang='lat' dir='ltr'>Eusebii</span> <span class='ocrx_word' id='word_1_132' title='bbox 546 820 607 856; x_wconf 90' lang='lat' dir='ltr'>lib.</span> <span class='ocrx_word' id='word_1_133' title='bbox 619 832 666 856; x_wconf 85' lang='lat' dir='ltr'>vr.</span> <span class='ocrx_word' id='word_1_134' title='bbox 684 820 920 858; x_wconf 69' lang='lat' dir='ltr'>contulissent.</span> <span class='ocrx_word' id='word_1_135' title='bbox 962 818 1041 855; x_wconf 84' lang='lat' dir='ltr'>Non</span> <span class='ocrx_word' id='word_1_136' title='bbox 1064 819 1156 858; x_wconf 82' lang='lat' dir='ltr'>enim</span> <span class='ocrx_word' id='word_1_137' title='bbox 1173 819 1293 855; x_wconf 86' lang='lat' dir='ltr'>dubita</span> <span class='ocrx_word' id='word_1_138' title='bbox 1389 821 1473 866; x_wconf 90' lang='lat' dir='ltr'>quin</span> <span class='ocrx_word' id='word_1_139' title='bbox 1489 831 1584 856; x_wconf 83' lang='lat' dir='ltr'>mera</span> <span class='ocrx_word' id='word_1_140' title='bbox 1598 820 1720 855; x_wconf 82' lang='lat' dir='ltr'>fabula</span> 
     </span>
     <span class='ocr_line' id='line_1_17' title="bbox 231 876 1719 923; baseline 0 -11"><span class='ocrx_word' id='word_1_141' title='bbox 231 880 233 884; x_wconf 84' lang='grc'>’</span> <span class='ocrx_word' id='word_1_142' title='bbox 277 887 344 922; x_wconf 85' lang='lat' dir='ltr'>que</span> <span class='ocrx_word' id='word_1_143' title='bbox 361 877 461 912; x_wconf 87' lang='lat' dir='ltr'>certis</span> <span class='ocrx_word' id='word_1_144' title='bbox 477 879 582 923; x_wconf 86' lang='lat' dir='ltr'>atque</span> <span class='ocrx_word' id='word_1_145' title='bbox 597 876 813 913; x_wconf 82' lang='lat' dir='ltr'>evidentibus</span> <span class='ocrx_word' id='word_1_146' title='bbox 829 876 1042 923; x_wconf 71' lang='lat' dir='ltr'>argumentis</span> <span class='ocrx_word' id='word_1_147' title='bbox 1058 876 1170 923; x_wconf 84' lang='lat' dir='ltr'>possit</span> <span class='ocrx_word' id='word_1_148' title='bbox 1185 876 1331 912; x_wconf 89' lang='lat' dir='ltr'>ostendi.</span> <span class='ocrx_word' id='word_1_149' title='bbox 1378 876 1468 912; x_wconf 86' lang='lat' dir='ltr'>Nam</span> <span class='ocrx_word' id='word_1_150' title='bbox 1490 876 1576 912; x_wconf 86' lang='lat' dir='ltr'>haec</span> <span class='ocrx_word' id='word_1_151' title='bbox 1599 877 1635 912; x_wconf 92' lang='lat' dir='ltr'>in</span> <span class='ocrx_word' id='word_1_152' title='bbox 1652 877 1719 922; x_wconf 83' lang='lat' dir='ltr'>Ty-</span> 
     </span>
    </p>
   </div>
   <div class='ocr_carea' id='block_1_8' title="bbox 129 915 1719 1037">
    <p class='ocr_par' dir='ltr' id='par_1_8' title="bbox 98 915 1719 1037">
     <span class='ocr_line' id='line_1_18' title="bbox 156 915 1719 980; baseline 0.001 -11.964"><span class='ocrx_word' id='word_1_153' title='bbox 156 915 170 938; x_wconf 16' lang='lat' dir='ltr'>&#39;V</span> <span class='ocrx_word' id='word_1_154' title='bbox 220 927 423 980; x_wconf 52' lang='lat' dir='ltr'>“profectio</span> <span class='ocrx_word' id='word_1_155' title='bbox 441 934 602 980; x_wconf 82' lang='lat' dir='ltr'>contigit,</span> <span class='ocrx_word' id='word_1_156' title='bbox 625 937 665 970; x_wconf 84' lang='lat' dir='ltr'>ut</span> <span class='ocrx_word' id='word_1_157' title='bbox 678 937 825 969; x_wconf 83' lang='lat' dir='ltr'>testatur</span> <span class='ocrx_word' id='word_1_158' title='bbox 838 932 1070 980; x_wconf 77' lang='lat' dir='ltr'>Epiphanius,</span> <span class='ocrx_word' id='word_1_159' title='bbox 1094 937 1175 980; x_wconf 88' lang='lat' dir='ltr'>post</span> <span class='ocrx_word' id='word_1_160' title='bbox 1189 933 1348 980; x_wconf 82' lang='lat' dir='ltr'>Origenis</span> <span class='ocrx_word' id='word_1_161' title='bbox 1369 934 1526 980; x_wconf 88' lang='lat' dir='ltr'>lapsum,</span> <span class='ocrx_word' id='word_1_162' title='bbox 1548 945 1627 969; x_wconf 91' lang='lat' dir='ltr'>cnm</span> <span class='ocrx_word' id='word_1_163' title='bbox 1650 934 1719 969; x_wconf 88' lang='lat' dir='ltr'>iam</span> 
     </span>
     <span class='ocr_line' id='line_1_19' title="bbox 129 990 1719 1037; baseline 0 -11"><span class='ocrx_word' id='word_1_164' title='bbox 129 991 141 1002; x_wconf 75' lang='grc'><strong>”</strong></span> <span class='ocrx_word' id='word_1_165' title='bbox 244 990 344 1037; x_wconf 75' lang='lat' dir='ltr'>byter</span> <span class='ocrx_word' id='word_1_166' title='bbox 360 990 537 1027; x_wconf 86' lang='lat' dir='ltr'>ordinatus</span> <span class='ocrx_word' id='word_1_167' title='bbox 553 994 655 1027; x_wconf 79' lang='lat' dir='ltr'>esset.</span> <span class='ocrx_word' id='word_1_168' title='bbox 690 990 769 1027; x_wconf 88' lang='lat' dir='ltr'>Nou</span> <span class='ocrx_word' id='word_1_169' title='bbox 783 990 870 1030; x_wconf 78' lang='lat' dir='ltr'>iliud</span> <span class='ocrx_word' id='word_1_170' title='bbox 882 990 956 1027; x_wconf 88' lang='lat' dir='ltr'>iam</span> <span class='ocrx_word' id='word_1_171' title='bbox 969 994 1106 1037; x_wconf 79' lang='lat' dir='ltr'>repeto,</span> <span class='ocrx_word' id='word_1_172' title='bbox 1123 990 1284 1036; x_wconf 86' lang='lat' dir='ltr'>Origenis</span> <span class='ocrx_word' id='word_1_173' title='bbox 1300 991 1535 1026; x_wconf 78' lang='lat' dir='ltr'>calamitatem</span> <span class='ocrx_word' id='word_1_174' title='bbox 1550 991 1659 1026; x_wconf 87' lang='lat' dir='ltr'>videri</span> <span class='ocrx_word' id='word_1_175' title='bbox 1674 1002 1719 1026; x_wconf 84' lang='lat' dir='ltr'>ex</span> 
     </span>
    </p>
   </div>
   <div class='ocr_carea' id='block_1_9' title="bbox 163 1046 1852 3031">
    <p class='ocr_par' dir='ltr' id='par_1_9' title="bbox 163 1046 1720 2348">
     <span class='ocr_line' id='line_1_20' title="bbox 163 1046 1719 1094; baseline 0 -11"><span class='ocrx_word' id='word_1_176' title='bbox 163 1046 348 1094; x_wconf 78' lang='lat' dir='ltr'>Epiphanii</span> <span class='ocrx_word' id='word_1_177' title='bbox 362 1051 478 1084; x_wconf 88' lang='lat' dir='ltr'>mente</span> <span class='ocrx_word' id='word_1_178' title='bbox 493 1047 559 1084; x_wconf 87' lang='lat' dir='ltr'>sub</span> <span class='ocrx_word' id='word_1_179' title='bbox 573 1047 679 1084; x_wconf 82' lang='lat' dir='ltr'>Decio</span> <span class='ocrx_word' id='word_1_180' title='bbox 695 1047 950 1091; x_wconf 82' lang='lat' dir='ltr'>collocandam,</span> <span class='ocrx_word' id='word_1_181' title='bbox 971 1048 1092 1094; x_wconf 85' lang='lat' dir='ltr'>paucis</span> <span class='ocrx_word' id='word_1_182' title='bbox 1114 1052 1195 1084; x_wconf 89' lang='lat' dir='ltr'>ante</span> <span class='ocrx_word' id='word_1_183' title='bbox 1218 1048 1310 1084; x_wconf 89' lang='lat' dir='ltr'>illius</span> <span class='ocrx_word' id='word_1_184' title='bbox 1327 1048 1460 1084; x_wconf 91' lang='lat' dir='ltr'>obitum</span> <span class='ocrx_word' id='word_1_185' title='bbox 1482 1048 1593 1084; x_wconf 86' lang='lat' dir='ltr'>annis.</span> <span class='ocrx_word' id='word_1_186' title='bbox 1640 1047 1719 1083; x_wconf 86' lang='lat' dir='ltr'>Fin-</span> 
     </span>
     <span class='ocr_line' id='line_1_21' title="bbox 163 1103 1719 1152; baseline 0 -13"><span class='ocrx_word' id='word_1_187' title='bbox 163 1114 290 1151; x_wconf 88' lang='lat' dir='ltr'>gamus</span> <span class='ocrx_word' id='word_1_188' title='bbox 307 1103 366 1141; x_wconf 90' lang='lat' dir='ltr'>diu</span> <span class='ocrx_word' id='word_1_189' title='bbox 380 1107 460 1141; x_wconf 86' lang='lat' dir='ltr'>ante</span> <span class='ocrx_word' id='word_1_190' title='bbox 476 1104 674 1151; x_wconf 77' lang='lat' dir='ltr'>contigisse.</span> <span class='ocrx_word' id='word_1_191' title='bbox 720 1104 798 1140; x_wconf 91' lang='lat' dir='ltr'>Duo</span> <span class='ocrx_word' id='word_1_192' title='bbox 821 1115 866 1140; x_wconf 87' lang='lat' dir='ltr'>ex</span> <span class='ocrx_word' id='word_1_193' title='bbox 888 1103 1040 1141; x_wconf 81' lang='lat' dir='ltr'>Eusebio</span> <span class='ocrx_word' id='word_1_194' title='bbox 1062 1108 1154 1140; x_wconf 87' lang='lat' dir='ltr'>certa</span> <span class='ocrx_word' id='word_1_195' title='bbox 1169 1109 1267 1148; x_wconf 84' lang='lat' dir='ltr'>sunt,</span> <span class='ocrx_word' id='word_1_196' title='bbox 1290 1105 1477 1152; x_wconf 85' lang='lat' dir='ltr'>Origenem</span> <span class='ocrx_word' id='word_1_197' title='bbox 1499 1116 1540 1140; x_wconf 88' lang='lat' dir='ltr'>eo</span> <span class='ocrx_word' id='word_1_198' title='bbox 1563 1109 1719 1151; x_wconf 86' lang='lat' dir='ltr'>tempore</span> 
     </span>
     <span class='ocr_line' id='line_1_22' title="bbox 163 1160 1720 1208; baseline 0 -11"><span class='ocrx_word' id='word_1_199' title='bbox 163 1161 404 1208; x_wconf 76' lang='lat' dir='ltr'>presbyterum</span> <span class='ocrx_word' id='word_1_200' title='bbox 420 1160 608 1199; x_wconf 70' lang='lat' dir='ltr'>Caesareae</span> <span class='ocrx_word' id='word_1_201' title='bbox 631 1172 708 1197; x_wconf 86' lang='lat' dir='ltr'>esse</span> <span class='ocrx_word' id='word_1_202' title='bbox 728 1161 876 1205; x_wconf 75' lang='lat' dir='ltr'>factum,</span> <span class='ocrx_word' id='word_1_203' title='bbox 899 1171 968 1208; x_wconf 87' lang='lat' dir='ltr'>quo</span> <span class='ocrx_word' id='word_1_204' title='bbox 991 1161 1144 1198; x_wconf 86' lang='lat' dir='ltr'>Zebinus</span> <span class='ocrx_word' id='word_1_205' title='bbox 1159 1161 1292 1198; x_wconf 89' lang='lat' dir='ltr'>Phileto</span> <span class='ocrx_word' id='word_1_206' title='bbox 1314 1167 1451 1198; x_wconf 81' lang='lat' dir='ltr'>mortuo</span> <span class='ocrx_word' id='word_1_207' title='bbox 1467 1161 1720 1198; x_wconf 81' lang='lat' dir='ltr'>Antiochenam</span> 
     </span>
     <span class='ocr_line' id='line_1_23' title="bbox 165 1218 1719 1266; baseline -0.001 -12"><span class='ocrx_word' id='word_1_208' title='bbox 165 1218 284 1254; x_wconf 87' lang='lat' dir='ltr'>sedem</span> <span class='ocrx_word' id='word_1_209' title='bbox 300 1218 466 1262; x_wconf 82' lang='lat' dir='ltr'>obtinuit,</span> <span class='ocrx_word' id='word_1_210' title='bbox 486 1229 568 1255; x_wconf 85' lang='lat' dir='ltr'>cum</span> <span class='ocrx_word' id='word_1_211' title='bbox 581 1218 619 1255; x_wconf 90' lang='lat' dir='ltr'>in</span> <span class='ocrx_word' id='word_1_212' title='bbox 637 1218 819 1256; x_wconf 77' lang='lat' dir='ltr'>Graeciam</span> <span class='ocrx_word' id='word_1_213' title='bbox 832 1229 894 1265; x_wconf 88' lang='lat' dir='ltr'>per</span> <span class='ocrx_word' id='word_1_214' title='bbox 907 1218 1142 1255; x_wconf 77' lang='lat' dir='ltr'>Palaestinam</span> <span class='ocrx_word' id='word_1_215' title='bbox 1157 1220 1222 1255; x_wconf 88' lang='lat' dir='ltr'>iter</span> <span class='ocrx_word' id='word_1_216' title='bbox 1237 1220 1384 1262; x_wconf 79' lang='lat' dir='ltr'>faceret,</span> <span class='ocrx_word' id='word_1_217' title='bbox 1401 1219 1491 1266; x_wconf 88' lang='lat' dir='ltr'>quod</span> <span class='ocrx_word' id='word_1_218' title='bbox 1508 1219 1568 1265; x_wconf 81' lang='lat' dir='ltr'>lib.</span> <span class='ocrx_word' id='word_1_219' title='bbox 1580 1231 1628 1255; x_wconf 57' lang='grc' dir='ltr'>τι.</span> <span class='ocrx_word' id='word_1_220' title='bbox 1645 1230 1719 1266; x_wconf 89' lang='lat' dir='ltr'>cap.</span> 
     </span>
     <span class='ocr_line' id='line_1_24' title="bbox 165 1275 1719 1324; baseline 0 -13"><span class='ocrx_word' id='word_1_221' title='bbox 165 1287 250 1312; x_wconf 83' lang='lat' dir='ltr'>xvrr.</span> <span class='ocrx_word' id='word_1_222' title='bbox 265 1279 392 1313; x_wconf 85' lang='lat' dir='ltr'>narrat.</span> <span class='ocrx_word' id='word_1_223' title='bbox 428 1275 514 1311; x_wconf 80' lang='lat' dir='ltr'>Item</span> <span class='ocrx_word' id='word_1_224' title='bbox 529 1279 608 1323; x_wconf 80' lang='lat' dir='ltr'>post</span> <span class='ocrx_word' id='word_1_225' title='bbox 622 1286 753 1311; x_wconf 86' lang='lat' dir='ltr'>annum</span> <span class='ocrx_word' id='word_1_226' title='bbox 767 1275 958 1312; x_wconf 83' lang='lat' dir='ltr'>Alexandri</span> <span class='ocrx_word' id='word_1_227' title='bbox 972 1276 1145 1313; x_wconf 87' lang='lat' dir='ltr'>decimum</span> <span class='ocrx_word' id='word_1_228' title='bbox 1161 1275 1368 1312; x_wconf 84' lang='lat' dir='ltr'>Caesaream</span> <span class='ocrx_word' id='word_1_229' title='bbox 1383 1276 1641 1324; x_wconf 82' lang='lat' dir='ltr'>profugientem</span> <span class='ocrx_word' id='word_1_230' title='bbox 1655 1276 1719 1312; x_wconf 91' lang='lat' dir='ltr'>ibi-</span> 
     </span>
     <span class='ocr_line' id='line_1_25' title="bbox 165 1331 1719 1380; baseline 0 -12"><span class='ocrx_word' id='word_1_231' title='bbox 165 1331 244 1368; x_wconf 88' lang='lat' dir='ltr'>dem</span> <span class='ocrx_word' id='word_1_232' title='bbox 259 1331 388 1369; x_wconf 85' lang='lat' dir='ltr'>diutius</span> <span class='ocrx_word' id='word_1_233' title='bbox 403 1331 568 1369; x_wconf 76' lang='lat' dir='ltr'>haesisse.</span> <span class='ocrx_word' id='word_1_234' title='bbox 590 1332 692 1380; x_wconf 84' lang='lat' dir='ltr'>Apud</span> <span class='ocrx_word' id='word_1_235' title='bbox 705 1332 896 1369; x_wconf 79' lang='lat' dir='ltr'>Eusebium</span> <span class='ocrx_word' id='word_1_236' title='bbox 911 1333 949 1370; x_wconf 87' lang='lat' dir='ltr'>in</span> <span class='ocrx_word' id='word_1_237' title='bbox 961 1332 1131 1370; x_wconf 88' lang='lat' dir='ltr'>Chronico</span> <span class='ocrx_word' id='word_1_238' title='bbox 1148 1333 1307 1369; x_wconf 88' lang='lat' dir='ltr'>Zebenus</span> <span class='ocrx_word' id='word_1_239' title='bbox 1323 1338 1403 1380; x_wconf 84' lang='lat' dir='ltr'>poet</span> <span class='ocrx_word' id='word_1_240' title='bbox 1417 1332 1587 1369; x_wconf 89' lang='lat' dir='ltr'>Philetum</span> <span class='ocrx_word' id='word_1_241' title='bbox 1602 1334 1719 1369; x_wconf 88' lang='lat' dir='ltr'>Antio-</span> 
     </span>
     <span class='ocr_line' id='line_1_26' title="bbox 165 1384 1720 1437; baseline 0.001 -12"><span class='ocrx_word' id='word_1_242' title='bbox 165 1389 295 1425; x_wconf 90' lang='lat' dir='ltr'>chenus</span> <span class='ocrx_word' id='word_1_243' title='bbox 318 1389 502 1436; x_wconf 87' lang='lat' dir='ltr'>episcopus</span> <span class='ocrx_word' id='word_1_244' title='bbox 523 1389 637 1425; x_wconf 74' lang='lat' dir='ltr'>factus</span> <span class='ocrx_word' id='word_1_245' title='bbox 659 1394 728 1432; x_wconf 89' lang='lat' dir='ltr'>est,</span> <span class='ocrx_word' id='word_1_246' title='bbox 752 1400 844 1425; x_wconf 84' lang='lat' dir='ltr'>anno</span> <span class='ocrx_word' id='word_1_247' title='bbox 859 1389 1048 1427; x_wconf 83' lang='lat' dir='ltr'>Alexandri</span> <span class='ocrx_word' id='word_1_248' title='bbox 1059 1402 1132 1432; x_wconf 67' lang='lat' dir='ltr'>vn„</span> <span class='ocrx_word' id='word_1_249' title='bbox 1148 1390 1208 1437; x_wconf 85' lang='lat' dir='ltr'>qui</span> <span class='ocrx_word' id='word_1_250' title='bbox 1223 1394 1277 1426; x_wconf 85' lang='lat' dir='ltr'>eat</span> <span class='ocrx_word' id='word_1_251' title='bbox 1292 1389 1421 1427; x_wconf 84' lang='lat' dir='ltr'>Christi</span> <span class='ocrx_word' id='word_1_252' title='bbox 1437 1384 1619 1433; x_wconf 59' lang='lat' dir='ltr'>ccxxrru„</span> <span class='ocrx_word' id='word_1_253' title='bbox 1641 1402 1720 1426; x_wconf 89' lang='lat' dir='ltr'>cum</span> 
     </span>
     <span class='ocr_line' id='line_1_27' title="bbox 168 1446 1720 1494; baseline 0.001 -12"><span class='ocrx_word' id='word_1_254' title='bbox 168 1446 336 1494; x_wconf 82' lang='lat' dir='ltr'>Origenes</span> <span class='ocrx_word' id='word_1_255' title='bbox 353 1457 483 1484; x_wconf 84' lang='lat' dir='ltr'>annum</span> <span class='ocrx_word' id='word_1_256' title='bbox 499 1450 618 1494; x_wconf 84' lang='lat' dir='ltr'>ageret</span> <span class='ocrx_word' id='word_1_257' title='bbox 628 1458 728 1483; x_wconf 70' lang='lat' dir='ltr'>xant.</span> <span class='ocrx_word' id='word_1_258' title='bbox 753 1447 876 1483; x_wconf 87' lang='lat' dir='ltr'>Annus</span> <span class='ocrx_word' id='word_1_259' title='bbox 891 1458 973 1483; x_wconf 82' lang='lat' dir='ltr'>vero</span> <span class='ocrx_word' id='word_1_260' title='bbox 990 1447 1142 1483; x_wconf 85' lang='lat' dir='ltr'>decimus</span> <span class='ocrx_word' id='word_1_261' title='bbox 1155 1447 1344 1483; x_wconf 85' lang='lat' dir='ltr'>Alexandri</span> <span class='ocrx_word' id='word_1_262' title='bbox 1356 1447 1483 1483; x_wconf 85' lang='lat' dir='ltr'>Christi</span> <span class='ocrx_word' id='word_1_263' title='bbox 1499 1452 1551 1483; x_wconf 91' lang='lat' dir='ltr'>est</span> <span class='ocrx_word' id='word_1_264' title='bbox 1564 1458 1720 1490; x_wconf 68' lang='lat' dir='ltr'>ccxxxr„</span> 
     </span>
     <span class='ocr_line' id='line_1_28' title="bbox 167 1503 1720 1551; baseline 0.001 -12"><span class='ocrx_word' id='word_1_265' title='bbox 167 1503 328 1550; x_wconf 85' lang='lat' dir='ltr'>Origenis</span> <span class='ocrx_word' id='word_1_266' title='bbox 342 1515 449 1548; x_wconf 68' lang='lat' dir='ltr'>nvn,</span> <span class='ocrx_word' id='word_1_267' title='bbox 464 1514 486 1540; x_wconf 87' lang='lat' dir='ltr'>a</span> <span class='ocrx_word' id='word_1_268' title='bbox 501 1514 569 1551; x_wconf 86' lang='lat' dir='ltr'>quo</span> <span class='ocrx_word' id='word_1_269' title='bbox 585 1503 629 1539; x_wconf 86' lang='lat' dir='ltr'>ad</span> <span class='ocrx_word' id='word_1_270' title='bbox 645 1503 720 1539; x_wconf 88' lang='lat' dir='ltr'>eius</span> <span class='ocrx_word' id='word_1_271' title='bbox 737 1504 886 1546; x_wconf 89' lang='lat' dir='ltr'>obitum,</span> <span class='ocrx_word' id='word_1_272' title='bbox 909 1504 969 1551; x_wconf 87' lang='lat' dir='ltr'>qui</span> <span class='ocrx_word' id='word_1_273' title='bbox 988 1515 1078 1540; x_wconf 88' lang='lat' dir='ltr'>anno</span> <span class='ocrx_word' id='word_1_274' title='bbox 1095 1503 1223 1540; x_wconf 86' lang='lat' dir='ltr'>Christi</span> <span class='ocrx_word' id='word_1_275' title='bbox 1240 1515 1357 1542; x_wconf 79' lang='lat' dir='ltr'>ccuv.</span> <span class='ocrx_word' id='word_1_276' title='bbox 1376 1505 1516 1547; x_wconf 86' lang='lat' dir='ltr'>accidit,</span> <span class='ocrx_word' id='word_1_277' title='bbox 1538 1506 1622 1541; x_wconf 87' lang='lat' dir='ltr'>anni</span> <span class='ocrx_word' id='word_1_278' title='bbox 1637 1509 1720 1541; x_wconf 88' lang='lat' dir='ltr'>sunt</span> 
     </span>
     <span class='ocr_line' id='line_1_29' title="bbox 165 1560 1719 1608; baseline 0.001 -12"><span class='ocrx_word' id='word_1_279' title='bbox 165 1571 236 1603; x_wconf 82' lang='lat' dir='ltr'>non</span> <span class='ocrx_word' id='word_1_280' title='bbox 252 1561 481 1608; x_wconf 81' lang='lat' dir='ltr'>pluresxxru.</span> <span class='ocrx_word' id='word_1_281' title='bbox 503 1561 664 1597; x_wconf 79' lang='lat' dir='ltr'>Meminit</span> <span class='ocrx_word' id='word_1_282' title='bbox 673 1560 776 1597; x_wconf 87' lang='lat' dir='ltr'>huius</span> <span class='ocrx_word' id='word_1_283' title='bbox 788 1560 960 1598; x_wconf 87' lang='lat' dir='ltr'>secundae</span> <span class='ocrx_word' id='word_1_284' title='bbox 971 1561 1008 1597; x_wconf 92' lang='lat' dir='ltr'>in</span> <span class='ocrx_word' id='word_1_285' title='bbox 1018 1561 1255 1597; x_wconf 87' lang='lat' dir='ltr'>Palaestinam</span> <span class='ocrx_word' id='word_1_286' title='bbox 1269 1561 1494 1608; x_wconf 80' lang='lat' dir='ltr'>profectionis</span> <span class='ocrx_word' id='word_1_287' title='bbox 1508 1561 1601 1598; x_wconf 89' lang='lat' dir='ltr'>idem</span> <span class='ocrx_word' id='word_1_288' title='bbox 1612 1561 1719 1598; x_wconf 89' lang='lat' dir='ltr'>Euse-</span> 
     </span>
     <span class='ocr_line' id='line_1_30' title="bbox 165 1616 1718 1665; baseline 0.001 -12"><span class='ocrx_word' id='word_1_289' title='bbox 165 1618 244 1653; x_wconf 91' lang='lat' dir='ltr'>bius</span> <span class='ocrx_word' id='word_1_290' title='bbox 259 1617 296 1653; x_wconf 91' lang='lat' dir='ltr'>in</span> <span class='ocrx_word' id='word_1_291' title='bbox 313 1616 474 1655; x_wconf 86' lang='lat' dir='ltr'>chronico</span> <span class='ocrx_word' id='word_1_292' title='bbox 490 1617 535 1654; x_wconf 91' lang='lat' dir='ltr'>ad</span> <span class='ocrx_word' id='word_1_293' title='bbox 550 1628 681 1654; x_wconf 88' lang='lat' dir='ltr'>annum</span> <span class='ocrx_word' id='word_1_294' title='bbox 697 1618 863 1655; x_wconf 84' lang='lat' dir='ltr'>Antonini</span> <span class='ocrx_word' id='word_1_295' title='bbox 879 1630 929 1655; x_wconf 84' lang='lat' dir='ltr'>xr.</span> <span class='ocrx_word' id='word_1_296' title='bbox 961 1618 1089 1655; x_wconf 88' lang='lat' dir='ltr'>Verum</span> <span class='ocrx_word' id='word_1_297' title='bbox 1106 1622 1186 1653; x_wconf 87' lang='lat' dir='ltr'>ante</span> <span class='ocrx_word' id='word_1_298' title='bbox 1201 1617 1267 1654; x_wconf 89' lang='lat' dir='ltr'>hoc</span> <span class='ocrx_word' id='word_1_299' title='bbox 1285 1622 1440 1665; x_wconf 87' lang='lat' dir='ltr'>tempus,</span> <span class='ocrx_word' id='word_1_300' title='bbox 1461 1617 1621 1654; x_wconf 85' lang='lat' dir='ltr'>hortante</span> <span class='ocrx_word' id='word_1_301' title='bbox 1637 1620 1718 1654; x_wconf 90' lang='lat' dir='ltr'>Am·</span> 
     </span>
     <span class='ocr_line' id='line_1_31' title="bbox 165 1675 1718 1722; baseline 0.001 -12"><span class='ocrx_word' id='word_1_302' title='bbox 165 1675 280 1711; x_wconf 88' lang='lat' dir='ltr'>brosio</span> <span class='ocrx_word' id='word_1_303' title='bbox 288 1701 298 1718; x_wconf 86' lang='lat'>,</span> <span class='ocrx_word' id='word_1_304' title='bbox 314 1675 580 1711; x_wconf 84' lang='lat' dir='ltr'>commentarios</span> <span class='ocrx_word' id='word_1_305' title='bbox 596 1675 633 1711; x_wconf 90' lang='lat' dir='ltr'>in</span> <span class='ocrx_word' id='word_1_306' title='bbox 645 1685 779 1711; x_wconf 85' lang='lat' dir='ltr'>sacram</span> <span class='ocrx_word' id='word_1_307' title='bbox 791 1675 998 1722; x_wconf 81' lang='lat' dir='ltr'>scripturam</span> <span class='ocrx_word' id='word_1_308' title='bbox 1011 1676 1248 1719; x_wconf 82' lang='lat' dir='ltr'>elucubrasse,</span> <span class='ocrx_word' id='word_1_309' title='bbox 1264 1675 1368 1722; x_wconf 90' lang='lat' dir='ltr'>idque</span> <span class='ocrx_word' id='word_1_310' title='bbox 1379 1676 1506 1722; x_wconf 90' lang='lat' dir='ltr'>partim</span> <span class='ocrx_word' id='word_1_311' title='bbox 1518 1675 1718 1719; x_wconf 84' lang='lat' dir='ltr'>Caesareae,</span> 
     </span>
     <span class='ocr_line' id='line_1_32' title="bbox 164 1731 1718 1780; baseline 0 -12"><span class='ocrx_word' id='word_1_312' title='bbox 164 1732 293 1779; x_wconf 85' lang='lat' dir='ltr'>partim</span> <span class='ocrx_word' id='word_1_313' title='bbox 309 1732 393 1768; x_wconf 89' lang='lat' dir='ltr'>alibi</span> <span class='ocrx_word' id='word_1_314' title='bbox 406 1731 547 1775; x_wconf 82' lang='lat' dir='ltr'>fecisse,</span> <span class='ocrx_word' id='word_1_315' title='bbox 562 1743 633 1768; x_wconf 90' lang='lat' dir='ltr'>non</span> <span class='ocrx_word' id='word_1_316' title='bbox 649 1732 794 1768; x_wconf 85' lang='lat' dir='ltr'>obscure</span> <span class='ocrx_word' id='word_1_317' title='bbox 810 1732 986 1779; x_wconf 82' lang='lat' dir='ltr'>significat</span> <span class='ocrx_word' id='word_1_318' title='bbox 1000 1732 1173 1768; x_wconf 85' lang='lat' dir='ltr'>Eusebius</span> <span class='ocrx_word' id='word_1_319' title='bbox 1191 1743 1267 1780; x_wconf 85' lang='lat' dir='ltr'>cap.</span> <span class='ocrx_word' id='word_1_320' title='bbox 1279 1744 1364 1768; x_wconf 73' lang='grc' dir='ltr'>ιω.</span> <span class='ocrx_word' id='word_1_321' title='bbox 1413 1732 1480 1768; x_wconf 91' lang='lat' dir='ltr'>Ubi</span> <span class='ocrx_word' id='word_1_322' title='bbox 1495 1733 1616 1769; x_wconf 89' lang='lat' dir='ltr'>eodem</span> <span class='ocrx_word' id='word_1_323' title='bbox 1633 1738 1718 1769; x_wconf 88' lang='lat' dir='ltr'>tem-</span> 
     </span>
     <span class='ocr_line' id='line_1_33' title="bbox 165 1789 1719 1837; baseline 0.001 -13"><span class='ocrx_word' id='word_1_324' title='bbox 165 1799 266 1836; x_wconf 87' lang='lat' dir='ltr'>pore,</span> <span class='ocrx_word' id='word_1_325' title='bbox 281 1799 350 1836; x_wconf 88' lang='lat' dir='ltr'>quo</span> <span class='ocrx_word' id='word_1_326' title='bbox 366 1793 485 1824; x_wconf 88' lang='lat' dir='ltr'>autore</span> <span class='ocrx_word' id='word_1_327' title='bbox 498 1789 680 1824; x_wconf 86' lang='lat' dir='ltr'>Ambrosio</span> <span class='ocrx_word' id='word_1_328' title='bbox 691 1789 728 1824; x_wconf 91' lang='lat' dir='ltr'>in</span> <span class='ocrx_word' id='word_1_329' title='bbox 744 1789 1009 1825; x_wconf 86' lang='lat' dir='ltr'>commentando</span> <span class='ocrx_word' id='word_1_330' title='bbox 1022 1793 1096 1824; x_wconf 90' lang='lat' dir='ltr'>erat</span> <span class='ocrx_word' id='word_1_331' title='bbox 1111 1794 1315 1836; x_wconf 87' lang='lat' dir='ltr'>occupatus,</span> <span class='ocrx_word' id='word_1_332' title='bbox 1330 1789 1607 1837; x_wconf 85' lang='lat' dir='ltr'>proficiscentem</span> <span class='ocrx_word' id='word_1_333' title='bbox 1620 1791 1719 1827; x_wconf 91' lang='lat' dir='ltr'>illum</span> 
     </span>
     <span class='ocr_line' id='line_1_34' title="bbox 165 1845 1720 1893; baseline 0.001 -12"><span class='ocrx_word' id='word_1_334' title='bbox 165 1846 203 1881; x_wconf 89' lang='lat' dir='ltr'>in</span> <span class='ocrx_word' id='word_1_335' title='bbox 219 1845 400 1884; x_wconf 71' lang='lat' dir='ltr'>Graeciam</span> <span class='ocrx_word' id='word_1_336' title='bbox 413 1850 534 1882; x_wconf 76' lang='lat' dir='ltr'>narrat</span> <span class='ocrx_word' id='word_1_337' title='bbox 549 1845 734 1883; x_wconf 86' lang='lat' dir='ltr'>Caesareae</span> <span class='ocrx_word' id='word_1_338' title='bbox 751 1846 946 1882; x_wconf 89' lang='lat' dir='ltr'>ordinatum</span> <span class='ocrx_word' id='word_1_339' title='bbox 961 1857 1038 1882; x_wconf 88' lang='lat' dir='ltr'>esse</span> <span class='ocrx_word' id='word_1_340' title='bbox 1053 1847 1304 1893; x_wconf 79' lang='lat' dir='ltr'>presbyterum.</span> <span class='ocrx_word' id='word_1_341' title='bbox 1336 1846 1504 1889; x_wconf 86' lang='lat' dir='ltr'>Quocirca</span> <span class='ocrx_word' id='word_1_342' title='bbox 1521 1848 1651 1883; x_wconf 75' lang='lat' dir='ltr'>falsum</span> <span class='ocrx_word' id='word_1_343' title='bbox 1667 1852 1720 1883; x_wconf 87' lang='lat' dir='ltr'>est</span> 
     </span>
     <span class='ocr_line' id='line_1_35' title="bbox 166 1902 1719 1951; baseline 0.001 -13"><span class='ocrx_word' id='word_1_344' title='bbox 166 1902 351 1950; x_wconf 87' lang='lat' dir='ltr'>Origenem</span> <span class='ocrx_word' id='word_1_345' title='bbox 366 1906 458 1939; x_wconf 87' lang='lat' dir='ltr'>totos</span> <span class='ocrx_word' id='word_1_346' title='bbox 474 1914 587 1939; x_wconf 84' lang='lat' dir='ltr'>xxvur</span> <span class='ocrx_word' id='word_1_347' title='bbox 602 1914 712 1940; x_wconf 89' lang='lat' dir='ltr'>annos</span> <span class='ocrx_word' id='word_1_348' title='bbox 724 1903 807 1949; x_wconf 78' lang='lat' dir='ltr'>Tyri</span> <span class='ocrx_word' id='word_1_349' title='bbox 823 1903 1038 1946; x_wconf 81' lang='lat' dir='ltr'>consedisse,</span> <span class='ocrx_word' id='word_1_350' title='bbox 1058 1904 1176 1950; x_wconf 84' lang='lat' dir='ltr'>ibique</span> <span class='ocrx_word' id='word_1_351' title='bbox 1197 1905 1524 1941; x_wconf 83' lang='lat' dir='ltr'>commentariorum</span> <span class='ocrx_word' id='word_1_352' title='bbox 1539 1905 1719 1951; x_wconf 82' lang='lat' dir='ltr'>ingentem</span> 
     </span>
     <span class='ocr_line' id='line_1_36' title="bbox 165 1959 1718 2012; baseline 0 -16"><span class='ocrx_word' id='word_1_353' title='bbox 165 1960 263 1996; x_wconf 82' lang='lat' dir='ltr'>illam</span> <span class='ocrx_word' id='word_1_354' title='bbox 275 1960 405 1996; x_wconf 85' lang='lat' dir='ltr'>molem</span> <span class='ocrx_word' id='word_1_355' title='bbox 419 1959 578 1997; x_wconf 80' lang='lat' dir='ltr'>edidisse.</span> <span class='ocrx_word' id='word_1_356' title='bbox 623 1960 697 1996; x_wconf 80' lang='lat' dir='ltr'>Hoc</span> <span class='ocrx_word' id='word_1_357' title='bbox 713 1961 806 1997; x_wconf 90' lang='lat' dir='ltr'>enim</span> <span class='ocrx_word' id='word_1_358' title='bbox 823 1960 1071 2003; x_wconf 83' lang='lat' dir='ltr'>Alexandriae,</span> <span class='ocrx_word' id='word_1_359' title='bbox 1088 1959 1295 2012; x_wconf 69' lang='lat' dir='ltr'>Caesareae,</span> <span class='ocrx_word' id='word_1_360' title='bbox 1311 1961 1455 1996; x_wconf 86' lang='lat' dir='ltr'>Athenis</span> <span class='ocrx_word' id='word_1_361' title='bbox 1471 1961 1616 1998; x_wconf 83' lang='lat' dir='ltr'>diversis</span> <span class='ocrx_word' id='word_1_362' title='bbox 1632 1966 1718 1997; x_wconf 87' lang='lat' dir='ltr'>tem-</span> 
     </span>
     <span class='ocr_line' id='line_1_37' title="bbox 165 2017 1718 2067; baseline 0.002 -15"><span class='ocrx_word' id='word_1_363' title='bbox 165 2017 307 2064; x_wconf 87' lang='lat' dir='ltr'>poribus</span> <span class='ocrx_word' id='word_1_364' title='bbox 330 2017 418 2064; x_wconf 85' lang='lat' dir='ltr'>egit,</span> <span class='ocrx_word' id='word_1_365' title='bbox 441 2017 493 2052; x_wconf 87' lang='lat' dir='ltr'>uti</span> <span class='ocrx_word' id='word_1_366' title='bbox 514 2027 588 2064; x_wconf 90' lang='lat' dir='ltr'>cap.</span> <span class='ocrx_word' id='word_1_367' title='bbox 602 2028 700 2052; x_wconf 79' lang='lat' dir='ltr'>xvrrr.</span> <span class='ocrx_word' id='word_1_368' title='bbox 716 2017 835 2052; x_wconf 87' lang='lat' dir='ltr'>scribit</span> <span class='ocrx_word' id='word_1_369' title='bbox 855 2017 1036 2052; x_wconf 84' lang='lat' dir='ltr'>Eusebius.</span> <span class='ocrx_word' id='word_1_370' title='bbox 1082 2017 1133 2052; x_wconf 92' lang='lat' dir='ltr'>De</span> <span class='ocrx_word' id='word_1_371' title='bbox 1150 2018 1253 2064; x_wconf 82' lang='lat' dir='ltr'>Tyrio</span> <span class='ocrx_word' id='word_1_372' title='bbox 1277 2029 1417 2053; x_wconf 86' lang='lat' dir='ltr'>secessu</span> <span class='ocrx_word' id='word_1_373' title='bbox 1438 2019 1535 2054; x_wconf 89' lang='lat' dir='ltr'>nulla</span> <span class='ocrx_word' id='word_1_374' title='bbox 1558 2023 1612 2054; x_wconf 88' lang='lat' dir='ltr'>est</span> <span class='ocrx_word' id='word_1_375' title='bbox 1627 2020 1718 2067; x_wconf 88' lang='lat' dir='ltr'>apud</span> 
     </span>
     <span class='ocr_line' id='line_1_38' title="bbox 164 2073 1717 2122; baseline 0 -11"><span class='ocrx_word' id='word_1_376' title='bbox 164 2073 354 2111; x_wconf 78' lang='lat' dir='ltr'>Eusebium</span> <span class='ocrx_word' id='word_1_377' title='bbox 368 2073 462 2120; x_wconf 87' lang='lat' dir='ltr'>quod</span> <span class='ocrx_word' id='word_1_378' title='bbox 475 2074 584 2111; x_wconf 83' lang='lat' dir='ltr'>sciam</span> <span class='ocrx_word' id='word_1_379' title='bbox 599 2074 741 2110; x_wconf 85' lang='lat' dir='ltr'>mentio.</span> <span class='ocrx_word' id='word_1_380' title='bbox 764 2074 904 2110; x_wconf 87' lang='lat' dir='ltr'>Hieron.</span> <span class='ocrx_word' id='word_1_381' title='bbox 921 2074 1091 2110; x_wconf 80' lang='lat' dir='ltr'>duntaxat</span> <span class='ocrx_word' id='word_1_382' title='bbox 1106 2074 1216 2121; x_wconf 85' lang='lat' dir='ltr'>Epist.</span> <span class='ocrx_word' id='word_1_383' title='bbox 1230 2087 1286 2111; x_wconf 77' lang='lat' dir='ltr'>nv.</span> <span class='ocrx_word' id='word_1_384' title='bbox 1304 2075 1346 2110; x_wconf 90' lang='lat' dir='ltr'>de</span> <span class='ocrx_word' id='word_1_385' title='bbox 1361 2075 1545 2111; x_wconf 80' lang='lat' dir='ltr'>Erroribus</span> <span class='ocrx_word' id='word_1_386' title='bbox 1563 2075 1656 2122; x_wconf 84' lang='lat' dir='ltr'>Orig.</span> <span class='ocrx_word' id='word_1_387' title='bbox 1675 2076 1717 2111; x_wconf 88' lang='lat' dir='ltr'>ad</span> 
     </span>
     <span class='ocr_line' id='line_1_39' title="bbox 165 2129 1716 2178; baseline -0.001 -11"><span class='ocrx_word' id='word_1_388' title='bbox 165 2129 297 2167; x_wconf 68' lang='lat' dir='ltr'>Parnm.</span> <span class='ocrx_word' id='word_1_389' title='bbox 329 2130 482 2174; x_wconf 74' lang='lat' dir='ltr'>Centum,</span> <span class='ocrx_word' id='word_1_390' title='bbox 503 2131 634 2178; x_wconf 84' lang='lat' dir='ltr'>inquit,</span> <span class='ocrx_word' id='word_1_391' title='bbox 657 2133 888 2178; x_wconf 74' lang='lat' dir='ltr'>quadraqs‘nta</span> <span class='ocrx_word' id='word_1_392' title='bbox 911 2135 995 2167; x_wconf 69' lang='lat' dir='ltr'>antei</span> <span class='ocrx_word' id='word_1_393' title='bbox 1008 2145 1120 2178; x_wconf 81' lang='lat' dir='ltr'>prope</span> <span class='ocrx_word' id='word_1_394' title='bbox 1139 2138 1229 2174; x_wconf 66' lang='lat' dir='ltr'>suras,</span> <span class='ocrx_word' id='word_1_395' title='bbox 1253 2145 1293 2167; x_wconf 76' lang='lat' dir='ltr'>ea:</span> <span class='ocrx_word' id='word_1_396' title='bbox 1311 2145 1372 2178; x_wconf 78' lang='lat' dir='ltr'>quo</span> <span class='ocrx_word' id='word_1_397' title='bbox 1393 2133 1554 2178; x_wconf 76' lang='lat' dir='ltr'>Oriqenes</span> <span class='ocrx_word' id='word_1_398' title='bbox 1569 2139 1716 2168; x_wconf 76' lang='lat' dir='ltr'>mortuus</span> 
     </span>
     <span class='ocr_line' id='line_1_40' title="bbox 166 2187 1718 2236; baseline 0.001 -13"><span class='ocrx_word' id='word_1_399' title='bbox 166 2194 215 2223; x_wconf 73' lang='lat' dir='ltr'>ess</span> <span class='ocrx_word' id='word_1_400' title='bbox 233 2188 335 2234; x_wconf 70' lang='lat' dir='ltr'>Tyri.-</span> <span class='ocrx_word' id='word_1_401' title='bbox 350 2187 443 2235; x_wconf 82' lang='lat' dir='ltr'>quod</span> <span class='ocrx_word' id='word_1_402' title='bbox 456 2187 550 2224; x_wconf 87' lang='lat' dir='ltr'>idem</span> <span class='ocrx_word' id='word_1_403' title='bbox 563 2188 600 2225; x_wconf 92' lang='lat' dir='ltr'>in</span> <span class='ocrx_word' id='word_1_404' title='bbox 617 2187 785 2235; x_wconf 81' lang='lat' dir='ltr'>Catalogo</span> <span class='ocrx_word' id='word_1_405' title='bbox 801 2188 925 2236; x_wconf 89' lang='lat' dir='ltr'>Script.</span> <span class='ocrx_word' id='word_1_406' title='bbox 941 2188 1034 2224; x_wconf 86' lang='lat' dir='ltr'>Eccl.</span> <span class='ocrx_word' id='word_1_407' title='bbox 1050 2194 1307 2226; x_wconf 86' lang='lat' dir='ltr'>commemorat.</span> <span class='ocrx_word' id='word_1_408' title='bbox 1335 2190 1527 2225; x_wconf 79' lang='lat' dir='ltr'>Verisimile</span> <span class='ocrx_word' id='word_1_409' title='bbox 1544 2194 1596 2225; x_wconf 85' lang='lat' dir='ltr'>est</span> <span class='ocrx_word' id='word_1_410' title='bbox 1611 2190 1718 2236; x_wconf 87' lang='lat' dir='ltr'>igitur</span> 
     </span>
     <span class='ocr_line' id='line_1_41' title="bbox 167 2244 1717 2293; baseline 0.001 -12"><span class='ocrx_word' id='word_1_411' title='bbox 167 2244 374 2292; x_wconf 74' lang='lat' dir='ltr'>Origenem,</span> <span class='ocrx_word' id='word_1_412' title='bbox 389 2255 470 2282; x_wconf 89' lang='lat' dir='ltr'>cum</span> <span class='ocrx_word' id='word_1_413' title='bbox 491 2245 530 2281; x_wconf 92' lang='lat' dir='ltr'>in</span> <span class='ocrx_word' id='word_1_414' title='bbox 545 2244 643 2281; x_wconf 88' lang='lat' dir='ltr'>Decii</span> <span class='ocrx_word' id='word_1_415' title='bbox 662 2245 901 2293; x_wconf 87' lang='lat' dir='ltr'>persecutione</span> <span class='ocrx_word' id='word_1_416' title='bbox 924 2245 1049 2282; x_wconf 82' lang='lat' dir='ltr'>affecta</span> <span class='ocrx_word' id='word_1_417' title='bbox 1070 2246 1140 2282; x_wconf 89' lang='lat' dir='ltr'>iam</span> <span class='ocrx_word' id='word_1_418' title='bbox 1156 2250 1270 2282; x_wconf 83' lang='lat' dir='ltr'>aetate</span> <span class='ocrx_word' id='word_1_419' title='bbox 1285 2247 1405 2292; x_wconf 86' lang='lat' dir='ltr'>lapsus</span> <span class='ocrx_word' id='word_1_420' title='bbox 1422 2250 1532 2289; x_wconf 88' lang='lat' dir='ltr'>esset,</span> <span class='ocrx_word' id='word_1_421' title='bbox 1547 2247 1584 2281; x_wconf 90' lang='lat' dir='ltr'>in</span> <span class='ocrx_word' id='word_1_422' title='bbox 1598 2245 1717 2282; x_wconf 86' lang='lat' dir='ltr'>Palae-</span> 
     </span>
     <span class='ocr_line' id='line_1_42' title="bbox 165 2301 940 2348; baseline 0.001 -10"><span class='ocrx_word' id='word_1_423' title='bbox 165 2302 294 2339; x_wconf 78' lang='lat' dir='ltr'>stinam</span> <span class='ocrx_word' id='word_1_424' title='bbox 308 2303 492 2339; x_wconf 81' lang='lat' dir='ltr'>recessisse</span> <span class='ocrx_word' id='word_1_425' title='bbox 508 2312 548 2338; x_wconf 89' lang='lat' dir='ltr'>ac</span> <span class='ocrx_word' id='word_1_426' title='bbox 564 2301 647 2348; x_wconf 80' lang='lat' dir='ltr'>Tyri</span> <span class='ocrx_word' id='word_1_427' title='bbox 662 2306 839 2338; x_wconf 89' lang='lat' dir='ltr'>mortuum</span> <span class='ocrx_word' id='word_1_428' title='bbox 853 2314 940 2339; x_wconf 84' lang='lat' dir='ltr'>esse.</span> 
     </span>
    </p>

    <p class='ocr_par' dir='ltr' id='par_1_10' title="bbox 165 2357 1717 2520">
     <span class='ocr_line' id='line_1_43' title="bbox 255 2357 1717 2407; baseline 0 -11"><span class='ocrx_word' id='word_1_429' title='bbox 255 2358 296 2396; x_wconf 81' lang='lat' dir='ltr'>N.</span> <span class='ocrx_word' id='word_1_430' title='bbox 308 2371 360 2396; x_wconf 88' lang='lat' dir='ltr'>m.</span> <span class='ocrx_word' id='word_1_431' title='bbox 384 2357 484 2395; x_wconf 73' lang='grc' dir='ltr'><strong>Ὅθεν</strong></span> <span class='ocrx_word' id='word_1_432' title='bbox 497 2358 535 2394; x_wconf 79' lang='lat' dir='ltr'>rb</span> <span class='ocrx_word' id='word_1_433' title='bbox 552 2359 683 2405; x_wconf 81' lang='grc' dir='ltr'>πρῶτον</span> <span class='ocrx_word' id='word_1_434' title='bbox 700 2358 801 2394; x_wconf 75' lang='grc' dir='ltr'>αὐτοῦ</span> <span class='ocrx_word' id='word_1_435' title='bbox 817 2357 1004 2406; x_wconf 56' lang='grc' dir='ltr'>ἐπιμελῶς]</span> <span class='ocrx_word' id='word_1_436' title='bbox 1036 2361 1121 2407; x_wconf 85' lang='lat' dir='ltr'>Agit</span> <span class='ocrx_word' id='word_1_437' title='bbox 1135 2361 1176 2395; x_wconf 89' lang='lat' dir='ltr'>de</span> <span class='ocrx_word' id='word_1_438' title='bbox 1192 2360 1246 2395; x_wconf 90' lang='lat' dir='ltr'>his</span> <span class='ocrx_word' id='word_1_439' title='bbox 1262 2360 1421 2407; x_wconf 86' lang='lat' dir='ltr'>Origenis</span> <span class='ocrx_word' id='word_1_440' title='bbox 1438 2360 1645 2396; x_wconf 87' lang='lat' dir='ltr'>editionibus</span> <span class='ocrx_word' id='word_1_441' title='bbox 1662 2371 1717 2396; x_wconf 83' lang='lat' dir='ltr'>ac-</span> 
     </span>
     <span class='ocr_line' id='line_1_44' title="bbox 165 2415 1716 2464; baseline 0 -11"><span class='ocrx_word' id='word_1_442' title='bbox 165 2417 382 2453; x_wconf 84' lang='lat' dir='ltr'>curatissime</span> <span class='ocrx_word' id='word_1_443' title='bbox 397 2416 486 2452; x_wconf 85' lang='lat' dir='ltr'>libro</span> <span class='ocrx_word' id='word_1_444' title='bbox 502 2416 544 2451; x_wconf 92' lang='lat' dir='ltr'>de</span> <span class='ocrx_word' id='word_1_445' title='bbox 559 2415 667 2452; x_wconf 90' lang='lat' dir='ltr'>Pond.</span> <span class='ocrx_word' id='word_1_446' title='bbox 685 2419 720 2450; x_wconf 86' lang='lat' dir='ltr'>et</span> <span class='ocrx_word' id='word_1_447' title='bbox 733 2416 856 2459; x_wconf 72' lang='lat' dir='ltr'>Mens„</span> <span class='ocrx_word' id='word_1_448' title='bbox 879 2416 940 2452; x_wconf 90' lang='lat' dir='ltr'>ubi</span> <span class='ocrx_word' id='word_1_449' title='bbox 955 2427 1044 2463; x_wconf 86' lang='lat' dir='ltr'>quae</span> <span class='ocrx_word' id='word_1_450' title='bbox 1059 2417 1195 2464; x_wconf 82' lang='lat' dir='ltr'>Exapla</span> <span class='ocrx_word' id='word_1_451' title='bbox 1210 2422 1244 2452; x_wconf 90' lang='lat' dir='ltr'>et</span> <span class='ocrx_word' id='word_1_452' title='bbox 1260 2417 1405 2463; x_wconf 86' lang='lat' dir='ltr'>Octapla</span> <span class='ocrx_word' id='word_1_453' title='bbox 1419 2417 1548 2452; x_wconf 79' lang='lat' dir='ltr'>fuerint</span> <span class='ocrx_word' id='word_1_454' title='bbox 1563 2418 1716 2464; x_wconf 86' lang='lat' dir='ltr'>exponit.</span> 
     </span>
     <span class='ocr_line' id='line_1_45' title="bbox 165 2472 948 2520; baseline -0.003 -10"><span class='ocrx_word' id='word_1_455' title='bbox 165 2473 251 2510; x_wconf 84' lang='lat' dir='ltr'>Vide</span> <span class='ocrx_word' id='word_1_456' title='bbox 266 2484 356 2520; x_wconf 85' lang='lat' dir='ltr'>quae</span> <span class='ocrx_word' id='word_1_457' title='bbox 371 2474 416 2509; x_wconf 77' lang='lat' dir='ltr'>ad</span> <span class='ocrx_word' id='word_1_458' title='bbox 430 2485 467 2510; x_wconf 90' lang='lat' dir='ltr'>n.</span> <span class='ocrx_word' id='word_1_459' title='bbox 478 2485 551 2510; x_wconf 86' lang='lat' dir='ltr'>xrx.</span> <span class='ocrx_word' id='word_1_460' title='bbox 566 2472 696 2509; x_wconf 89' lang='lat' dir='ltr'>ibidem</span> <span class='ocrx_word' id='word_1_461' title='bbox 713 2473 948 2508; x_wconf 86' lang='lat' dir='ltr'>observamus.</span> 
     </span>
    </p>

    <p class='ocr_par' dir='ltr' id='par_1_11' title="bbox 165 2528 1852 2860">
     <span class='ocr_line' id='line_1_46' title="bbox 254 2528 1852 2580; baseline 0.001 -16"><span class='ocrx_word' id='word_1_462' title='bbox 254 2530 296 2567; x_wconf 87' lang='lat' dir='ltr'>N.</span> <span class='ocrx_word' id='word_1_463' title='bbox 308 2543 384 2569; x_wconf 79' lang='lat' dir='ltr'>vm.</span> <span class='ocrx_word' id='word_1_464' title='bbox 414 2529 470 2572; x_wconf 84' lang='grc' dir='ltr'>Ὦς</span> <span class='ocrx_word' id='word_1_465' title='bbox 485 2528 548 2577; x_wconf 80' lang='grc' dir='ltr'>γάρ</span> <span class='ocrx_word' id='word_1_466' title='bbox 565 2541 644 2570; x_wconf 81' lang='grc' dir='ltr'>τινες</span> <span class='ocrx_word' id='word_1_467' title='bbox 659 2528 744 2576; x_wconf 75' lang='grc' dir='ltr'>ἡμᾶς</span> <span class='ocrx_word' id='word_1_468' title='bbox 761 2529 961 2575; x_wconf 59' lang='grc' dir='ltr'>βούλονται]</span> <span class='ocrx_word' id='word_1_469' title='bbox 1007 2529 1182 2573; x_wconf 87' lang='lat' dir='ltr'>Quantum</span> <span class='ocrx_word' id='word_1_470' title='bbox 1204 2530 1289 2566; x_wconf 89' lang='lat' dir='ltr'>haec</span> <span class='ocrx_word' id='word_1_471' title='bbox 1308 2531 1478 2566; x_wconf 84' lang='lat' dir='ltr'>vocabula</span> <span class='ocrx_word' id='word_1_472' title='bbox 1500 2531 1567 2567; x_wconf 91' lang='lat' dir='ltr'>duo</span> <span class='ocrx_word' id='word_1_473' title='bbox 1584 2531 1717 2578; x_wconf 73' lang='grc' dir='ltr'>γενητὸν</span> <span class='ocrx_word' id='word_1_474' title='bbox 1751 2554 1779 2580; x_wconf 79' lang='lat'>1²·</span> <span class='ocrx_word' id='word_1_475' title='bbox 1793 2546 1852 2575; x_wconf 77' lang='lat'>260.</span> 
     </span>
     <span class='ocr_line' id='line_1_47' title="bbox 165 2586 1717 2636; baseline 0.001 -14"><span class='ocrx_word' id='word_1_476' title='bbox 165 2592 203 2623; x_wconf 77' lang='lat' dir='ltr'>st.</span> <span class='ocrx_word' id='word_1_477' title='bbox 214 2587 366 2634; x_wconf 68' lang='grc' dir='ltr'>γεννητὸν</span> <span class='ocrx_word' id='word_1_478' title='bbox 382 2587 554 2625; x_wconf 87' lang='lat' dir='ltr'>scribendi</span> <span class='ocrx_word' id='word_1_479' title='bbox 568 2586 888 2633; x_wconf 88' lang='lat' dir='ltr'>pronunciandique</span> <span class='ocrx_word' id='word_1_480' title='bbox 900 2586 1068 2622; x_wconf 82' lang='lat' dir='ltr'>affinitate</span> <span class='ocrx_word' id='word_1_481' title='bbox 1081 2588 1266 2622; x_wconf 88' lang='lat' dir='ltr'>coniuncta</span> <span class='ocrx_word' id='word_1_482' title='bbox 1278 2592 1360 2622; x_wconf 92' lang='lat' dir='ltr'>sunt</span> <span class='ocrx_word' id='word_1_483' title='bbox 1368 2614 1377 2630; x_wconf 87' lang='lat'>‚</span> <span class='ocrx_word' id='word_1_484' title='bbox 1393 2591 1530 2624; x_wconf 87' lang='lat' dir='ltr'>tantum</span> <span class='ocrx_word' id='word_1_485' title='bbox 1542 2589 1717 2636; x_wconf 86' lang='lat' dir='ltr'>significa-</span> 
     </span>
     <span class='ocr_line' id='line_1_48' title="bbox 167 2642 1717 2692; baseline 0.001 -11"><span class='ocrx_word' id='word_1_486' title='bbox 167 2644 271 2681; x_wconf 76' lang='lat' dir='ltr'>tionis</span> <span class='ocrx_word' id='word_1_487' title='bbox 285 2655 352 2681; x_wconf 85' lang='lat' dir='ltr'>usu</span> <span class='ocrx_word' id='word_1_488' title='bbox 366 2655 409 2680; x_wconf 86' lang='lat' dir='ltr'>ao</span> <span class='ocrx_word' id='word_1_489' title='bbox 422 2645 632 2692; x_wconf 87' lang='lat' dir='ltr'>proprietate</span> <span class='ocrx_word' id='word_1_490' title='bbox 648 2643 788 2679; x_wconf 86' lang='lat' dir='ltr'>distant.</span> <span class='ocrx_word' id='word_1_491' title='bbox 836 2642 907 2678; x_wconf 87' lang='lat' dir='ltr'>Nec</span> <span class='ocrx_word' id='word_1_492' title='bbox 923 2647 976 2678; x_wconf 90' lang='lat' dir='ltr'>est</span> <span class='ocrx_word' id='word_1_493' title='bbox 991 2644 1063 2678; x_wconf 88' lang='lat' dir='ltr'>ulla</span> <span class='ocrx_word' id='word_1_494' title='bbox 1077 2655 1164 2687; x_wconf 77' lang='lat' dir='ltr'>vox,</span> <span class='ocrx_word' id='word_1_495' title='bbox 1187 2645 1223 2679; x_wconf 90' lang='lat' dir='ltr'>in</span> <span class='ocrx_word' id='word_1_496' title='bbox 1240 2655 1308 2690; x_wconf 88' lang='lat' dir='ltr'>qua</span> <span class='ocrx_word' id='word_1_497' title='bbox 1325 2645 1517 2681; x_wconf 87' lang='lat' dir='ltr'>uberiorem</span> <span class='ocrx_word' id='word_1_498' title='bbox 1533 2647 1717 2684; x_wconf 86' lang='lat' dir='ltr'>cavillandi</span> 
     </span>
     <span class='ocr_line' id='line_1_49' title="bbox 169 2699 1715 2743; baseline 0.003 -8"><span class='ocrx_word' id='word_1_499' title='bbox 169 2703 204 2735; x_wconf 82' lang='lat' dir='ltr'>et</span> <span class='ocrx_word' id='word_1_500' title='bbox 216 2700 447 2738; x_wconf 80' lang='lat' dir='ltr'>calumniandi</span> <span class='ocrx_word' id='word_1_501' title='bbox 461 2701 643 2738; x_wconf 79' lang='lat' dir='ltr'>materiam</span> <span class='ocrx_word' id='word_1_502' title='bbox 659 2700 754 2735; x_wconf 88' lang='lat' dir='ltr'>nacti</span> <span class='ocrx_word' id='word_1_503' title='bbox 767 2699 839 2734; x_wconf 88' lang='lat' dir='ltr'>sint</span> <span class='ocrx_word' id='word_1_504' title='bbox 850 2699 987 2743; x_wconf 85' lang='lat' dir='ltr'>Ariani,</span> <span class='ocrx_word' id='word_1_505' title='bbox 1003 2703 1042 2735; x_wconf 84' lang='lat' dir='ltr'>ut</span> <span class='ocrx_word' id='word_1_506' title='bbox 1056 2711 1100 2735; x_wconf 85' lang='lat' dir='ltr'>ex</span> <span class='ocrx_word' id='word_1_507' title='bbox 1113 2701 1369 2737; x_wconf 89' lang='lat' dir='ltr'>Anomaeorum</span> <span class='ocrx_word' id='word_1_508' title='bbox 1381 2701 1515 2738; x_wconf 86' lang='lat' dir='ltr'>haeresi</span> <span class='ocrx_word' id='word_1_509' title='bbox 1529 2703 1620 2739; x_wconf 79' lang='lat' dir='ltr'>infra</span> <span class='ocrx_word' id='word_1_510' title='bbox 1636 2715 1715 2740; x_wconf 91' lang='lat' dir='ltr'>con-</span> 
     </span>
     <span class='ocr_line' id='line_1_50' title="bbox 169 2756 1713 2807; baseline 0.002 -16"><span class='ocrx_word' id='word_1_511' title='bbox 169 2757 284 2794; x_wconf 78' lang='lat' dir='ltr'>stabit.</span> <span class='ocrx_word' id='word_1_512' title='bbox 303 2756 403 2795; x_wconf 73' lang='lat' dir='ltr'>-Nam&#39;</span> <span class='ocrx_word' id='word_1_513' title='bbox 417 2757 548 2805; x_wconf 63' lang='grc' dir='ltr'>γενητὶις</span> <span class='ocrx_word' id='word_1_514' title='bbox 555 2761 692 2804; x_wconf 80' lang='lat' dir='ltr'>factum</span> <span class='ocrx_word' id='word_1_515' title='bbox 709 2756 901 2803; x_wconf 85' lang='lat' dir='ltr'>significat,</span> <span class='ocrx_word' id='word_1_516' title='bbox 922 2757 1013 2802; x_wconf 88' lang='lat' dir='ltr'>quod</span> <span class='ocrx_word' id='word_1_517' title='bbox 1028 2761 1219 2793; x_wconf 88' lang='lat' dir='ltr'>creatarum</span> <span class='ocrx_word' id='word_1_518' title='bbox 1234 2764 1355 2794; x_wconf 84' lang='lat' dir='ltr'>rerum</span> <span class='ocrx_word' id='word_1_519' title='bbox 1364 2760 1542 2806; x_wconf 88' lang='lat' dir='ltr'>proprium</span> <span class='ocrx_word' id='word_1_520' title='bbox 1556 2765 1624 2803; x_wconf 90' lang='lat' dir='ltr'>est,</span> <span class='ocrx_word' id='word_1_521' title='bbox 1641 2773 1713 2807; x_wconf 83' lang='grc' dir='ltr'>γεν-</span> 
     </span>
     <span class='ocr_line' id='line_1_51' title="bbox 169 2812 1273 2860; baseline 0.005 -14"><span class='ocrx_word' id='word_1_522' title='bbox 169 2812 266 2856; x_wconf 70' lang='grc' dir='ltr'>νητὸν</span> <span class='ocrx_word' id='word_1_523' title='bbox 279 2823 361 2849; x_wconf 82' lang='lat' dir='ltr'>vero</span> <span class='ocrx_word' id='word_1_524' title='bbox 373 2818 520 2860; x_wconf 61' lang='lat' dir='ltr'>grunitum</span> <span class='ocrx_word' id='word_1_525' title='bbox 535 2819 605 2858; x_wconf 85' lang='lat' dir='ltr'>est,</span> <span class='ocrx_word' id='word_1_526' title='bbox 621 2814 714 2860; x_wconf 85' lang='lat' dir='ltr'>quod</span> <span class='ocrx_word' id='word_1_527' title='bbox 729 2813 802 2848; x_wconf 88' lang='lat' dir='ltr'>filio</span> <span class='ocrx_word' id='word_1_528' title='bbox 818 2812 986 2849; x_wconf 86' lang='lat' dir='ltr'>catholica</span> <span class='ocrx_word' id='word_1_529' title='bbox 1002 2814 1126 2850; x_wconf 76' lang='lat' dir='ltr'>veritas</span> <span class='ocrx_word' id='word_1_530' title='bbox 1142 2815 1273 2852; x_wconf 86' lang='lat' dir='ltr'>tribuit.</span> 
     </span>
    </p>

    <p class='ocr_par' dir='ltr' id='par_1_12' title="bbox 169 2869 1713 3031">
     <span class='ocr_line' id='line_1_52' title="bbox 257 2869 1713 2920; baseline 0.003 -16"><span class='ocrx_word' id='word_1_531' title='bbox 257 2869 299 2904; x_wconf 83' lang='lat' dir='ltr'>N.</span> <span class='ocrx_word' id='word_1_532' title='bbox 315 2881 378 2906; x_wconf 72' lang='grc' dir='ltr'>ιιι.</span> <span class='ocrx_word' id='word_1_533' title='bbox 400 2870 476 2906; x_wconf 80' lang='grc' dir='ltr'>Τῶν</span> <span class='ocrx_word' id='word_1_534' title='bbox 492 2870 678 2918; x_wconf 81' lang='grc' dir='ltr'>Ὠριγένους</span> <span class='ocrx_word' id='word_1_535' title='bbox 694 2869 884 2916; x_wconf 66' lang='grc' dir='ltr'>Ἐπιτομή]</span> <span class='ocrx_word' id='word_1_536' title='bbox 914 2871 978 2906; x_wconf 86' lang='lat' dir='ltr'>Hic</span> <span class='ocrx_word' id='word_1_537' title='bbox 994 2875 1046 2906; x_wconf 90' lang='lat' dir='ltr'>est</span> <span class='ocrx_word' id='word_1_538' title='bbox 1060 2870 1256 2907; x_wconf 83' lang='lat' dir='ltr'>Methodius</span> <span class='ocrx_word' id='word_1_539' title='bbox 1272 2873 1330 2908; x_wconf 89' lang='lat' dir='ltr'>ille</span> <span class='ocrx_word' id='word_1_540' title='bbox 1346 2872 1484 2920; x_wconf 79' lang='lat' dir='ltr'>Olympi</span> <span class='ocrx_word' id='word_1_541' title='bbox 1498 2873 1640 2920; x_wconf 79' lang='lat' dir='ltr'>Lyciae,</span> <span class='ocrx_word' id='word_1_542' title='bbox 1657 2874 1713 2909; x_wconf 90' lang='lat' dir='ltr'>de-</span> 
     </span>
     <span class='ocr_line' id='line_1_53' title="bbox 169 2925 1712 2978; baseline 0.004 -18"><span class='ocrx_word' id='word_1_543' title='bbox 169 2925 248 2961; x_wconf 88' lang='lat' dir='ltr'>inde</span> <span class='ocrx_word' id='word_1_544' title='bbox 262 2925 345 2972; x_wconf 76' lang='lat' dir='ltr'>Tyri</span> <span class='ocrx_word' id='word_1_545' title='bbox 367 2928 565 2975; x_wconf 81' lang='lat' dir='ltr'>episcopus,</span> <span class='ocrx_word' id='word_1_546' title='bbox 589 2928 649 2974; x_wconf 89' lang='lat' dir='ltr'>qui</span> <span class='ocrx_word' id='word_1_547' title='bbox 672 2929 760 2962; x_wconf 88' lang='lat' dir='ltr'>inter</span> <span class='ocrx_word' id='word_1_548' title='bbox 783 2931 919 2963; x_wconf 85' lang='lat' dir='ltr'>caetera</span> <span class='ocrx_word' id='word_1_549' title='bbox 941 2927 983 2962; x_wconf 85' lang='lat' dir='ltr'>de</span> <span class='ocrx_word' id='word_1_550' title='bbox 997 2927 1260 2967; x_wconf 83' lang='lat' dir='ltr'>Resurrectione</span> <span class='ocrx_word' id='word_1_551' title='bbox 1283 2934 1402 2965; x_wconf 87' lang='lat' dir='ltr'>contra</span> <span class='ocrx_word' id='word_1_552' title='bbox 1418 2930 1604 2978; x_wconf 84' lang='lat' dir='ltr'>Origenem</span> <span class='ocrx_word' id='word_1_553' title='bbox 1627 2943 1712 2978; x_wconf 88' lang='lat' dir='ltr'>opus</span> 
     </span>
     <span class='ocr_line' id='line_1_54' title="bbox 170 2983 1711 3031; baseline 0.004 -14"><span class='ocrx_word' id='word_1_554' title='bbox 170 2983 306 3029; x_wconf 84' lang='lat' dir='ltr'>scripsit</span> <span class='ocrx_word' id='word_1_555' title='bbox 320 2983 502 3029; x_wconf 83' lang='lat' dir='ltr'>eximium,</span> <span class='ocrx_word' id='word_1_556' title='bbox 525 2989 559 3020; x_wconf 89' lang='lat' dir='ltr'>et</span> <span class='ocrx_word' id='word_1_557' title='bbox 580 2985 623 3019; x_wconf 86' lang='lat' dir='ltr'>ad</span> <span class='ocrx_word' id='word_1_558' title='bbox 647 2988 840 3020; x_wconf 87' lang='lat' dir='ltr'>extremum</span> <span class='ocrx_word' id='word_1_559' title='bbox 855 2985 1065 3021; x_wconf 80' lang='lat' dir='ltr'>novissimae</span> <span class='ocrx_word' id='word_1_560' title='bbox 1081 2986 1346 3031; x_wconf 86' lang='lat' dir='ltr'>persecutionis,</span> <span class='ocrx_word' id='word_1_561' title='bbox 1370 2987 1460 3030; x_wconf 87' lang='lat' dir='ltr'>sive,</span> <span class='ocrx_word' id='word_1_562' title='bbox 1482 2992 1522 3023; x_wconf 86' lang='lat' dir='ltr'>ut</span> <span class='ocrx_word' id='word_1_563' title='bbox 1542 2988 1601 3023; x_wconf 87' lang='lat' dir='ltr'>alii</span> <span class='ocrx_word' id='word_1_564' title='bbox 1621 2988 1711 3022; x_wconf 83' lang='lat' dir='ltr'>affir-</span> 
     </span>
    </p>
   </div>
   <div class='ocr_carea' id='block_1_10' title="bbox 1388 3055 1440 3089">
    <p class='ocr_par' dir='ltr' id='par_1_13' title="bbox 1388 3055 1440 3089">
     <span class='ocr_line' id='line_1_55' title="bbox 1388 3055 1440 3089; baseline 0 -19"><span class='ocrx_word' id='word_1_565' title='bbox 1388 3055 1440 3089; x_wconf 71' lang='lat' dir='ltr'>P.</span> 
     </span>
    </p>
   </div>
  </div>
 </body>
</html>
