2008 3294
284 188 405 225 XXIV

284 291 372 338 παρὰ
393 293 468 332 τοὺς
490 291 672 339 Ἐβραίους.
718 291 809 328 Nam
832 294 868 327 et
886 291 1124 330 Damascenus
1149 293 1237 328 libro
1255 293 1297 329 de
1312 293 1538 339 Haeresibus,
1561 294 1621 340 qui
1643 294 1730 330 nihil
1744 295 1838 331 aliud

285 354 337 385 est
354 361 459 397 quam
475 349 661 396 Epiphanii
675 344 1010 396 Anacephalaeosis,
1025 351 1146 397 paucis
1164 350 1334 397 ademptis
1350 353 1411 385 aut
1424 351 1633 394 immutatis,
1656 351 1706 386 ita
1726 355 1767 387 ut
1781 364 1838 388 su-

241 430 250 440 .
282 418 347 455 pra
361 408 606 454 proposuimus
616 434 625 450 ,
642 406 842 453 exscripsit3
857 407 940 442 licet
953 407 1094 451 vitiose,
1117 410 1157 442 ut
1172 407 1390 450 monuimus,
1409 407 1584 443 Iebuseaei
1597 419 1660 455 pro
1677 408 1839 444 Selmaeis

282 466 454 511 legantur.
493 464 726 507 Quamobrem
752 463 845 510 quod
869 463 1081 500 Essenorum
1107 464 1306 499 institutum
1330 464 1436 500 fuerit
1461 476 1507 501 ex
1529 476 1570 500 eo
1590 465 1667 501 loco
1691 470 1837 509 constat,

283 533 408 568 nempe
430 525 469 556 ut
483 533 521 556 se
536 522 574 556 in
594 524 778 568 utramque
800 524 935 568 partem
949 525 1126 558 versantes
1144 522 1187 556 ad
1204 521 1388 556 amborum
1401 533 1515 558 mores
1539 523 1838 558 consuetudinem·

285 591 351 626 que
367 579 548 625 fingerent.
594 578 675 614 Ideo
694 577 888 614 Gorthenos
906 579 999 614 solos
1016 590 1057 614 ac
1072 578 1257 614 Dositheos
1280 589 1360 614 cum
1376 578 1546 614 Sebuaeis
1569 580 1761 615 simultates
1778 591 1838 615 ex-

284 648 397 671 ercere
413 637 512 671 dixit.
557 635 690 678 Quibus
706 635 955 671 animadversis
970 637 1020 672 ita
1034 637 1132 671 locus
1154 635 1221 670 iste
1238 635 1505 678 conformandus
1521 636 1606 671 mihi
1621 637 1770 672 videtur:
1789 636 1838 671 Οὔ

285 693 347 740 μὴν
371 692 561 737 ἐπείσθησαν
578 695 646 734 τοῖς
661 692 847 739 Σεβουαίοις
862 693 1038 740 Γορθηνοὶ,
1055 693 1109 727 καὶ
1126 692 1156 727 οἱ
1173 690 1280 730 ἄλλοι.
1308 691 1461 737 Ἐσσηνοὶ
1478 693 1514 728 δὲ
1529 692 1626 740 ἐγγὺς
1643 695 1709 727 τῶν
1726 691 1839 728 ἄλλων

285 752 446 798 γινόμενοι
461 749 502 785 τὰ
513 749 570 785 ἴσα
591 749 718 791 ἐκείνοις
734 749 939 798 πράττουσιν.
979 750 1046 786 Ubi
1068 751 1134 784 τῶν
1151 747 1263 784 ἄλλων
1285 750 1379 786 idem
1393 754 1448 786 est
1470 754 1575 797 atque
1591 748 1770 797 ἑκατέρων,
1788 753 1838 786 al-

285 814 495 843 terutrorum.
534 807 716 844 Caeterum
738 807 993 844 Gorthenorum
1013 808 1222 843 vocabulum
1244 808 1339 843 varie
1360 808 1449 843 solet
1471 807 1631 854 exprimi.
1670 807 1761 843 Nam
1777 810 1840 843 aut

285 865 441 911 Γορθηνοὶ
457 865 636 908 dicuntur,
649 868 710 900 aut
724 864 926 913 Γορθαιηνοὶ.
973 865 1013 900 In
1027 864 1323 912 Anacephalaeosi
1337 864 1515 912 Γοροθηνοὶ
1525 891 1534 908 ,
1549 865 1715 901 mendose
1730 868 1770 912 ut
1785 877 1838 900 ar-

285 923 407 966 bitror;
422 926 463 958 ut
478 926 512 958 et
525 923 618 970 apud
632 922 819 958 Eusebium
835 922 1022 969 Γορθηωνοὶ
1037 923 1081 958 ab
1098 925 1219 958 autore
1235 921 1295 969 qui
1309 921 1466 969 Γορθαῖος
1489 922 1690 969 appellatur.
1715 921 1838 966 'Quare

286 979 476 1027 Popoamvoi
491 980 619 1016 rectius
631 979 766 1015 videtur
781 979 969 1026 scaligero.

375 1037 436 1071 Καὶ
451 1036 594 1081 νηστείας
610 1039 665 1081 τῆς
682 1035 760 1083 παρ’
777 1035 914 1082 αὑτοῖς]
944 1037 1193 1084 Expiationum
1207 1036 1352 1081 festum,
1375 1037 1448 1072 sive
1463 1035 1648 1084 Kippurim
1663 1036 1839 1084 intelligit,

286 1095 379 1142 quod
395 1107 429 1130 x.
446 1095 536 1130 Tisri
552 1095 783 1131 celebrabant.

377 1151 418 1186 Οἱ
435 1151 470 1186 δὲ
487 1149 583 1186 ἄλλοι
599 1151 664 1198 οὐχ
677 1151 764 1186 οὔτω
781 1153 942 1197 ποιοῦσιν]
960 1149 1079 1186 Ἄλλοι
1095 1151 1221 1188 debent
1235 1149 1502 1198 θεεοΣεβουαῖοι,
1520 1151 1581 1187 sed
1588 1163 1659 1187 vox
1667 1150 1839 1197 Ἐσσηνοῖς

285 1209 493 1252 inducenda,
517 1213 577 1244 aut
597 1206 673 1243 ἀλλ’
692 1207 863 1253 Ἐσσηνοῖς
885 1209 1123 1252 scribendum3
1146 1209 1228 1255 quia
1249 1219 1501 1256 nonnunquam
1524 1209 1648 1244 Esseni
1669 1220 1749 1244 cum
1768 1210 1838 1245 illis

285 1265 418 1301 Pascha
433 1267 616 1301 celebrant.
631 1266 762 1302 Verum
777 1277 855 1301 ecce
871 1266 913 1302 de
928 1266 1070 1302 Essenis
1087 1277 1194 1314 supra
1207 1266 1300 1302 haer.
1315 1266 1363 1302 X.
1380 1266 1535 1313 scripsit:
1553 1265 1711 1314 ἐνέμειναν
1728 1265 1791 1314 γὰρ
1809 1266 1839 1301 οἱ

285 1322 438 1367 Ἐσσηνοὶ
454 1326 492 1370 τῇ
516 1323 629 1370 πρώτῃ
648 1322 763 1370 ἀγωγῇ
788 1322 887 1370 μηδὲν
909 1323 1206 1370 ὑπερβαλλόμενοι,
1223 1327 1260 1359 in
1275 1327 1395 1370 priore
1410 1326 1558 1359 instituto
1567 1330 1839 1370 permanserunt,

287 1383 379 1415 nulla
397 1384 430 1414 ιἰι
447 1393 485 1414 re
502 1382 797 1426 t1·an³9redientes.
826 1381 892 1416 Hic
907 1384 1024 1416 autem
1049 1385 1084 1416 et
1098 1382 1135 1416 in
1149 1380 1445 1429 Anacephalaeosi
1459 1382 1665 1428 plerumque
1681 1392 1760 1417 cum
1777 1381 1838 1418 Se-

285 1439 405 1473 buaeis
420 1438 511 1474 festa
523 1441 744 1485 praepostere
761 1438 946 1473 celebrant.
966 1437 1038 1479 Quo
1054 1444 1183 1473 teneam
1198 1440 1321 1474 vultum
1333 1444 1511 1474 mutantem
1524 1439 1649 1473 Protea
1662 1441 1769 1474 nodo!
1783 1439 1838 1489 An

287 1497 352 1531 duo
377 1499 459 1531 sunt
472 1495 684 1531 Essenorum
706 1506 853 1542 genera,
873 1498 913 1530 ut
928 1495 1083 1531 Serrario
1105 1496 1236 1542 placuit
1258 1496 1465 1531 reclamante
1481 1495 1681 1542 scaligero?
1712 1495 1759 1531 Ut
1779 1497 1838 1532 alii

286 1564 365 1588 cum
381 1554 547 1589 Sebuaeis
557 1580 566 1596 ‚
590 1553 649 1589 alii
670 1563 750 1588 cum
767 1551 951 1588 Gorthenis
967 1556 1003 1588 et
1017 1551 1192 1588 Dositheis
1208 1553 1414 1596 habitarint,
1437 1556 1472 1588 et
1487 1563 1607 1588 eorum
1629 1553 1837 1600 quibuscum

287 1611 453 1657 degerent
466 1611 553 1647 ritus
569 1610 605 1646 in
621 1610 789 1646 obeundis
806 1610 976 1646 duntaxat
987 1609 1187 1646 solennibus
1199 1608 1429 1646 imitarentur.
1459 1608 1558 1652 Quod
1570 1610 1709 1657 quidem
1724 1610 1838 1646 studio

285 1668 382 1715 pacis
405 1679 445 1703 ac
461 1667 661 1703 concordiae
676 1667 827 1703 Essenos
850 1668 1063 1715 praestitisse
1083 1666 1208 1704 horum
1230 1667 1414 1716 disciplina
1426 1667 1626 1715 persuadet,
1649 1665 1738 1715 quae
1751 1667 1839 1704 nihil

287 1726 357 1761 otio
375 1736 414 1761 ac
432 1726 544 1774 quiete
561 1725 736 1773 antiquius
751 1724 884 1762 habuit.

669 1828 731 1864 AD
754 1828 979 1864 HAERESIN
1001 1828 1098 1865 XIII.
1120 1827 1456 1866 DOSITHEORUM.

377 1897 523 1932 Δοσίθεοι
546 1896 581 1932 δὲ
604 1898 729 1938 τούτοις
751 1897 968 1946 διαφέρονται]
1008 1897 1122 1945 Supra
1142 1897 1328 1934 Dositheos
1350 1909 1372 1933 a
1391 1896 1633 1934 communibus
1649 1897 1837 1941 Samarita-

286 1967 411 1992 norum
423 1955 509 1990 odiis
523 1966 561 1990 ac
573 1955 850 1991 contentionibus
863 1955 1021 2002 excipere
1032 1955 1128 1991 visus
1142 1959 1212 1992 est:
1229 1954 1314 2000 πλὴν
1324 1956 1393 1990 τῶν
1407 1953 1569 1990 Δοσιθέων
1583 1955 1694 2002 μόνον.
1709 1955 1837 1992 Verum

288 2014 479 2049 contrarius
508 2024 550 2047 ex
573 2011 638 2047 hoc
665 2013 741 2047 loco
765 2023 887 2048 sensus
910 2012 1144 2060 superioribus
1171 2013 1240 2048 illis
1263 2012 1499 2048 attribuendus
1522 2015 1591 2048 est:
1619 2012 1784 2049 nimirum
1804 2012 1837 2048 ἐν

288 2070 404 2118 βραχεῖ
420 2070 472 2104 καὶ
489 2067 520 2103 ἔν
537 2081 596 2104 τινι
611 2070 741 2113 ποσῶς,
772 2070 892 2117 paucis
916 2081 956 2105 ac
977 2070 1160 2105 levissimis
1183 2070 1219 2106 in
1234 2070 1337 2105 rebus
1354 2069 1653 2105 Samaritanorum
1667 2070 1836 2108 factiones

287 2139 309 2163 a
324 2139 361 2163 se
378 2128 524 2163 invicem
539 2126 736 2170 dissentire,
757 2131 893 2174 praeter
908 2126 1107 2171 Dositheos,
1129 2138 1199 2163 non
1217 2127 1276 2174 qui
1291 2126 1377 2163 nihil
1393 2138 1414 2162 a
1430 2127 1574 2163 caeteris
1590 2126 1836 2176 discreparent,

288 2185 348 2221 sed
364 2185 507 2232 quinon
523 2185 660 2228 leviter,
682 2187 720 2220 ut
734 2184 800 2231 illi,
824 2184 884 2220 sed
905 2185 1110 2231 gravissime
1126 2184 1340 2222 dissiderent.
1379 2183 1535 2220 Dosithei
1550 2195 1652 2231 porro
1667 2187 1740 2226 tam
1755 2189 1836 2223 ante

288 2242 461 2278 Christum
472 2269 480 2285 ,
497 2252 602 2290 quam
624 2245 705 2290 post
719 2252 799 2277 eum
815 2242 1007 2290 complures
1024 2242 1229 2286 extiterunt3
1245 2245 1280 2277 et
1293 2242 1538 2278 nonnullorum
1554 2241 1645 2288 apud
1660 2242 1835 2280 Hebraeos

287 2300 429 2336 mentio.
455 2298 544 2335 Nam
558 2302 729 2342 *Rhea-t
745 2298 890 2335 Dosthai
905 2302 957 2335 est
967 2298 1164 2344 Dositheus,
1181 2299 1273 2347 quod
1287 2299 1416 2335 frustra
1429 2302 1595 2346 negatum
1611 2309 1633 2334 a
1645 2298 1834 2348 Scaligero.

288 2359 334 2394 At
356 2358 390 2393 in
406 2368 479 2404 cap.
499 2369 548 2393 ιιι.
563 2355 664 2392 Pirke
680 2355 794 2392 Aboth
811 2356 982 2404 quoddam
997 2356 1139 2393 Dosthai
1154 2356 1250 2393 lanai
1265 2357 1302 2395 F.
1320 2357 1448 2393 dictum
1463 2359 1686 2401 memoratur,
1703 2358 1795 2406 quod
1813 2370 1835 2395 a

288 2416 328 2451 R.
345 2415 432 2451 Meir
447 2413 619 2450 didicerat.
647 2413 715 2449 Sed
730 2414 760 2449 is
776 2413 820 2450 ab
835 2413 902 2450 hoc
917 2418 1035 2451 nostro
1050 2414 1204 2451 diversus
1220 2418 1282 2452 est.
1310 2413 1606 2458 Quemadmodum
1619 2418 1654 2449 et
1665 2415 1751 2451 alter
1762 2416 1833 2461 ille,

289 2473 387 2508 cuius
403 2472 584 2519 aliquoties
609 2471 775 2519 Origenes
791 2472 950 2507 meminit
978 2483 1126 2520 eumque
1147 2471 1402 2509 SamarItanum
1425 2471 1574 2519 appellat
1597 2471 1657 2508 lib.
1681 2471 1738 2508 IV.
1758 2472 1834 2520 περὶ

290 2528 420 2577 ’Λρχῶν
436 2540 510 2577 cap.
529 2541 577 2572 ιι.,
593 2539 656 2565 nee
670 2539 741 2565 non
757 2532 791 2564 et
806 2528 883 2565 aliis
899 2529 935 2566 in
950 2528 1053 2573 locis,
1067 2530 1248 2578 praecipue
1264 2532 1384 2566 contra
1399 2526 1538 2565 Celsum
1552 2527 1613 2565 lib.
1629 2540 1664 2565 ιι.
1703 2529 1834 2567 Verum

290 2586 462 2634 antiquior
477 2590 530 2622 est
543 2585 803 2634 Epiphanianus
818 2586 902 2630 iste,
924 2596 944 2622 a
959 2597 1027 2635 quo
1044 2585 1263 2623 Sadducaeos
1278 2588 1486 2636 propagatos
1503 2595 1579 2622 esse
1594 2596 1678 2622 mox
1694 2587 1832 2632 indicat,

291 2644 350 2691 qui
367 2644 504 2690 quidem
520 2642 646 2680 Christi
661 2647 775 2680 ortum
789 2644 982 2680 antecessit.
1021 2643 1071 2680 De
1086 2643 1251 2681 Dositheo
1267 2647 1302 2680 et
1315 2642 1536 2680 Dositheanis
1552 2643 1630 2691 lege
1652 2653 1741 2691 quae
1757 2655 1832 2682 eru-

292 2701 359 2737 dite
375 2701 549 2737 Serrarius
564 2704 682 2737 noster
696 2701 731 2738 in
743 2701 925 2739 Minervali
940 2701 1091 2750 disputat
1104 2702 1163 2739 lib.
1178 2701 1236 2740 lv.
1251 2712 1325 2750 cap.
1339 2712 1373 2745 x,
1388 2713 1426 2738 ιι
1441 2703 1476 2737 et
1491 2712 1551 2737 ιιι.

381 2756 650 2806 Ἐγκρατιύονται
666 2755 729 2793 ἀπὸ
746 2757 862 2807 γάμων
879 2755 959 2807 μιτὸι
975 2758 1013 2795 τὸ
1031 2758 1170 2807 βιῶσαι.)
1193 2759 1311 2796 Potest
1323 2757 1408 2796 illud
1421 2754 1500 2807 μετὰ
1518 2757 1555 2792 τὸ
1570 2757 1686 2804 βιῶσαι
1697 2758 1831 2796 duobus

292 2815 404 2852 modis
419 2815 547 2863 accipi3
564 2816 744 2864 utrobique
761 2814 978 2858 ἰλλιιπτικῶς.
1018 2816 1114 2854 Alter
1129 2822 1168 2854 ut
1182 2814 1214 2852 iv
1230 2818 1279 2864 τῷ
1295 2814 1394 2865 γάμῳ
1410 2814 1652 2860 subaudiatur,
1669 2816 1772 2862 alter,
1792 2821 1832 2854 ut

292 2872 337 2909 ad
354 2873 490 2920 γυναῖκα
505 2873 683 2920 pertineat.
728 2872 827 2910 Prior
848 2873 1084 2922 interpretatio
1107 2874 1295 2923 simplicior
1316 2876 1385 2918 est,
1406 2883 1552 2920 eamque
1569 2871 1753 2911 Cor-narius
1777 2885 1830 2912 se-

293 2934 392 2967 cutus
408 2933 471 2966 est.
510 2929 548 2966 ln
564 2930 672 2966 altera
693 2930 731 2965 τὶν
749 2931 864 2978 βιῶσαι
880 2930 971 2967 idem
987 2934 1040 2967 est
1055 2941 1095 2968 ac
1116 2937 1277 2968 mortuum
1293 2942 1378 2975 esee,
1400 2935 1440 2967 ut
1460 2930 1550 2979 apud
1572 2929 1713 2967 Latinos
1735 2933 1830 2975 vult-it,

296 2986 430 3035 βιβίωκι
445 2986 535 3036 apud
551 2986 722 3025 Plutarch.
738 2988 773 3025 ln
789 2988 963 3026 Cicerone.
987 2987 1058 3026 Nos
1074 2991 1254 3038 utramque
1269 2997 1347 3026 eum
1363 2988 1645 3036 agnovissemus,
1662 2989 1829 3036 posterior

295 3044 331 3082 iu
346 3049 546 3083 contextum
565 3049 712 3094 recepta.
