2008 3294
310 187 407 224 XLII

310 292 348 327 in
362 291 519 327 Hebraeo
536 294 590 327 est
603 292 778 331 ὨὮῺἿΨ
800 291 918 335 nun,
941 291 1016 327 visa
1029 294 1251 334 contuentes,
1266 292 1438 336 iacentes,
1459 305 1542 330 cxx.
1559 297 1699 329 vertunt
1713 292 1858 330 ἐνυπνια-

311 349 442 395 ζόμενοι
457 348 577 394 κοίιην,
594 351 799 383 somniantes
813 349 931 384 cubile.
953 348 1047 391 Quae
1058 352 1175 385 tamen
1190 348 1413 386 inCanonica
1426 349 1531 387 Iudae
1547 362 1619 387 non
1633 351 1860 398 reperiuntur,

311 409 433 441 contra
447 417 552 452 quam
568 416 722 440 asserere
736 405 872 442 videtur
885 405 1107 453 Epiphanius.

399 463 443 498 N.
458 475 516 499 xv.
541 462 598 506 Μή
615 475 678 509 μου
695 461 826 510 ἅπτου]
861 462 1034 509 Chrysost.
1049 464 1087 498 in
1101 463 1221 499 Ioann.
1238 474 1320 499 eum
1334 475 1478 500 sensum
1493 465 1609 501 affert:
1634 464 1734 507 Quod
1748 465 1861 501 Maria

311 531 390 555 cum
399 519 534 555 Christo
551 520 672 555 eadem
687 530 759 566 qua
770 523 875 556 antea
886 520 1119 556 familiaritate
1131 531 1209 556 sese
1221 524 1366 567 gereret,
1381 533 1447 557 nec
1458 523 1499 558 de
1511 534 1553 558 eo
1564 523 1678 558 maius
1693 523 1861 569 quiddam

311 581 347 612 et
368 577 552 623 augustius
567 581 649 624 post
662 578 944 613 resurrectionem
958 578 1116 620 sentiret,
1139 578 1183 613 ab
1206 579 1265 613 illo
1281 578 1366 614 iisce
1381 579 1496 615 verbis
1512 579 1726 615 admonitam
1740 579 1859 616 fuisse.

399 634 442 669 N.
458 646 530 671 xvr.
560 633 810 682 Παρειςφέρουσι
825 633 888 682 γὰρ
911 633 939 669 οἱ
954 634 1110 678 ποιηταὶ]
1143 635 1387 671 Putidissimae
1406 636 1546 672 fabulae
1568 640 1668 672 autor
1689 637 1860 673 Hesiodus

310 692 347 727 in
362 691 494 738 Theog.
517 691 585 727 Ubi
599 692 750 738 primam
762 692 854 727 Iovis
869 703 1012 728 uxorem
1023 692 1134 727 Metin
1150 693 1195 727 ab
1211 703 1253 728 eo
1268 692 1470 729 devoratam
1480 694 1624 738 cecinit,
1639 694 1862 740 indidemque

309 753 539 796 propagatam
553 749 741 786 Palladem.
777 749 1001 796 Apollodorus
1017 761 1099 784 vero
1114 749 1174 784 lib.
1192 761 1215 784 1.
1237 749 1402 786 Biblioth.
1418 751 1528 786 Metiri
1544 751 1594 785 ait
1609 750 1739 786 Oceani
1751 750 1862 786 filiam

309 807 386 842 Iovi
400 807 607 842 auxiliatam
621 817 717 850 esse,
733 806 943 853 eandemque
958 806 1108 842 Saturno
1124 806 1303 853 potionem
1319 807 1495 854 quandam
1509 808 1712 854 propinasse
1721 835 1730 852 ‚
1748 819 1817 854 qua
1830 808 1862 844 is

310 864 484 900 exhausta
497 864 607 907 filios,
623 875 711 910 quos
725 863 920 906 devorarat,
936 875 1056 899 omnes
1073 864 1236 900 evomuit.
1258 864 1499 911 Athenagoras
1511 865 1548 900 in
1559 865 1679 911 Legat.
1690 876 1753 912 pro
1766 864 1862 900 Chri-

309 922 432 957 stianis
449 920 577 969 Orphei
590 932 712 957 versus
729 922 828 964 citat,
852 921 973 967 quibus
990 921 1032 956 de
1047 920 1200 956 Phanote
1215 921 1346 957 mentio
1370 925 1440 964 est,
1463 933 1569 968 quem
1590 922 1721 958 indicat
1736 922 1860 958 deinde

310 990 333 1014 a
347 979 428 1014 Iove
444 979 603 1014 similiter
621 979 834 1026 absorptum.
862 979 880 1022 ἢ
905 978 1125 1022 καταποθῆναι
1148 977 1211 1012 ὑπὸ
1236 981 1294 1012 τοῦ·
1319 978 1413 1024 Διὀς,
1438 977 1529 1019 ὅπως
1553 977 1572 1015 ὁ
1589 978 1666 1019 Ζεὺς
1687 977 1862 1026 ἆχώρητος

310 1036 448 1082 γένοιτο.
483 1035 583 1078 Quod
600 1035 775 1071 Gesnerus
791 1036 955 1082 interpres
972 1035 1016 1070 ad
1030 1035 1142 1071 Metin
1157 1035 1345 1071 transtulit.
1379 1036 1510 1073 Verum
1531 1032 1573 1072 de
1592 1036 1746 1072 Phanote
1762 1037 1864 1084 ioqui

309 1094 444 1129 videtur
458 1093 715 1140 Athenagoras,
730 1104 802 1128 non
818 1093 859 1128 de
874 1093 970 1128 Moti.
1554 1096 1560 1102 '

399 1151 442 1187 N.
457 1163 530 1187 xrx.
560 1150 660 1186 Οὕτω
677 1150 740 1197 γὰρ
750 1178 759 1195 ,
784 1149 877 1195 φασὶ,
899 1149 955 1194 τὴν
977 1147 1215 1196 ἆπειρώδινον.]
1259 1149 1430 1186 Fabulam
1456 1154 1576 1186 narrat
1601 1154 1638 1186 et
1663 1151 1752 1188 Plin.
1779 1151 1803 1186 l.
1827 1163 1862 1187 x.

309 1219 384 1256 cap.
399 1220 485 1244 nxn.
509 1208 573 1245 Cui
588 1208 694 1244 tidem
710 1208 877 1254 derogant
891 1206 1116 1243 Philostratus
1126 1232 1136 1251 ‚
1152 1207 1332 1243 Maximus
1348 1207 1474 1254 Tyrius
1485 1233 1495 1252 ‚
1514 1208 1642 1255 aliique
1657 1209 1862 1256 complures.

511 1311 573 1347 AD
603 1310 837 1348 HAERESIM
866 1309 1031 1357 XXVIL,
1071 1309 1191 1353 QUAE
1220 1309 1307 1346 EST
1338 1310 1659 1348 CARPOCRATIS.

398 1380 440 1416 N.
455 1392 490 1416 ιι.
503 1379 586 1415 Ὅτε
598 1376 637 1424 ἤν
650 1379 682 1414 ἐν
694 1383 734 1427 τῇ·
747 1382 931 1427 περιφορᾷ]
955 1379 1153 1415 Comitatum
1164 1379 1384 1423 reddidimus,
1397 1383 1437 1415 ut
1446 1391 1510 1427 pro
1523 1383 1752 1428 συμπεριφορᾷ
1763 1391 1862 1416 usur·

309 1442 420 1486 petur,
444 1450 524 1474 cum
549 1438 627 1484 quis
650 1437 790 1473 facilem
813 1449 850 1472 se
866 1437 963 1472 alteri
986 1440 1021 1472 et
1037 1435 1287 1484 obsequentem
1300 1437 1454 1484 praebet.
1483 1437 1576 1474 Sane
1591 1437 1721 1475 Theod.
1740 1439 1862 1485 διαγω-

312 1498 372 1543 γῆς
388 1496 558 1531 vocabulo
574 1506 660 1530 usus
676 1498 739 1531 est.
775 1494 850 1530 Nisi
872 1494 948 1540 quis
970 1494 1015 1529 ad
1037 1492 1212 1541 περιφορὰν
1234 1495 1332 1530 illam
1354 1494 1499 1531 deorum
1513 1499 1548 1530 et
1562 1495 1862 1535 circumactiouem

309 1554 524 1589 Platonicam
539 1552 737 1599 respexisse
761 1551 999 1598 Carpocratem
1015 1551 1208 1595 existimet,
1225 1551 1266 1586 de
1283 1563 1353 1598 qua
1366 1553 1404 1588 in
1417 1552 1584 1588 Phaedro.

399 1610 441 1646 N.
459 1623 510 1647 nr.
535 1609 758 1657 Ἔπιχειροῦσι
775 1608 836 1654 δὲ]
870 1609 995 1645 Euseb.
1018 1609 1077 1645 lib.
1094 1621 1141 1645 rv.
1158 1619 1261 1646 c.v11.
1285 1610 1407 1644 scribit
1421 1609 1664 1656 Carpocratem
1684 1610 1801 1657 palam
1821 1621 1863 1647 ac

265 1694 272 1703 .
310 1667 386 1704 sine
402 1668 689 1715 tergiversatione
704 1666 881 1703 maleficas
896 1669 986 1702 artes
1006 1676 1089 1713 prae
1113 1677 1151 1701 se
1172 1667 1306 1703 tulisse.
1341 1665 1382 1702 Οἱ
1405 1666 1458 1701 καὶ
1479 1669 1538 1702 τοῦ
1561 1667 1710 1714 Σίμωνος
1733 1666 1798 1715 οὐχ
1818 1666 1862 1708 ὡς

311 1725 430 1766 ἐκέῖνος
446 1725 600 1772 κρύβδην,
624 1723 699 1759 ἀλλ’
715 1724 779 1769 ἤδη
796 1723 849 1759 καὶ
865 1722 906 1764 εἰς
923 1722 1060 1771 φανερὸν
1076 1721 1133 1764 τὰς
1150 1723 1284 1771 μαγείας
1301 1724 1516 1771 παραδιδόναι
1530 1723 1651 1771 ἠξίουν,
1674 1722 1719 1765 ὡς
1741 1723 1792 1760 ἐπὶ
1807 1736 1863 1772 με·

311 1782 426 1831 γάλοις
451 1783 491 1828 δὴ
520 1782 697 1830 μονονουχὶ
721 1782 948 1828 σεμνυνόμενοι
969 1783 1038 1821 τοῖς
1061 1778 1146 1816 κατὰ
1168 1780 1350 1828 περιεργίαν
1373 1781 1456 1828 πρὶς
1479 1781 1587 1816 αὐτῶν
1610 1780 1864 1829 ἐπιτελουμένοις

310 1840 472 1888 φίλτροις,
498 1838 749 1887 ὀνειροπομποῖς
764 1851 799 1874 τε
813 1838 867 1874 καὶ
883 1838 1053 1887 παρέδροις
1069 1837 1131 1874 τισὶ
1149 1838 1299 1886 δαίμοσι,
1320 1838 1374 1874 καὶ
1396 1835 1512 1880 ἄλλαις
1529 1837 1759 1887 ὁμοιοτρόπως
1774 1838 1864 1887 ἀγω-

309 1900 394 1946 γαῖς.
419 1898 550 1933 Eadem
564 1897 671 1933 habet
684 1897 856 1932 henaena.

402 1954 473 1990 Εἰσὶ
498 1954 534 1991 δὶ
557 1954 593 1989 ἐκ
616 1957 675 1990 τοῦ
698 1954 855 1999 Σατανᾶ]
893 1952 1121 1989 Perditissimi
1142 1952 1395 1990 haereticorum
1419 1952 1592 1998 Gnostici;
1621 1953 1866 1991 Gnosticorum

312 2013 574 2060 carpocratiani
590 2012 738 2055 fuerunt,
754 2015 794 2047 ut
809 2011 868 2058 qui
883 2011 1084 2058 turpissima
1098 2021 1256 2057 quaeque
1271 2010 1408 2057 flagitia
1422 2012 1676 2048 committentes
1690 2012 1776 2048 adeo
1792 2023 1864 2048 non

313 2071 572 2114 erubescerent,
594 2075 635 2106 ut
657 2070 762 2105 etiam
784 2068 962 2115 glorianda
984 2079 1025 2104 ac
1046 2078 1130 2115 prae
1145 2078 1184 2104 se
1199 2067 1360 2104 habenda
1373 2072 1546 2115 putarent.
1582 2069 1662 2106 Ideo
1679 2070 1720 2106 de
1736 2070 1863 2118 Carpo-

311 2129 474 2165 cratianis
498 2128 704 2164 nominatim
729 2131 764 2162 et
778 2126 937 2162 Irenaeus
954 2129 988 2161 et
1004 2124 1112 2161 Clem.
1125 2138 1177 2161 ιιι.
1195 2125 1322 2161 Strom.
1346 2129 1382 2161 et
1403 2125 1576 2162 Eusebius
1599 2130 1634 2163 et
1648 2126 1863 2174 Epiphanius

311 2187 439 2233 aliique
455 2186 631 2228 scribunt,
647 2194 820 2221 summam
836 2183 879 2219 ad
894 2182 1082 2219 Christiani
1096 2182 1247 2219 nominis
1263 2182 1444 2219 infamiam
1460 2194 1500 2219 ac
1515 2183 1663 2220 dedecus
1679 2196 1739 2226 eos
1756 2195 1778 2221 a
1793 2185 1863 2221 dia-

311 2244 392 2279 bolo
416 2254 494 2279 esse
516 2243 719 2291 productos,
742 2246 781 2278 ut
803 2242 950 2289 gentiles
973 2251 1053 2277 cum
1070 2239 1284 2276 Christianos
1307 2238 1465 2276 homines
1488 2244 1560 2277 tam
1575 2242 1730 2289 impuros
1747 2253 1788 2278 ao
1802 2253 1862 2279 ne-

310 2302 416 2338 farios
429 2300 593 2347 viderent,
609 2299 832 2336 aChristiana
842 2299 1054 2347 professione
1064 2298 1202 2347 penitus
1215 2296 1445 2335 abhorrerent.
1461 2297 1558 2334 ldem
1569 2302 1604 2335 et
1610 2299 1701 2336 Tert.
1717 2299 1860 2348 inApol.

311 2363 347 2395 et
360 2359 514 2395 Iustinus
530 2358 751 2406 scripserunt.

402 2416 443 2452 N.
456 2428 489 2453 v.
516 2415 576 2450 Kal
592 2416 690 2450 τοῦτό
708 2413 785 2459 ἐστι,
803 2413 906 2461 φασὶ]
931 2413 1016 2450 Vide
1031 2413 1124 2450 Tert.
1137 2412 1163 2448 1.
1178 2411 1220 2448 de
1235 2411 1362 2448 Anima
1377 2423 1405 2449 o.
1418 2424 1523 2449 xxxv.
1548 2413 1617 2450 Sed
1633 2418 1668 2450 et
1681 2413 1863 2453 Irenaeum

312 2475 388 2510 loco
406 2474 523 2510 citato.
546 2472 601 2509 Ex
617 2483 685 2520 qno
701 2472 870 2509 nonnulla
880 2470 1113 2508 Theoderetus
1129 2470 1319 2514 tran-tulin
1334 2469 1372 2506 in
1389 2470 1513 2517 quibus
1530 2471 1605 2507 leve
1621 2473 1796 2519 quoddam
1810 2474 1862 2509 in-

312 2536 365 2567 est
380 2530 544 2567 mendum
554 2557 564 2574 ‚
586 2530 679 2577 quod
702 2530 811 2566 obiter
826 2540 848 2565 a
862 2529 962 2565 nobis
977 2527 1221 2575 corrigendum
1237 2530 1301 2565 est.
1341 2526 1468 2565 Scribit
1481 2528 1588 2575 igitur
1603 2528 1783 2566 Irenaeus:
1808 2530 1863 2566 καὶ

313 2587 339 2623 ιί
355 2588 412 2635 μὶν
425 2586 602 2635 πράσσεται
618 2587 696 2635 παρ’
705 2586 815 2628 αὐτοῖς
831 2584 871 2622 τὰ
887 2583 976 2633 ἄθεα,
993 2585 1047 2621 καὶ
1062 2583 1214 2632 (notens,
1231 2584 1285 2620 καὶ
1300 2582 1506 2632 ἀπειρημένα,
1523 2583 1590 2632 ἐγὼ
1607 2586 1667 2622 οὐκ
1680 2587 1718 2622 ἂν
1733 2588 1862 2623 πιστεύ-

313 2658 414 2693 σαιμι.
455 2645 588 2681 Irenaei
603 2649 702 2681 vetus
723 2645 890 2693 interpres
910 2643 996 2680 hsoo
1017 2643 1209 2690 posteriora
1228 2642 1279 2679 its
1300 2642 1352 2678 uti
1372 2641 1464 2689 apud
1479 2640 1648 2679 Theodor.
1672 2648 1793 2681 extant
1813 2646 1861 2682 le·

314 2703 406 2748 gisae
422 2702 566 2740 videtur.
598 2702 686 2738 Nam
701 2702 804 2738 vertit
825 2714 883 2748 eqo
904 2713 1109 2748 nequaquam
1126 2701 1238 2737 credo.
1269 2698 1494 2736 scribendum
1509 2710 1590 2737 vero
1608 2700 1668 2736 οὐκ
1685 2701 1723 2737 ἂν
1739 2702 1861 2738 πιστώ-

314 2772 421 2807 σαιμι,
439 2762 617 2807 affirmare
632 2772 696 2795 non
712 2762 830 2796 ausim.

404 2816 444 2852 N.
462 2829 507 2853 νι.
532 2815 710 2864 ἘνῬώμῃ
719 2815 782 2864 γὰρ
790 2816 980 2864 γιγόνασι.].
1004 2815 1241 2852 Romanorum
1255 2813 1474 2862 pontificum,
1492 2814 1551 2862 qui
1566 2825 1588 2852 a
1599 2815 1699 2853 Petro
1710 2817 1861 2865 proximi

313 2873 470 2917 suerunt,
493 2875 705 2921 perobscura
726 2874 834 2910 series
857 2877 925 2918 est,
948 2873 1110 2920 varieque
1133 2867 1340 2920 scriptorum
1363 2871 1524 2919 opinione
1546 2872 1684 2909 iactata.
1720 2873 1773 2910 De
1792 2885 1862 2922 qua

313 2942 392 2967 eum
409 2934 481 2966 tam
497 2931 645 2977 insignis
659 2930 841 2979 Epiphanil
857 2932 954 2967 locus
970 2931 1034 2967 iste
1050 2930 1112 2974 sit,
1127 2939 1241 2978 pauca
1255 2928 1299 2965 sd
1315 2939 1397 2965 eum
1411 2929 1526 2976 ipsum
1542 2929 1784 2967 illustrandum
1799 2942 1860 2968 ex-

314 2987 474 3037 plicanda
489 2987 657 3024 videntur.
681 2989 730 3024 Ac
745 2989 931 3037 praecipua
945 2987 1085 3035 quidem
1100 2986 1142 3023 de
1156 2986 1235 3023 Liui
1249 2996 1289 3022 sc
1306 2985 1393 3022 Cleti
1407 2986 1610 3034 pontificatu
1626 2988 1860 3025 controversis.

314 3045 478 3086 suatur.
516 3044 611 3090 Quos
627 3045 782 3093 plerique
796 3056 867 3083 non
880 3045 972 3083 Petri
987 3054 1206 3083 successores
1218 3054 1283 3081 nec
1294 3042 1485 3081 ordinarios
1496 3044 1689 3092 pontifices,
1705 3045 1767 3083 sed
1779 3044 1858 3083 cho·
