2008 3294
164 1426 191 1451 p.
203 1417 262 1444 279.

299 220 465 259 CCXLIV

297 336 390 371 papa
403 324 512 371 Epist.
531 335 702 359 txxxvm.
719 323 761 358 de
776 323 900 359 iisdem
915 323 984 361 iuis
1001 333 1126 370 agens:
1159 323 1253 357 Nam
1269 324 1436 369 quamvis,
1452 323 1580 370 inquit,
1597 335 1670 358 cum
1687 325 1856 369 episcopis

292 384 447 427 plurima
463 382 534 414 iuis
552 383 814 414 nient-rtem'orum
832 383 1017 415 communie
1036 383 1081 416 sii
1103 382 1327 426 dispensatio,
1349 381 1517 426 quaedam
1539 386 1650 415 tamen
1671 382 1855 415 autoritate

298 441 420 473 veteris
436 439 536 482 leqis,
561 438 728 483 quaedam
750 438 883 472 novella
899 443 933 472 et
944 439 1189 472 ecclesiasticis
1204 437 1332 481 requlie
1345 437 1414 473 eibi
1421 436 1600 483 prohibita
1617 440 1787 472 noverint.-
1808 439 1854 471 ei—

299 503 355 529 cut
364 495 636 540 presbyterorum
653 502 685 528 et
697 496 914 529 diaconorum
931 501 992 529 aut
1005 497 1173 540 vir-qimam
1186 496 1412 536 consecratio,
1427 496 1517 529 sicut
1527 497 1718 529 constitutio
1729 495 1856 528 altaris

300 564 343 586 ac
359 553 561 592 benedictio,
579 552 632 585 vel
647 554 759 586 unctio
775 557 838 588 etc.
886 550 1092 597 Quanquam
1107 551 1172 586 hac
1195 550 1317 585 eadem
1332 550 1489 597 Epistola
1502 550 1573 586 Leo
1590 550 1855 597 chorepiscopos

298 610 332 643 in
349 609 631 654 presbyterorum
647 607 803 644 ordinem
815 607 960 655 redigit,
976 609 1122 644 cumita
1136 607 1307 653 loquitur:
1326 607 1592 654 chorepiscopos
1603 610 1677 654 (qui
1686 610 1784 642 iuxta
1797 619 1856 642 ca-

299 677 399 700 nones
414 665 743 707 Neocaesademes,
764 668 835 703 eive
855 667 1034 701 secundum
1056 666 1202 699 aliorum
1225 666 1364 700 decreta
1382 669 1523 710 parrum
1543 666 1647 700 iidem
1661 671 1740 699 eunt
1753 666 1810 710 qui
1825 670 1859 699 et

292 723 500 768 presbyteri)
517 723 570 756 vel
580 722 794 768 presbyteros
810 723 1027 758 destinarent.
1055 722 1130 757 Nisi
1146 722 1235 756 forte
1250 720 1354 764 haec,
1371 732 1461 767 quae
1474 720 1673 768 parenthesi
1688 721 1855 757 claudun-

297 783 364 821 tur,
387 780 432 814 ab
456 779 566 814 otioso
590 779 708 825 aliquo
733 778 778 814 ad
799 779 995 826 marginem
1018 779 1192 825 adscripta
1213 782 1336 825 postea
1358 779 1394 813 in
1418 781 1625 814 contextum
1644 778 1855 825 irrepserint,

299 836 392 882 quod
406 847 527 871 verum
548 839 645 882 puto.
690 835 779 871 Nam
803 836 869 871 etsi
888 847 1020 871 canone
1036 835 1340 871 Neocaesariensis
1355 834 1481 881 synodi
1494 846 1573 871 1111.
1590 834 1856 884 chorepiscopos

299 893 341 927 ad
358 893 559 939 exemplum
574 893 798 940 septuaginta
811 893 1019 928 constitutos
1032 904 1107 928 esse
1119 893 1296 928 decretum
1313 892 1374 935 sit,
1389 895 1509 927 tamen
1521 891 1658 929 distem
1668 893 1720 939 pl
1749 892 1757 901 ⁸
1770 898 1823 942 ‘'s—'⁴
1832 908 1846 917 1⁴

299 962 320 985 a
340 951 550 996 presbyteris
571 950 683 996 iisque
705 951 910 986 antecellere
927 950 1044 986 docuit
1059 950 1180 985 Canon
1194 950 1286 984 idem
1297 976 1306 992 ‚
1330 960 1435 996 quem
1451 960 1557 996 snpra
1571 959 1707 984 comme
1718 953 1832 996 ιι’ζῇ,,···
1842 967 1857 989 τ

298 1019 387 1042 mus.
418 1007 526 1042 Extat
539 1007 628 1042 inter
643 1006 852 1042 Pontificum
867 1007 1063 1043 Decretales
1079 1007 1235 1054 Epistola
1250 1006 1394 1042 Damasi
1410 1019 1443 1042 v.
1459 1006 1501 1041 de
1517 1005 1860 1058 Charopum-1³¹..
1887 1027 1907 1044 ·’

299 1075 368 1110 qua
383 1063 604 1099 vehementer
620 1063 776 1099 ordinem
792 1064 891 1099 illum
907 1065 1080 1111 exagitat,
1096 1067 1273 1110 negatque
1288 1063 1446 1099 funditus
1462 1074 1484 1099 a
1497 1063 1710 1110 presbyteris
1724 1073 1747 1099 u
1768 1057 1785 1090 Ϊ
1871 1055 1873 1057 ’

297 1127 395 1168 parte
418 1121 622 1167 discrepare.
673 1121 743 1155 Sed
768 1121 880 1156 multa
901 1125 1000 1164 sunt,
1023 1132 1113 1167 quae
1136 1124 1334 1167 suspectam
1354 1121 1450 1156 illius
1472 1120 1640 1167 epistolae
1661 1119 1767 1156 fidem
1786 1130 1858 1155 non

299 1180 425 1214 obesae
439 1178 535 1213 naris
550 1177 750 1213 hominibus
766 1177 920 1213 reddant.
951 1177 1040 1214 Nam
1055 1181 1096 1213 ut
1110 1178 1153 1212 de
1168 1178 1259 1224 stylo
1275 1178 1352 1224 ipso
1370 1177 1613 1224 scribendique
1626 1187 1754 1223 genere
1769 1176 1860 1211 nihil

298 1235 353 1271 hic
370 1236 499 1278 dicam,
523 1246 639 1270 nonne
662 1234 893 1270 falsissimum
915 1238 987 1278 est,
1011 1235 1105 1281 quod
1125 1234 1255 1270 ibidem
1277 1235 1434 1278 refertur,
1457 1234 1726 1281 chorepiscopos
1747 1237 1863 1269 tama

299 1293 457 1328 Romana
479 1292 559 1327 sede
584 1302 689 1338 quam
713 1303 734 1326 a
756 1292 863 1326 totius
887 1291 980 1327 orbis
1004 1292 1176 1338 episcopis
1195 1292 1385 1338 abrogatos
1401 1303 1442 1326 ac
1458 1291 1650 1327 ministerio
1665 1289 1859 1337 prohibitos

298 1350 427 1385 fuisse?
460 1350 522 1384 Vel
546 1349 648 1383 unius
671 1349 798 1383 Leonis
814 1348 983 1396 Epistola,
1007 1359 1114 1395 quam
1135 1349 1296 1396 proxime
1320 1349 1525 1392 citavimus,
1549 1351 1756 1395 argumento
1781 1357 1858 1382 esse

298 1411 427 1453 potest,
448 1418 518 1441 non
535 1405 638 1440 modo
656 1417 726 1440 non
742 1406 940 1452 antiquatos
956 1417 979 1440 a
994 1405 1151 1441 Romano
1166 1406 1330 1452 pontifice
1346 1406 1629 1452 chorepiscopos,
1651 1404 1712 1440 sed
1729 1405 1858 1440 ascitos

299 1475 392 1506 esse,
409 1475 448 1498 ac
466 1466 561 1498 certa
576 1463 759 1509 disciplina
775 1463 981 1498 constrictos
991 1489 1000 1506 ‚
1022 1474 1103 1498 cum
1118 1463 1191 1498 suis
1207 1474 1245 1498 se
1260 1462 1390 1498 finibus
1406 1462 1583 1498 continere
1598 1463 1772 1505 iubentur,
1794 1472 1858 1497 nec

299 1533 340 1556 ea
357 1532 444 1567 quae
460 1519 662 1567 pontificum
677 1520 816 1566 propria
831 1522 915 1555 sunt
929 1530 1096 1566 usurpare
1111 1530 1268 1555 munera.
1296 1519 1474 1562 Quamvis,
1490 1520 1621 1566 inquit,
1639 1521 1858 1565 cnm-episeo—

294 1582 352 1624 pis
367 1579 517 1624 plurima
533 1578 604 1612 illis
619 1579 880 1611 ministeriorum
897 1580 1078 1612 communie
1094 1583 1143 1612 est
1157 1579 1377 1624 dispensatio.
1416 1576 1515 1619 Quod
1539 1576 1583 1611 ad
1605 1577 1756 1623 reliquos
1780 1586 1856 1623 spe·

299 1640 369 1670 ctat
383 1635 489 1670 totius
507 1634 601 1669 orbis
617 1634 817 1680 episcopoS,
839 1645 862 1669 a
884 1634 1011 1680 quibus
1027 1633 1221 1680 prohibitos
1242 1645 1320 1669 esse
1342 1634 1439 1677 dicit,
1463 1637 1601 1676 tantum
1624 1633 1738 1676 abest,
1762 1637 1802 1668 ut
1823 1633 1860 1669 id

298 1704 418 1727 verum
443 1693 503 1735 sit,
527 1695 566 1726 ut
588 1692 625 1726 in
649 1690 882 1726 oecumenica
903 1691 1036 1737 synodo
1061 1689 1332 1727 Chalcedonensi
1350 1691 1440 1726 inter
1455 1691 1599 1726 clericos
1614 1693 1859 1727 recenseantur

300 1750 383 1785 Can.
402 1762 439 1785 u.
490 1748 527 1783 Εἷ
542 1760 588 1788 τις
605 1747 782 1788 ἐπίσκοπος
797 1746 849 1782 ἐπὶ
865 1747 1014 1795 χρήμασι
1028 1747 1230 1795 χειροτονίαν
1248 1747 1421 1792 ποιήσαιτο
1438 1751 1512 1791 etc„
1534 1747 1589 1782 καὶ
1603 1747 1858 1795 χειροτονήσειεν

300 1805 351 1840 ἐπὶ
373 1807 536 1852 χρήμασιν
558 1804 748 1851 ἐπίσκοπον,
772 1805 792 1849 ἢ
817 1804 1082 1852 χωρεπίσκοπον,
1107 1805 1127 1849 ἢ
1146 1805 1398 1852 πρεσβυτέρους,
1422 1805 1443 1849 ἢ
1469 1804 1638 1845 διακόνους
1662 1808 1742 1848 eia„
1758 1808 1800 1840 et
1821 1804 1859 1840 in

300 1863 489 1910 Ephesina,
515 1864 564 1898 uti
588 1863 760 1905 diximus,
786 1862 876 1897 inter
899 1862 1080 1909 episcopos
1103 1862 1350 1909 subscripserit
1371 1861 1555 1898 Caesarius
1581 1860 1860 1909 chorepiscopus.

300 1921 496 1962 Quinetiam
518 1921 553 1954 iu
579 1920 727 1966 Capitul.
746 1919 861 1955 Caroli
882 1919 1005 1965 imper.
1020 1929 1096 1965 cap.
1108 1931 1157 1956 rx.
1180 1919 1222 1955 de
1246 1918 1503 1966 chorepiscopis
1526 1930 1571 1954 ex
1585 1919 1804 1956 Antiocheno.
1819 1922 1860 1954 et

300 1978 483 2022 Ancyrana
494 1976 628 2022 synodo
645 1976 822 2011 decretum
836 1976 1011 2019 inseritur,
1027 1979 1066 2011 ut
1081 1980 1247 2023 appareat
1261 1977 1365 2013 etiam
1381 1970 1456 2012 tum
1471 1976 1510 2012 iu
1523 1975 1646 2012 Galliis
1657 1976 1767 2019 fuisse
1774 1975 1860 2012 eho-

302 2034 510 2081 repiscopos.
544 2032 633 2068 Nam
650 2037 686 2068 et
699 2032 743 2067 ad
761 2032 959 2068 Gallicanos
975 2032 1157 2079 episcopos
1174 2032 1244 2069 Leo
1260 2043 1351 2080 papa
1366 2032 1408 2068 de
1423 2032 1547 2068 iisdem
1563 2033 1758 2080 scripserat.
1779 2031 1859 2069 Non

303 2091 417 2125 minus
433 2090 560 2125 falsum
577 2093 647 2132 est,
669 2089 761 2136 quod
776 2089 847 2125 illic
862 2089 1104 2136 supposititius
1119 2089 1293 2125 Damasus
1310 2089 1476 2133 affirmat,
1499 2100 1568 2125 non
1585 2088 1727 2125 licuisse
1741 2088 1859 2125 chore-

303 2148 452 2194 piscopis
468 2146 700 2183 subdiaconos
717 2146 890 2189 ordinare,
907 2149 1029 2182 contra
1039 2145 1244 2182 Antiocheni
1261 2146 1399 2182 concilii
1413 2156 1583 2182 canonem
1600 2150 1635 2181 et
1645 2146 1772 2182 Leonis
1787 2147 1859 2193 epi·

302 2205 445 2246 stolam,
469 2204 527 2250 qui
543 2203 824 2250 presbyterorum
841 2203 1012 2239 duntaxat
1026 2213 1068 2238 ac
1082 2202 1308 2239 diaconorum
1323 2203 1620 2239 consecrationem
1636 2203 1768 2240 adimit.
1799 2204 1858 2239 At-

303 2262 396 2297 enim
412 2261 593 2308 episcopos
610 2260 689 2295 illos
704 2271 774 2295 non
787 2259 894 2295 fuisse
907 2260 1011 2296 etiam
1024 2259 1216 2295 rationibus
1229 2259 1357 2295 ibidem
1370 2259 1572 2297 ostenditur.
1595 2259 1748 2296 Primum
1765 2260 1859 2307 quod

303 2320 348 2354 ab
365 2330 434 2354 uno
451 2318 615 2364 episcopo
633 2316 785 2353 ordinari
800 2317 968 2359 solerent,
985 2327 1064 2353 cum
1081 2316 1268 2365 apartibus
1285 2316 1435 2352 edictum
1451 2317 1513 2360 sit,
1530 2317 1645 2364 utqui
1661 2317 1705 2353 ab
1721 2329 1791 2354 uno
1803 2318 1859 2354 vel

304 2389 325 2411 a
340 2375 475 2412 duobus
492 2378 574 2411 sunt
589 2373 737 2410 ordinati
753 2374 940 2421 episcopis,
964 2384 1028 2410 nec
1049 2374 1270 2411 nominentur
1286 2373 1449 2421 episcopi.
1482 2373 1614 2410 Deinde
1636 2374 1728 2421 quod
1751 2375 1859 2411 eccie-

304 2434 463 2468 siaeticae
479 2431 678 2467 sanctiones
694 2429 901 2478 prohibeant
916 2430 951 2467 in
967 2430 1066 2475 vius,
1088 2431 1141 2467 vel
1158 2431 1194 2467 in
1210 2430 1370 2473 castello,
1391 2430 1503 2467 autin
1519 2430 1649 2477 exiguo
1665 2431 1782 2478 aliquo
1799 2442 1858 2478 op-

305 2490 421 2536 pidulo
439 2489 641 2536 episcopum
656 2498 867 2524 consecrare.
900 2488 960 2531 At,
984 2488 1112 2535 inquit,
1136 2487 1401 2536 chorepiscopus
1424 2490 1478 2524 est
1487 2486 1641 2524 ⁴villanus
1663 2489 1858 2536 episcopus.

307 2548 415 2592 igitur
431 2550 550 2582 contra
566 2556 740 2581 canonum
756 2545 996 2581 auctoritatem
1012 2548 1066 2583 est
1079 2543 1402 2592 chorepiscoporum
1418 2544 1601 2581 institutio.
1625 2544 1694 2581 Sed
1706 2544 1801 2591 quod-
1813 2544 1859 2581 sd

309 2603 632 2650 chorepiscoporum
652 2602 902 2639 ordinationem
916 2603 1055 2646 attinet,
1071 2601 1245 2640 fuerintne
1261 2602 1306 2638 ab
1318 2612 1388 2638 uno
1400 2601 1588 2645 duntaxat,
1604 2601 1704 2637 cuius
1716 2601 1751 2638 in
1765 2600 1859 2638 dioe-

307 2662 375 2695 vvni
393 2664 508 2702 eraut,
525 2659 676 2707 episcopi
693 2659 899 2702 consecrati,
916 2669 960 2695 sn
977 2670 999 2695 s
1013 2659 1188 2707 pluribus,
1203 2657 1288 2696 nihil
1304 2659 1349 2696 in·
1359 2658 1453 2695 omni
1464 2658 1679 2705 antiquitatis
1692 2659 1860 2695 memoris

307 2718 390 2752 satis
406 2728 610 2764 expressum
628 2716 728 2753 nobis
744 2716 903 2752 occurrit.
948 2715 1048 2759 Quod
1070 2716 1103 2753 si
1117 2715 1268 2752 Damaso
1283 2715 1333 2752 illi
1349 2714 1537 2759 credimus,
1559 2726 1631 2751 non
1653 2716 1766 2752 solum
1788 2716 1858 2763 epi-

308 2774 403 2821 scopi
420 2780 492 2809 ium
510 2778 623 2816 erant,
646 2773 707 2809 sed
730 2783 751 2809 a
769 2772 926 2821 pluribus
943 2773 1047 2809 etiam
1063 2773 1236 2821 episcopis
1252 2772 1510 2810 ordinabantur.
1555 2771 1654 2814 Quod
1677 2783 1722 2808 ex
1740 2773 1859 2810 Antio-

309 2830 407 2866 cheni
425 2831 565 2866 canionis
580 2829 692 2866 verbis
704 2829 872 2875 affirmat,
889 2830 1052 2877 quoniam
1070 2830 1118 2867 its
1133 2830 1301 2878 seriptum
1317 2832 1386 2866 est=
1403 2826 1431 2864 si
1442 2827 1494 2864 καὶ
1506 2828 1706 2877 χειροθεσίαν
1719 2826 1778 2865 elev
1790 2828 1859 2868 im,-

309 2888 441 2922 σιόπων
459 2885 633 2933 tunsone.
669 2887 818 2930 Videtur,
839 2887 969 2934 inquit,
990 2887 1074 2923 miluo·
1090 2889 1181 2935 quod
1194 2893 1272 2923 neno
1287 2898 1351 2924 non
1367 2885 1412 2922 ab
1426 2897 1507 2927 uno,
1522 2887 1583 2921 sed
1598 2899 1621 2921 ιι
1632 2887 1790 2933 pluribus
1803 2899 1858 2923 or·

309 2945 532 2983 diruebantur.-
549 2947 628 2989 quia
647 2945 834 2979 'autemeam
846 2945 975 2980 diceret
989 2946 1235 2992 episcoporum,
1250 2947 1283 2979 οι·
1297 2944 1340 2979 ab
1356 2943 1527 2990 anesten!
1542 2944 1659 2979 talium
1674 2945 1862 2987 ordinatio,

309 3014 382 3036 cun
398 3004 625 3048 episcopm-nm
638 3001 824 3047 pluraliter
840 3002 965 3037 dicrum
981 3003 1036 3036 sie.
1068 3000 1138 3037 Sed
1154 3001 1345 3047 genitivum
1360 2999 1460 3036 illum
1475 2997 1662 3035 δπισιιόπων
1678 3000 1778 3037 aliter
1792 2999 1857 3037 La·

309 3059 372 3095 tini
396 3058 596 3105 interpretes
622 3062 844 3103 acceperuut,
869 3062 907 3093 ut
930 3057 1092 3094 nimirum
1116 3057 1298 3104 χιιροθιοία
1313 3054 1500 3093 ἐπισκόπων
1517 3067 1585 3092 nou
1608 3057 1667 3093 illa
1689 3068 1858 3095 manuum
