<?xml version="1.0" encoding="UTF-8"?>
<!DOCTYPE html PUBLIC "-//W3C//DTD XHTML 1.0 Transitional//EN"
    "http://www.w3.org/TR/xhtml1/DTD/xhtml1-transitional.dtd">
<html xmlns="http://www.w3.org/1999/xhtml" xml:lang="en" lang="en">
 <head>
  <title>
</title>
<meta http-equiv="Content-Type" content="text/html;charset=utf-8" />
  <meta name='ocr-system' content='tesseract 3.04.00' />
  <meta name='ocr-capabilities' content='ocr_page ocr_carea ocr_par ocr_line ocrx_word'/>
</head>
<body>
  <div class='ocr_page' id='page_1' title='image "./corporishaereseo03epip_0148.png"; bbox 0 0 2008 3294; ppageno 0'>
   <div class='ocr_carea' id='block_1_1' title="bbox 292 199 366 236">
    <p class='ocr_par' dir='ltr' id='par_1_1' title="bbox 292 199 366 236">
     <span class='ocr_line' id='line_1_1' title="bbox 292 199 366 236; baseline 0 0"><span class='ocrx_word' id='word_1_1' title='bbox 292 199 366 236; x_wconf 85' lang='lat' dir='ltr'>XX</span> 
     </span>
    </p>
   </div>
   <div class='ocr_carea' id='block_1_2' title="bbox 291 299 1854 1312">
    <p class='ocr_par' dir='ltr' id='par_1_2' title="bbox 292 299 1853 864">
     <span class='ocr_line' id='line_1_2' title="bbox 294 299 1853 349; baseline -0.002 -11"><span class='ocrx_word' id='word_1_2' title='bbox 294 303 460 349; x_wconf 81' lang='lat' dir='ltr'>concipit:</span> <span class='ocrx_word' id='word_1_3' title='bbox 490 303 663 344; x_wconf 70' lang='lat' dir='ltr'>Adduxit,</span> <span class='ocrx_word' id='word_1_4' title='bbox 685 300 819 347; x_wconf 89' lang='lat' dir='ltr'>inquit,</span> <span class='ocrx_word' id='word_1_5' title='bbox 839 312 901 335; x_wconf 73' lang='lat' dir='ltr'>rex</span> <span class='ocrx_word' id='word_1_6' title='bbox 921 301 1140 346; x_wconf 57' lang='lat' dir='ltr'>Assyriorum</span> <span class='ocrx_word' id='word_1_7' title='bbox 1162 302 1253 334; x_wconf 76' lang='lat' dir='ltr'>viros</span> <span class='ocrx_word' id='word_1_8' title='bbox 1275 301 1316 335; x_wconf 83' lang='lat' dir='ltr'>de</span> <span class='ocrx_word' id='word_1_9' title='bbox 1339 299 1530 345; x_wconf 73' lang='lat' dir='ltr'>Babylone,</span> <span class='ocrx_word' id='word_1_10' title='bbox 1553 305 1587 334; x_wconf 81' lang='lat' dir='ltr'>et</span> <span class='ocrx_word' id='word_1_11' title='bbox 1608 301 1648 336; x_wconf 83' lang='lat' dir='ltr'>de</span> <span class='ocrx_word' id='word_1_12' title='bbox 1671 299 1796 342; x_wconf 76' lang='lat' dir='ltr'>Cutha,</span> <span class='ocrx_word' id='word_1_13' title='bbox 1819 306 1853 335; x_wconf 83' lang='lat' dir='ltr'>et</span> 
     </span>
     <span class='ocr_line' id='line_1_3' title="bbox 294 355 1849 404; baseline -0.003 -9"><span class='ocrx_word' id='word_1_14' title='bbox 294 363 335 395; x_wconf 83' lang='lat' dir='ltr'>de</span> <span class='ocrx_word' id='word_1_15' title='bbox 356 360 479 402; x_wconf 81' lang='grc' dir='ltr'>Ηαυα,</span> <span class='ocrx_word' id='word_1_16' title='bbox 503 366 535 394; x_wconf 82' lang='lat' dir='ltr'>et</span> <span class='ocrx_word' id='word_1_17' title='bbox 556 361 596 394; x_wconf 86' lang='lat' dir='ltr'>cle</span> <span class='ocrx_word' id='word_1_18' title='bbox 619 358 765 400; x_wconf 71' lang='lat' dir='ltr'>Emath,</span> <span class='ocrx_word' id='word_1_19' title='bbox 796 365 829 393; x_wconf 85' lang='lat' dir='ltr'>et</span> <span class='ocrx_word' id='word_1_20' title='bbox 848 359 890 393; x_wconf 81' lang='lat' dir='ltr'>de</span> <span class='ocrx_word' id='word_1_21' title='bbox 910 357 1149 404; x_wconf 75' lang='lat' dir='ltr'>Sepharuaim.</span> <span class='ocrx_word' id='word_1_22' title='bbox 1191 356 1321 395; x_wconf 79' lang='lat' dir='ltr'>Graece</span> <span class='ocrx_word' id='word_1_23' title='bbox 1342 357 1408 392; x_wconf 82' lang='lat' dir='ltr'>ita:</span> <span class='ocrx_word' id='word_1_24' title='bbox 1441 357 1503 391; x_wconf 71' lang='grc' dir='ltr'>Καὶ</span> <span class='ocrx_word' id='word_1_25' title='bbox 1524 355 1560 390; x_wconf 82' lang='grc' dir='ltr'>ἐκ</span> <span class='ocrx_word' id='word_1_26' title='bbox 1581 355 1686 402; x_wconf 81' lang='grc' dir='ltr'>Χυθὰ,</span> <span class='ocrx_word' id='word_1_27' title='bbox 1711 355 1764 390; x_wconf 73' lang='grc' dir='ltr'>καὶ</span> <span class='ocrx_word' id='word_1_28' title='bbox 1782 355 1849 390; x_wconf 71' lang='grc' dir='ltr'>ἀπὸ</span> 
     </span>
     <span class='ocr_line' id='line_1_4' title="bbox 294 413 1851 463; baseline -0.001 -13"><span class='ocrx_word' id='word_1_29' title='bbox 294 416 427 462; x_wconf 79' lang='grc' dir='ltr'>Ἂουὰν,</span> <span class='ocrx_word' id='word_1_30' title='bbox 450 416 503 450; x_wconf 71' lang='grc' dir='ltr'>καὶ</span> <span class='ocrx_word' id='word_1_31' title='bbox 526 415 589 450; x_wconf 77' lang='grc' dir='ltr'>ἀπὸ</span> <span class='ocrx_word' id='word_1_32' title='bbox 606 413 729 461; x_wconf 76' lang='grc' dir='ltr'>Αἰμὰθ,</span> <span class='ocrx_word' id='word_1_33' title='bbox 754 414 807 449; x_wconf 72' lang='grc' dir='ltr'>καὶ</span> <span class='ocrx_word' id='word_1_34' title='bbox 829 413 893 449; x_wconf 77' lang='grc' dir='ltr'>ἀπὸ</span> <span class='ocrx_word' id='word_1_35' title='bbox 910 414 1156 463; x_wconf 75' lang='grc' dir='ltr'>Σεμφαρουαίμ.</span> <span class='ocrx_word' id='word_1_36' title='bbox 1198 413 1294 456; x_wconf 79' lang='lat' dir='ltr'>Quod</span> <span class='ocrx_word' id='word_1_37' title='bbox 1317 414 1362 449; x_wconf 81' lang='lat' dir='ltr'>ad</span> <span class='ocrx_word' id='word_1_38' title='bbox 1377 413 1573 450; x_wconf 79' lang='lat' dir='ltr'>Chuthaeos</span> <span class='ocrx_word' id='word_1_39' title='bbox 1598 413 1736 456; x_wconf 76' lang='lat' dir='ltr'><strong>attinet,</strong></span> <span class='ocrx_word' id='word_1_40' title='bbox 1759 413 1851 448; x_wconf 83' lang='lat' dir='ltr'>Iose-</span> 
     </span>
     <span class='ocr_line' id='line_1_5' title="bbox 292 468 1851 520; baseline -0.002 -12"><span class='ocrx_word' id='word_1_41' title='bbox 292 474 383 520; x_wconf 87' lang='lat' dir='ltr'>phus</span> <span class='ocrx_word' id='word_1_42' title='bbox 406 475 429 508; x_wconf 91' lang='lat'>1.</span> <span class='ocrx_word' id='word_1_43' title='bbox 454 486 500 508; x_wconf 57' lang='grc' dir='ltr'>ιε.</span> <span class='ocrx_word' id='word_1_44' title='bbox 524 472 692 519; x_wconf 79' lang='grc' dir='ltr'>Ἀρχαιολ.</span> <span class='ocrx_word' id='word_1_45' title='bbox 725 483 754 508; x_wconf 90' lang='lat' dir='ltr'>c.</span> <span class='ocrx_word' id='word_1_46' title='bbox 776 484 853 516; x_wconf 80' lang='lat' dir='ltr'>xiv,</span> <span class='ocrx_word' id='word_1_47' title='bbox 890 483 912 507; x_wconf 86' lang='lat' dir='ltr'>a</span> <span class='ocrx_word' id='word_1_48' title='bbox 933 471 1070 508; x_wconf 86' lang='lat' dir='ltr'>Ghutha</span> <span class='ocrx_word' id='word_1_49' title='bbox 1091 471 1240 506; x_wconf 82' lang='lat' dir='ltr'>Persidis</span> <span class='ocrx_word' id='word_1_50' title='bbox 1269 471 1412 518; x_wconf 78' lang='lat' dir='ltr'>regione</span> <span class='ocrx_word' id='word_1_51' title='bbox 1447 475 1482 506; x_wconf 86' lang='lat' dir='ltr'>et</span> <span class='ocrx_word' id='word_1_52' title='bbox 1507 471 1716 518; x_wconf 86' lang='lat' dir='ltr'>cognomine</span> <span class='ocrx_word' id='word_1_53' title='bbox 1744 468 1851 505; x_wconf 84' lang='lat' dir='ltr'>fluvio</span> 
     </span>
     <span class='ocr_line' id='line_1_6' title="bbox 293 527 1852 574; baseline -0.003 -9"><span class='ocrx_word' id='word_1_54' title='bbox 293 532 493 566; x_wconf 88' lang='lat' dir='ltr'>nominatos</span> <span class='ocrx_word' id='word_1_55' title='bbox 510 530 673 566; x_wconf 79' lang='lat' dir='ltr'>affirmat.</span> <span class='ocrx_word' id='word_1_56' title='bbox 708 529 796 565; x_wconf 90' lang='lat' dir='ltr'>Vide</span> <span class='ocrx_word' id='word_1_57' title='bbox 810 529 923 565; x_wconf 86' lang='lat' dir='ltr'>Eliam</span> <span class='ocrx_word' id='word_1_58' title='bbox 938 528 1148 572; x_wconf 88' lang='lat' dir='ltr'>Thisbitem,</span> <span class='ocrx_word' id='word_1_59' title='bbox 1164 529 1333 564; x_wconf 83' lang='lat' dir='ltr'>vocabulo</span> <span class='ocrx_word' id='word_1_60' title='bbox 1351 531 1446 570; x_wconf 57' lang='grc' dir='ltr'>ΓΗΒ.</span> <span class='ocrx_word' id='word_1_61' title='bbox 1477 529 1531 564; x_wconf 90' lang='lat' dir='ltr'>Ab</span> <span class='ocrx_word' id='word_1_62' title='bbox 1543 528 1586 563; x_wconf 88' lang='lat' dir='ltr'>iis</span> <span class='ocrx_word' id='word_1_63' title='bbox 1599 527 1702 570; x_wconf 87' lang='lat' dir='ltr'>nihil,</span> <span class='ocrx_word' id='word_1_64' title='bbox 1720 527 1852 574; x_wconf 88' lang='lat' dir='ltr'>opinor,</span> 
     </span>
     <span class='ocr_line' id='line_1_7' title="bbox 294 583 1852 634; baseline -0.002 -12"><span class='ocrx_word' id='word_1_65' title='bbox 294 588 489 634; x_wconf 88' lang='lat' dir='ltr'>discrepant</span> <span class='ocrx_word' id='word_1_66' title='bbox 506 587 679 634; x_wconf 76' lang='grc' dir='ltr'>Κουδαῖοι,</span> <span class='ocrx_word' id='word_1_67' title='bbox 703 587 785 622; x_wconf 87' lang='lat' dir='ltr'>licet</span> <span class='ocrx_word' id='word_1_68' title='bbox 798 586 1012 634; x_wconf 81' lang='lat' dir='ltr'>Epiphanius</span> <span class='ocrx_word' id='word_1_69' title='bbox 1029 589 1202 629; x_wconf 87' lang='lat' dir='ltr'>secernat;</span> <span class='ocrx_word' id='word_1_70' title='bbox 1226 585 1294 621; x_wconf 89' lang='lat' dir='ltr'>nisi</span> <span class='ocrx_word' id='word_1_71' title='bbox 1310 585 1387 631; x_wconf 89' lang='lat' dir='ltr'>quis</span> <span class='ocrx_word' id='word_1_72' title='bbox 1402 583 1599 632; x_wconf 82' lang='grc' dir='ltr'>Αἷμαθαίους</span> <span class='ocrx_word' id='word_1_73' title='bbox 1616 585 1690 620; x_wconf 85' lang='lat' dir='ltr'>eius</span> <span class='ocrx_word' id='word_1_74' title='bbox 1706 585 1784 620; x_wconf 89' lang='lat' dir='ltr'>loco</span> <span class='ocrx_word' id='word_1_75' title='bbox 1799 594 1852 619; x_wconf 85' lang='lat' dir='ltr'>re-</span> 
     </span>
     <span class='ocr_line' id='line_1_8' title="bbox 293 641 1852 691; baseline -0.002 -12"><span class='ocrx_word' id='word_1_76' title='bbox 293 645 494 691; x_wconf 90' lang='lat' dir='ltr'>ponendum</span> <span class='ocrx_word' id='word_1_77' title='bbox 510 648 658 680; x_wconf 87' lang='lat' dir='ltr'>censeat.</span> <span class='ocrx_word' id='word_1_78' title='bbox 686 643 777 680; x_wconf 83' lang='lat' dir='ltr'>Nam</span> <span class='ocrx_word' id='word_1_79' title='bbox 791 656 854 691; x_wconf 89' lang='lat' dir='ltr'>pro</span> <span class='ocrx_word' id='word_1_80' title='bbox 872 643 1153 690; x_wconf 77' lang='grc' dir='ltr'>Ἀναγωγαναίους</span> <span class='ocrx_word' id='word_1_81' title='bbox 1164 643 1317 678; x_wconf 83' lang='lat' dir='ltr'>-fortasse</span> <span class='ocrx_word' id='word_1_82' title='bbox 1333 641 1542 682; x_wconf 78' lang='grc' dir='ltr'>Ἀουαναίους</span> <span class='ocrx_word' id='word_1_83' title='bbox 1558 642 1684 677; x_wconf 91' lang='lat' dir='ltr'>melius</span> <span class='ocrx_word' id='word_1_84' title='bbox 1701 641 1775 684; x_wconf 90' lang='lat' dir='ltr'>erit,</span> <span class='ocrx_word' id='word_1_85' title='bbox 1790 651 1852 688; x_wconf 84' lang='lat' dir='ltr'>pro</span> 
     </span>
     <span class='ocr_line' id='line_1_9' title="bbox 292 697 1853 746; baseline -0.003 -9"><span class='ocrx_word' id='word_1_86' title='bbox 292 703 459 745; x_wconf 86' lang='lat' dir='ltr'>Havaeis;</span> <span class='ocrx_word' id='word_1_87' title='bbox 476 713 557 737; x_wconf 89' lang='lat' dir='ltr'>cum</span> <span class='ocrx_word' id='word_1_88' title='bbox 571 713 642 737; x_wconf 74' lang='lat' dir='ltr'>Lxx</span> <span class='ocrx_word' id='word_1_89' title='bbox 658 699 776 736; x_wconf 85' lang='grc' dir='ltr'>Ἀουὰν</span> <span class='ocrx_word' id='word_1_90' title='bbox 796 702 962 738; x_wconf 83' lang='lat' dir='ltr'>scribant.</span> <span class='ocrx_word' id='word_1_91' title='bbox 994 702 1040 736; x_wconf 87' lang='lat' dir='ltr'>At</span> <span class='ocrx_word' id='word_1_92' title='bbox 1056 700 1212 746; x_wconf 77' lang='lat' dir='ltr'>Scaliger</span> <span class='ocrx_word' id='word_1_93' title='bbox 1227 698 1400 746; x_wconf 79' lang='grc' dir='ltr'><strong>Ἀνάγνους</strong></span> <span class='ocrx_word' id='word_1_94' title='bbox 1416 699 1572 739; x_wconf 71' lang='grc' dir='ltr'>Γαναίους</span> <span class='ocrx_word' id='word_1_95' title='bbox 1587 699 1657 746; x_wconf 87' lang='lat' dir='ltr'>leg.</span> <span class='ocrx_word' id='word_1_96' title='bbox 1671 697 1853 741; x_wconf 83' lang='lat' dir='ltr'>ariolatur3</span> 
     </span>
     <span class='ocr_line' id='line_1_10' title="bbox 294 753 1853 806; baseline -0.001 -13"><span class='ocrx_word' id='word_1_97' title='bbox 294 759 377 804; x_wconf 84' lang='lat' dir='ltr'>quia</span> <span class='ocrx_word' id='word_1_98' title='bbox 399 753 494 800; x_wconf 52' lang='lat' dir='ltr'>³8⁸3ss</span> <span class='ocrx_word' id='word_1_99' title='bbox 516 762 599 794; x_wconf 90' lang='lat' dir='ltr'>sunt</span> <span class='ocrx_word' id='word_1_100' title='bbox 619 756 770 806; x_wconf 83' lang='grc' dir='ltr'>ἄναγνοι,</span> <span class='ocrx_word' id='word_1_101' title='bbox 801 759 964 795; x_wconf 76' lang='lat' dir='ltr'>obscoeni.</span> <span class='ocrx_word' id='word_1_102' title='bbox 1002 758 1132 794; x_wconf 88' lang='lat' dir='ltr'>Verum</span> <span class='ocrx_word' id='word_1_103' title='bbox 1154 757 1333 793; x_wconf 85' lang='lat' dir='ltr'>nationum</span> <span class='ocrx_word' id='word_1_104' title='bbox 1357 755 1414 792; x_wconf 88' lang='lat' dir='ltr'>hic</span> <span class='ocrx_word' id='word_1_105' title='bbox 1435 757 1595 800; x_wconf 88' lang='lat' dir='ltr'>nomina,</span> <span class='ocrx_word' id='word_1_106' title='bbox 1624 767 1696 792; x_wconf 87' lang='lat' dir='ltr'>uon</span> <span class='ocrx_word' id='word_1_107' title='bbox 1715 766 1853 792; x_wconf 87' lang='lat' dir='ltr'>morum</span> 
     </span>
     <span class='ocr_line' id='line_1_11' title="bbox 293 816 1012 864; baseline 0.001 -13"><span class='ocrx_word' id='word_1_108' title='bbox 293 827 334 851; x_wconf 85' lang='lat' dir='ltr'>ac</span> <span class='ocrx_word' id='word_1_109' title='bbox 350 817 515 852; x_wconf 82' lang='lat' dir='ltr'>vitiorum</span> <span class='ocrx_word' id='word_1_110' title='bbox 530 816 670 864; x_wconf 89' lang='lat' dir='ltr'>propria</span> <span class='ocrx_word' id='word_1_111' title='bbox 685 820 1012 852; x_wconf 80' lang='lat' dir='ltr'>commemorantur.</span> 
     </span>
    </p>

    <p class='ocr_par' dir='ltr' id='par_1_3' title="bbox 291 869 1854 1312">
     <span class='ocr_line' id='line_1_12' title="bbox 384 869 1852 921; baseline -0.001 -13"><span class='ocrx_word' id='word_1_112' title='bbox 384 872 532 921; x_wconf 85' lang='grc' dir='ltr'>’Έσδραν</span> <span class='ocrx_word' id='word_1_113' title='bbox 548 872 619 908; x_wconf 81' lang='grc' dir='ltr'>τινὰ</span> <span class='ocrx_word' id='word_1_114' title='bbox 633 872 744 921; x_wconf 55' lang='grc' dir='ltr'>ἱερέα]</span> <span class='ocrx_word' id='word_1_115' title='bbox 774 874 922 910; x_wconf 83' lang='lat' dir='ltr'>Mirifica</span> <span class='ocrx_word' id='word_1_116' title='bbox 937 882 1052 909; x_wconf 88' lang='lat' dir='ltr'>rerum</span> <span class='ocrx_word' id='word_1_117' title='bbox 1069 876 1332 919; x_wconf 77' lang='lat' dir='ltr'>temporumque</span> <span class='ocrx_word' id='word_1_118' title='bbox 1345 871 1570 918; x_wconf 80' lang='lat' dir='ltr'>perturbatio.</span> <span class='ocrx_word' id='word_1_119' title='bbox 1601 869 1748 911; x_wconf 80' lang='lat' dir='ltr'>Esdram</span> <span class='ocrx_word' id='word_1_120' title='bbox 1759 880 1852 906; x_wconf 86' lang='lat' dir='ltr'>asse-</span> 
     </span>
     <span class='ocr_line' id='line_1_13' title="bbox 292 927 1853 978; baseline -0.002 -12"><span class='ocrx_word' id='word_1_121' title='bbox 292 931 338 967; x_wconf 86' lang='lat' dir='ltr'>rit</span> <span class='ocrx_word' id='word_1_122' title='bbox 353 942 374 966; x_wconf 93' lang='lat' dir='ltr'>a</span> <span class='ocrx_word' id='word_1_123' title='bbox 389 930 638 967; x_wconf 87' lang='lat' dir='ltr'>Nabuchodon.</span> <span class='ocrx_word' id='word_1_124' title='bbox 660 931 826 974; x_wconf 83' lang='lat' dir='ltr'>missum,</span> <span class='ocrx_word' id='word_1_125' title='bbox 844 931 904 978; x_wconf 92' lang='lat' dir='ltr'>qui</span> <span class='ocrx_word' id='word_1_126' title='bbox 919 931 1098 966; x_wconf 79' lang='lat' dir='ltr'>Samariae</span> <span class='ocrx_word' id='word_1_127' title='bbox 1112 930 1303 976; x_wconf 83' lang='lat' dir='ltr'>inquilinos</span> <span class='ocrx_word' id='word_1_128' title='bbox 1318 929 1428 965; x_wconf 80' lang='lat' dir='ltr'>Mosis</span> <span class='ocrx_word' id='word_1_129' title='bbox 1444 929 1560 976; x_wconf 87' lang='lat' dir='ltr'>legem</span> <span class='ocrx_word' id='word_1_130' title='bbox 1575 928 1728 972; x_wconf 86' lang='lat' dir='ltr'>doceret,</span> <span class='ocrx_word' id='word_1_131' title='bbox 1750 927 1853 974; x_wconf 83' lang='lat' dir='ltr'>idque</span> 
     </span>
     <span class='ocr_line' id='line_1_14' title="bbox 293 985 1852 1036; baseline -0.002 -12"><span class='ocrx_word' id='word_1_132' title='bbox 293 1001 385 1024; x_wconf 87' lang='lat' dir='ltr'>anno</span> <span class='ocrx_word' id='word_1_133' title='bbox 407 1001 481 1024; x_wconf 81' lang='lat' dir='ltr'>xxx</span> <span class='ocrx_word' id='word_1_134' title='bbox 502 988 738 1036; x_wconf 83' lang='lat' dir='ltr'>Babylonicae</span> <span class='ocrx_word' id='word_1_135' title='bbox 761 989 971 1035; x_wconf 86' lang='lat' dir='ltr'>captivitatis</span> <span class='ocrx_word' id='word_1_136' title='bbox 995 987 1172 1024; x_wconf 86' lang='lat' dir='ltr'>accidisse.</span> <span class='ocrx_word' id='word_1_137' title='bbox 1211 987 1289 1022; x_wconf 90' lang='lat' dir='ltr'>Non</span> <span class='ocrx_word' id='word_1_138' title='bbox 1313 985 1448 1021; x_wconf 88' lang='lat' dir='ltr'>videtur</span> <span class='ocrx_word' id='word_1_139' title='bbox 1470 986 1619 1023; x_wconf 77' lang='lat' dir='ltr'>aiterum</span> <span class='ocrx_word' id='word_1_140' title='bbox 1641 985 1787 1021; x_wconf 78' lang='lat' dir='ltr'>Esdram</span> <span class='ocrx_word' id='word_1_141' title='bbox 1807 986 1852 1021; x_wconf 85' lang='lat' dir='ltr'>ab</span> 
     </span>
     <span class='ocr_line' id='line_1_15' title="bbox 293 1043 1854 1093; baseline -0.001 -12"><span class='ocrx_word' id='word_1_142' title='bbox 293 1058 334 1081; x_wconf 88' lang='lat' dir='ltr'>eo</span> <span class='ocrx_word' id='word_1_143' title='bbox 364 1046 577 1081; x_wconf 77' lang='lat' dir='ltr'>intellexisse</span> <span class='ocrx_word' id='word_1_144' title='bbox 607 1047 666 1093; x_wconf 90' lang='lat' dir='ltr'>qui</span> <span class='ocrx_word' id='word_1_145' title='bbox 688 1046 851 1082; x_wconf 86' lang='lat' dir='ltr'>Hecaliae</span> <span class='ocrx_word' id='word_1_146' title='bbox 879 1046 973 1081; x_wconf 90' lang='lat' dir='ltr'>filius</span> <span class='ocrx_word' id='word_1_147' title='bbox 994 1045 1083 1092; x_wconf 88' lang='lat' dir='ltr'>legis</span> <span class='ocrx_word' id='word_1_148' title='bbox 1105 1045 1220 1080; x_wconf 85' lang='lat' dir='ltr'>scriba</span> <span class='ocrx_word' id='word_1_149' title='bbox 1242 1044 1375 1080; x_wconf 88' lang='lat' dir='ltr'>dicitur.</span> <span class='ocrx_word' id='word_1_150' title='bbox 1422 1043 1491 1079; x_wconf 87' lang='lat' dir='ltr'>Sed</span> <span class='ocrx_word' id='word_1_151' title='bbox 1521 1044 1628 1079; x_wconf 88' lang='lat' dir='ltr'>alium</span> <span class='ocrx_word' id='word_1_152' title='bbox 1658 1047 1792 1087; x_wconf 86' lang='lat' dir='ltr'>tamen,</span> <span class='ocrx_word' id='word_1_153' title='bbox 1823 1043 1854 1079; x_wconf 85' lang='lat' dir='ltr'>si</span> 
     </span>
     <span class='ocr_line' id='line_1_16' title="bbox 291 1099 1853 1150; baseline -0.002 -12"><span class='ocrx_word' id='word_1_154' title='bbox 291 1115 415 1139; x_wconf 81' lang='lat' dir='ltr'>verum</span> <span class='ocrx_word' id='word_1_155' title='bbox 429 1103 517 1138; x_wconf 92' lang='lat' dir='ltr'>illud</span> <span class='ocrx_word' id='word_1_156' title='bbox 532 1107 601 1146; x_wconf 87' lang='lat' dir='ltr'>est,</span> <span class='ocrx_word' id='word_1_157' title='bbox 627 1106 763 1150; x_wconf 91' lang='lat' dir='ltr'>oportet</span> <span class='ocrx_word' id='word_1_158' title='bbox 777 1103 896 1139; x_wconf 88' lang='lat' dir='ltr'>fuisse.</span> <span class='ocrx_word' id='word_1_159' title='bbox 936 1103 1015 1139; x_wconf 90' lang='lat' dir='ltr'>Non</span> <span class='ocrx_word' id='word_1_160' title='bbox 1030 1102 1184 1138; x_wconf 87' lang='lat' dir='ltr'>melioris</span> <span class='ocrx_word' id='word_1_161' title='bbox 1201 1107 1254 1138; x_wconf 88' lang='lat' dir='ltr'>est</span> <span class='ocrx_word' id='word_1_162' title='bbox 1273 1105 1394 1145; x_wconf 85' lang='lat' dir='ltr'>notae,</span> <span class='ocrx_word' id='word_1_163' title='bbox 1417 1100 1510 1148; x_wconf 88' lang='lat' dir='ltr'>quod</span> <span class='ocrx_word' id='word_1_164' title='bbox 1525 1101 1767 1144; x_wconf 85' lang='lat' dir='ltr'>Israeliticam,</span> <span class='ocrx_word' id='word_1_165' title='bbox 1787 1099 1853 1136; x_wconf 90' lang='lat' dir='ltr'>hoc</span> 
     </span>
     <span class='ocr_line' id='line_1_17' title="bbox 292 1158 1853 1208; baseline -0.001 -12"><span class='ocrx_word' id='word_1_166' title='bbox 292 1166 347 1196; x_wconf 88' lang='lat' dir='ltr'>est</span> <span class='ocrx_word' id='word_1_167' title='bbox 360 1173 381 1196; x_wconf 86' lang='lat' dir='ltr'>x</span> <span class='ocrx_word' id='word_1_168' title='bbox 403 1161 559 1196; x_wconf 89' lang='lat' dir='ltr'>tribuum</span> <span class='ocrx_word' id='word_1_169' title='bbox 582 1161 835 1208; x_wconf 85' lang='lat' dir='ltr'>captivitatem,</span> <span class='ocrx_word' id='word_1_170' title='bbox 859 1172 940 1196; x_wconf 89' lang='lat' dir='ltr'>cum</span> <span class='ocrx_word' id='word_1_171' title='bbox 963 1161 1071 1196; x_wconf 77' lang='lat' dir='ltr'>altera</span> <span class='ocrx_word' id='word_1_172' title='bbox 1091 1159 1288 1203; x_wconf 80' lang='lat' dir='ltr'>confundit,</span> <span class='ocrx_word' id='word_1_173' title='bbox 1312 1169 1402 1206; x_wconf 90' lang='lat' dir='ltr'>quae</span> <span class='ocrx_word' id='word_1_174' title='bbox 1425 1159 1490 1194; x_wconf 87' lang='lat' dir='ltr'>sub</span> <span class='ocrx_word' id='word_1_175' title='bbox 1506 1158 1757 1194; x_wconf 88' lang='lat' dir='ltr'>Nabuchodon.</span> <span class='ocrx_word' id='word_1_176' title='bbox 1772 1169 1853 1194; x_wconf 88' lang='lat' dir='ltr'>con-</span> 
     </span>
     <span class='ocr_line' id='line_1_18' title="bbox 291 1215 1853 1265; baseline 0 -13"><span class='ocrx_word' id='word_1_177' title='bbox 291 1219 383 1264; x_wconf 82' lang='lat' dir='ltr'>tigit.</span> <span class='ocrx_word' id='word_1_178' title='bbox 422 1218 512 1260; x_wconf 89' lang='lat' dir='ltr'>Quid</span> <span class='ocrx_word' id='word_1_179' title='bbox 533 1218 628 1253; x_wconf 90' lang='lat' dir='ltr'>enim</span> <span class='ocrx_word' id='word_1_180' title='bbox 647 1218 741 1253; x_wconf 87' lang='lat' dir='ltr'>aliud</span> <span class='ocrx_word' id='word_1_181' title='bbox 763 1218 876 1255; x_wconf 85' lang='lat' dir='ltr'>facere</span> <span class='ocrx_word' id='word_1_182' title='bbox 896 1218 1011 1265; x_wconf 91' lang='lat' dir='ltr'>potuit</span> <span class='ocrx_word' id='word_1_183' title='bbox 1034 1218 1093 1264; x_wconf 86' lang='lat' dir='ltr'>qui</span> <span class='ocrx_word' id='word_1_184' title='bbox 1114 1216 1363 1254; x_wconf 83' lang='lat' dir='ltr'>Nabuchodon.</span> <span class='ocrx_word' id='word_1_185' title='bbox 1387 1216 1536 1253; x_wconf 89' lang='lat' dir='ltr'>eundem</span> <span class='ocrx_word' id='word_1_186' title='bbox 1558 1227 1638 1253; x_wconf 86' lang='lat' dir='ltr'>cum</span> <span class='ocrx_word' id='word_1_187' title='bbox 1654 1215 1853 1254; x_wconf 84' lang='lat' dir='ltr'>Sahnanas·</span> 
     </span>
     <span class='ocr_line' id='line_1_19' title="bbox 292 1276 639 1312; baseline 0 -1"><span class='ocrx_word' id='word_1_188' title='bbox 292 1286 370 1312; x_wconf 85' lang='lat' dir='ltr'>saro</span> <span class='ocrx_word' id='word_1_189' title='bbox 388 1276 639 1312; x_wconf 79' lang='lat' dir='ltr'>constituerat?</span> 
     </span>
    </p>
   </div>
   <div class='ocr_carea' id='block_1_3' title="bbox 700 1377 1441 1415">
    <p class='ocr_par' dir='ltr' id='par_1_4' title="bbox 700 1377 1441 1415">
     <span class='ocr_line' id='line_1_20' title="bbox 700 1377 1441 1415; baseline -0.001 -1"><span class='ocrx_word' id='word_1_190' title='bbox 700 1379 761 1414; x_wconf 89' lang='lat' dir='ltr'>AD</span> <span class='ocrx_word' id='word_1_191' title='bbox 785 1377 1011 1414; x_wconf 84' lang='lat' dir='ltr'>HAERESIN</span> <span class='ocrx_word' id='word_1_192' title='bbox 1035 1377 1441 1415; x_wconf 84' lang='lat' dir='ltr'>SAMARITANORUM.</span> 
     </span>
    </p>
   </div>
   <div class='ocr_carea' id='block_1_4' title="bbox 290 1446 1854 2011">
    <p class='ocr_par' dir='ltr' id='par_1_5' title="bbox 290 1446 1854 2011">
     <span class='ocr_line' id='line_1_21' title="bbox 381 1446 1851 1496; baseline -0.001 -13"><span class='ocrx_word' id='word_1_193' title='bbox 381 1448 558 1484; x_wconf 86' lang='lat' dir='ltr'>Hactenus</span> <span class='ocrx_word' id='word_1_194' title='bbox 580 1451 694 1483; x_wconf 83' lang='lat' dir='ltr'>sectae</span> <span class='ocrx_word' id='word_1_195' title='bbox 716 1447 815 1491; x_wconf 82' lang='lat' dir='ltr'>illae,</span> <span class='ocrx_word' id='word_1_196' title='bbox 843 1458 932 1494; x_wconf 86' lang='lat' dir='ltr'>quae</span> <span class='ocrx_word' id='word_1_197' title='bbox 961 1448 1016 1482; x_wconf 85' lang='lat' dir='ltr'>vel</span> <span class='ocrx_word' id='word_1_198' title='bbox 1043 1451 1124 1483; x_wconf 90' lang='lat' dir='ltr'>ante</span> <span class='ocrx_word' id='word_1_199' title='bbox 1151 1447 1358 1495; x_wconf 82' lang='lat' dir='ltr'>scripturam</span> <span class='ocrx_word' id='word_1_200' title='bbox 1378 1447 1566 1496; x_wconf 86' lang='lat' dir='ltr'>extiterunt</span> <span class='ocrx_word' id='word_1_201' title='bbox 1592 1446 1648 1482; x_wconf 83' lang='lat' dir='ltr'>vel</span> <span class='ocrx_word' id='word_1_202' title='bbox 1671 1446 1851 1494; x_wconf 82' lang='lat' dir='ltr'>gentilium</span> 
     </span>
     <span class='ocr_line' id='line_1_22' title="bbox 291 1504 1852 1552; baseline -0.001 -11"><span class='ocrx_word' id='word_1_203' title='bbox 291 1506 387 1541; x_wconf 83' lang='lat' dir='ltr'>fuere</span> <span class='ocrx_word' id='word_1_204' title='bbox 410 1506 579 1552; x_wconf 89' lang='lat' dir='ltr'>propriae.</span> <span class='ocrx_word' id='word_1_205' title='bbox 625 1505 825 1552; x_wconf 83' lang='lat' dir='ltr'>Sequuntur</span> <span class='ocrx_word' id='word_1_206' title='bbox 854 1516 914 1540; x_wconf 83' lang='lat' dir='ltr'>eae</span> <span class='ocrx_word' id='word_1_207' title='bbox 942 1515 1031 1552; x_wconf 90' lang='lat' dir='ltr'>quae</span> <span class='ocrx_word' id='word_1_208' title='bbox 1051 1508 1228 1551; x_wconf 87' lang='lat' dir='ltr'>utcunque</span> <span class='ocrx_word' id='word_1_209' title='bbox 1249 1505 1435 1551; x_wconf 85' lang='lat' dir='ltr'>scripturas</span> <span class='ocrx_word' id='word_1_210' title='bbox 1459 1507 1668 1551; x_wconf 81' lang='lat' dir='ltr'>usurpantes</span> <span class='ocrx_word' id='word_1_211' title='bbox 1687 1504 1852 1551; x_wconf 88' lang='lat' dir='ltr'>multipli-</span> 
     </span>
     <span class='ocr_line' id='line_1_23' title="bbox 293 1561 1852 1609; baseline 0 -11"><span class='ocrx_word' id='word_1_212' title='bbox 293 1564 391 1598; x_wconf 87' lang='lat' dir='ltr'>cibus</span> <span class='ocrx_word' id='word_1_213' title='bbox 408 1575 484 1598; x_wconf 86' lang='lat' dir='ltr'>sese</span> <span class='ocrx_word' id='word_1_214' title='bbox 501 1563 672 1598; x_wconf 89' lang='lat' dir='ltr'>erroribus</span> <span class='ocrx_word' id='word_1_215' title='bbox 688 1562 920 1609; x_wconf 86' lang='lat' dir='ltr'>implicarunt.</span> <span class='ocrx_word' id='word_1_216' title='bbox 957 1561 1112 1604; x_wconf 83' lang='lat' dir='ltr'>Quarum</span> <span class='ocrx_word' id='word_1_217' title='bbox 1127 1561 1196 1597; x_wconf 91' lang='lat' dir='ltr'>duo</span> <span class='ocrx_word' id='word_1_218' title='bbox 1213 1562 1328 1609; x_wconf 70' lang='lat' dir='ltr'>capita¹</span> <span class='ocrx_word' id='word_1_219' title='bbox 1343 1565 1442 1605; x_wconf 89' lang='lat' dir='ltr'>sunt,</span> <span class='ocrx_word' id='word_1_220' title='bbox 1458 1561 1651 1597; x_wconf 79' lang='lat' dir='ltr'>Samaritae</span> <span class='ocrx_word' id='word_1_221' title='bbox 1667 1572 1707 1596; x_wconf 87' lang='lat' dir='ltr'>ac</span> <span class='ocrx_word' id='word_1_222' title='bbox 1722 1561 1852 1598; x_wconf 86' lang='lat' dir='ltr'>Iudaei.</span> 
     </span>
     <span class='ocr_line' id='line_1_24' title="bbox 292 1617 1854 1666; baseline -0.001 -10"><span class='ocrx_word' id='word_1_223' title='bbox 292 1621 592 1656; x_wconf 81' lang='lat' dir='ltr'>Samaritanorum</span> <span class='ocrx_word' id='word_1_224' title='bbox 614 1617 687 1654; x_wconf 76' lang='grc' dir='ltr'>καθ’</span> <span class='ocrx_word' id='word_1_225' title='bbox 712 1618 928 1666; x_wconf 82' lang='grc' dir='ltr'>ὑποδιαίρεσιν</span> <span class='ocrx_word' id='word_1_226' title='bbox 950 1619 1119 1654; x_wconf 82' lang='lat' dir='ltr'>factiones</span> <span class='ocrx_word' id='word_1_227' title='bbox 1141 1622 1222 1654; x_wconf 90' lang='lat' dir='ltr'>sunt</span> <span class='ocrx_word' id='word_1_228' title='bbox 1245 1631 1297 1662; x_wconf 77' lang='lat' dir='ltr'>iv,</span> <span class='ocrx_word' id='word_1_229' title='bbox 1320 1618 1528 1655; x_wconf 90' lang='lat' dir='ltr'>Iudaeorum</span> <span class='ocrx_word' id='word_1_230' title='bbox 1542 1631 1602 1654; x_wconf 84' lang='lat' dir='ltr'>vn.</span> <span class='ocrx_word' id='word_1_231' title='bbox 1642 1618 1854 1655; x_wconf 85' lang='lat' dir='ltr'>Samaritani</span> 
     </span>
     <span class='ocr_line' id='line_1_25' title="bbox 293 1675 1853 1721; baseline 0 -9"><span class='ocrx_word' id='word_1_232' title='bbox 293 1682 375 1714; x_wconf 90' lang='lat' dir='ltr'>sunt</span> <span class='ocrx_word' id='word_1_233' title='bbox 390 1678 531 1721; x_wconf 88' lang='lat' dir='ltr'>Esseni,</span> <span class='ocrx_word' id='word_1_234' title='bbox 550 1676 734 1720; x_wconf 87' lang='lat' dir='ltr'>Gortheni,</span> <span class='ocrx_word' id='word_1_235' title='bbox 750 1677 918 1720; x_wconf 87' lang='lat' dir='ltr'>Sebuaei,</span> <span class='ocrx_word' id='word_1_236' title='bbox 935 1675 1108 1718; x_wconf 82' lang='lat' dir='ltr'>Dosithei3</span> <span class='ocrx_word' id='word_1_237' title='bbox 1136 1675 1341 1712; x_wconf 88' lang='lat' dir='ltr'>Iudaeorum</span> <span class='ocrx_word' id='word_1_238' title='bbox 1353 1676 1543 1720; x_wconf 89' lang='lat' dir='ltr'>Saducaei,</span> <span class='ocrx_word' id='word_1_239' title='bbox 1561 1676 1717 1721; x_wconf 89' lang='lat' dir='ltr'>Scribae,</span> <span class='ocrx_word' id='word_1_240' title='bbox 1735 1675 1853 1713; x_wconf 78' lang='lat' dir='ltr'>Phari-</span> 
     </span>
     <span class='ocr_line' id='line_1_26' title="bbox 292 1732 1854 1782; baseline -0.001 -11"><span class='ocrx_word' id='word_1_241' title='bbox 292 1737 382 1779; x_wconf 86' lang='lat' dir='ltr'>saei,</span> <span class='ocrx_word' id='word_1_242' title='bbox 403 1735 742 1782; x_wconf 86' lang='lat' dir='ltr'>Hemerobaptistae,</span> <span class='ocrx_word' id='word_1_243' title='bbox 758 1734 941 1778; x_wconf 85' lang='lat' dir='ltr'>Nasaraei‚</span> <span class='ocrx_word' id='word_1_244' title='bbox 959 1733 1101 1777; x_wconf 88' lang='lat' dir='ltr'>Osseni,</span> <span class='ocrx_word' id='word_1_245' title='bbox 1117 1733 1314 1770; x_wconf 89' lang='lat' dir='ltr'>Herodiani.</span> <span class='ocrx_word' id='word_1_246' title='bbox 1350 1734 1445 1771; x_wconf 87' lang='lat' dir='ltr'>Haec</span> <span class='ocrx_word' id='word_1_247' title='bbox 1459 1732 1692 1782; x_wconf 82' lang='lat' dir='ltr'>Epiphanius3</span> <span class='ocrx_word' id='word_1_248' title='bbox 1716 1734 1793 1781; x_wconf 86' lang='lat' dir='ltr'>qui,</span> <span class='ocrx_word' id='word_1_249' title='bbox 1814 1737 1854 1769; x_wconf 90' lang='lat' dir='ltr'>ut</span> 
     </span>
     <span class='ocr_line' id='line_1_27' title="bbox 291 1791 1852 1839; baseline -0.001 -11"><span class='ocrx_word' id='word_1_250' title='bbox 291 1794 378 1828; x_wconf 87' lang='lat' dir='ltr'>alias</span> <span class='ocrx_word' id='word_1_251' title='bbox 395 1804 513 1839; x_wconf 88' lang='lat' dir='ltr'>saepe,</span> <span class='ocrx_word' id='word_1_252' title='bbox 536 1793 587 1828; x_wconf 91' lang='lat' dir='ltr'>sic</span> <span class='ocrx_word' id='word_1_253' title='bbox 608 1793 645 1828; x_wconf 92' lang='lat' dir='ltr'>in</span> <span class='ocrx_word' id='word_1_254' title='bbox 667 1791 793 1827; x_wconf 86' lang='lat' dir='ltr'>harum</span> <span class='ocrx_word' id='word_1_255' title='bbox 814 1795 986 1827; x_wconf 89' lang='lat' dir='ltr'>sectarum</span> <span class='ocrx_word' id='word_1_256' title='bbox 1006 1791 1191 1838; x_wconf 84' lang='lat' dir='ltr'>partitione</span> <span class='ocrx_word' id='word_1_257' title='bbox 1213 1802 1254 1827; x_wconf 88' lang='lat' dir='ltr'>ac</span> <span class='ocrx_word' id='word_1_258' title='bbox 1275 1791 1503 1839; x_wconf 84' lang='lat' dir='ltr'>descriptione</span> <span class='ocrx_word' id='word_1_259' title='bbox 1519 1802 1669 1839; x_wconf 85' lang='lat' dir='ltr'>aequum</span> <span class='ocrx_word' id='word_1_260' title='bbox 1683 1791 1797 1839; x_wconf 78' lang='lat' dir='ltr'>magis</span> <span class='ocrx_word' id='word_1_261' title='bbox 1812 1802 1852 1827; x_wconf 86' lang='lat' dir='ltr'>ac</span> 
     </span>
     <span class='ocr_line' id='line_1_28' title="bbox 292 1849 1852 1897; baseline -0.001 -12"><span class='ocrx_word' id='word_1_262' title='bbox 292 1851 484 1897; x_wconf 79' lang='lat' dir='ltr'>benignum</span> <span class='ocrx_word' id='word_1_263' title='bbox 506 1862 611 1897; x_wconf 86' lang='lat' dir='ltr'>quam</span> <span class='ocrx_word' id='word_1_264' title='bbox 635 1853 836 1885; x_wconf 87' lang='lat' dir='ltr'>accuratum</span> <span class='ocrx_word' id='word_1_265' title='bbox 863 1853 898 1885; x_wconf 89' lang='lat' dir='ltr'>et</span> <span class='ocrx_word' id='word_1_266' title='bbox 919 1860 1079 1884; x_wconf 81' lang='lat' dir='ltr'>severum</span> <span class='ocrx_word' id='word_1_267' title='bbox 1099 1849 1264 1884; x_wconf 88' lang='lat' dir='ltr'>lectorem</span> <span class='ocrx_word' id='word_1_268' title='bbox 1291 1849 1413 1896; x_wconf 86' lang='lat' dir='ltr'>exigit.</span> <span class='ocrx_word' id='word_1_269' title='bbox 1459 1849 1636 1886; x_wconf 83' lang='lat' dir='ltr'>Permulta</span> <span class='ocrx_word' id='word_1_270' title='bbox 1658 1849 1752 1885; x_wconf 83' lang='lat' dir='ltr'>enim</span> <span class='ocrx_word' id='word_1_271' title='bbox 1773 1849 1852 1884; x_wconf 85' lang='lat' dir='ltr'>istic</span> 
     </span>
     <span class='ocr_line' id='line_1_29' title="bbox 290 1906 1853 1954; baseline 0 -12"><span class='ocrx_word' id='word_1_272' title='bbox 290 1908 396 1951; x_wconf 86' lang='lat' dir='ltr'>falsa,</span> <span class='ocrx_word' id='word_1_273' title='bbox 412 1907 624 1954; x_wconf 88' lang='lat' dir='ltr'>minimeque</span> <span class='ocrx_word' id='word_1_274' title='bbox 640 1906 860 1943; x_wconf 86' lang='lat' dir='ltr'>cohaerentia</span> <span class='ocrx_word' id='word_1_275' title='bbox 875 1906 1047 1953; x_wconf 60' lang='lat' dir='ltr'>disputan</span> <span class='ocrx_word' id='word_1_276' title='bbox 1065 1917 1154 1953; x_wconf 92' lang='lat' dir='ltr'>quae</span> <span class='ocrx_word' id='word_1_277' title='bbox 1167 1918 1230 1942; x_wconf 84' lang='lat' dir='ltr'>nos</span> <span class='ocrx_word' id='word_1_278' title='bbox 1247 1906 1446 1943; x_wconf 85' lang='lat' dir='ltr'>invitissimi</span> <span class='ocrx_word' id='word_1_279' title='bbox 1461 1918 1563 1950; x_wconf 87' lang='lat' dir='ltr'>sane,</span> <span class='ocrx_word' id='word_1_280' title='bbox 1578 1918 1642 1954; x_wconf 88' lang='lat' dir='ltr'>pro</span> <span class='ocrx_word' id='word_1_281' title='bbox 1658 1918 1699 1943; x_wconf 91' lang='lat' dir='ltr'>eo</span> <span class='ocrx_word' id='word_1_282' title='bbox 1716 1917 1757 1942; x_wconf 89' lang='lat' dir='ltr'>ac</span> <span class='ocrx_word' id='word_1_283' title='bbox 1773 1917 1853 1942; x_wconf 88' lang='lat' dir='ltr'>san-</span> 
     </span>
     <span class='ocr_line' id='line_1_30' title="bbox 290 1963 1852 2011; baseline 0 -11"><span class='ocrx_word' id='word_1_284' title='bbox 290 1966 436 2000; x_wconf 84' lang='lat' dir='ltr'>ctissimi</span> <span class='ocrx_word' id='word_1_285' title='bbox 448 1965 513 2000; x_wconf 77' lang='lat' dir='ltr'>viri</span> <span class='ocrx_word' id='word_1_286' title='bbox 527 1965 695 2011; x_wconf 82' lang='lat' dir='ltr'>pietatem</span> <span class='ocrx_word' id='word_1_287' title='bbox 706 1963 1005 2010; x_wconf 87' lang='lat' dir='ltr'>eruditionemque</span> <span class='ocrx_word' id='word_1_288' title='bbox 1018 1975 1234 2008; x_wconf 84' lang='lat' dir='ltr'>veneramur,</span> <span class='ocrx_word' id='word_1_289' title='bbox 1250 1963 1311 2000; x_wconf 89' lang='lat' dir='ltr'>sed</span> <span class='ocrx_word' id='word_1_290' title='bbox 1326 1964 1522 2000; x_wconf 84' lang='lat' dir='ltr'>necessario</span> <span class='ocrx_word' id='word_1_291' title='bbox 1537 1967 1654 2000; x_wconf 82' lang='lat' dir='ltr'>tamen</span> <span class='ocrx_word' id='word_1_292' title='bbox 1666 1975 1795 2008; x_wconf 89' lang='lat' dir='ltr'>eruere,</span> <span class='ocrx_word' id='word_1_293' title='bbox 1811 1974 1852 1999; x_wconf 84' lang='lat' dir='ltr'>ac</span> 
     </span>
    </p>
   </div>
   <div class='ocr_carea' id='block_1_5' title="bbox 246 2020 1852 2070">
    <p class='ocr_par' dir='ltr' id='par_1_6' title="bbox 246 2020 1852 2070">
     <span class='ocr_line' id='line_1_31' title="bbox 246 2020 1852 2070; baseline 0.001 -14"><span class='ocrx_word' id='word_1_294' title='bbox 246 2047 252 2055; x_wconf 89' lang='lat'>.</span> <span class='ocrx_word' id='word_1_295' title='bbox 291 2034 334 2058; x_wconf 87' lang='lat' dir='ltr'>ne</span> <span class='ocrx_word' id='word_1_296' title='bbox 351 2022 463 2058; x_wconf 83' lang='lat' dir='ltr'>fraudi</span> <span class='ocrx_word' id='word_1_297' title='bbox 479 2022 644 2069; x_wconf 87' lang='lat' dir='ltr'>cuiquam</span> <span class='ocrx_word' id='word_1_298' title='bbox 660 2022 745 2065; x_wconf 87' lang='lat' dir='ltr'>sint,</span> <span class='ocrx_word' id='word_1_299' title='bbox 769 2021 942 2068; x_wconf 84' lang='lat' dir='ltr'>castigare</span> <span class='ocrx_word' id='word_1_300' title='bbox 965 2020 1159 2058; x_wconf 85' lang='lat' dir='ltr'>debuimus.</span> <span class='ocrx_word' id='word_1_301' title='bbox 1194 2021 1413 2069; x_wconf 85' lang='lat' dir='ltr'>Hegesippus</span> <span class='ocrx_word' id='word_1_302' title='bbox 1436 2033 1539 2069; x_wconf 88' lang='lat' dir='ltr'>porro</span> <span class='ocrx_word' id='word_1_303' title='bbox 1555 2021 1647 2070; x_wconf 89' lang='lat' dir='ltr'>apud</span> <span class='ocrx_word' id='word_1_304' title='bbox 1663 2021 1852 2058; x_wconf 85' lang='lat' dir='ltr'>Eusebium</span> 
     </span>
    </p>
   </div>
   <div class='ocr_carea' id='block_1_6' title="bbox 289 2078 1853 3106">
    <p class='ocr_par' dir='ltr' id='par_1_7' title="bbox 291 2078 1853 2238">
     <span class='ocr_line' id='line_1_32' title="bbox 291 2078 1853 2127; baseline 0 -12"><span class='ocrx_word' id='word_1_305' title='bbox 291 2082 312 2116; x_wconf 82' lang='lat' dir='ltr'>l.</span> <span class='ocrx_word' id='word_1_306' title='bbox 331 2093 362 2116; x_wconf 80' lang='lat' dir='ltr'>v.</span> <span class='ocrx_word' id='word_1_307' title='bbox 379 2091 454 2127; x_wconf 86' lang='lat' dir='ltr'>cap.</span> <span class='ocrx_word' id='word_1_308' title='bbox 470 2091 556 2115; x_wconf 85' lang='lat' dir='ltr'>xxn.</span> <span class='ocrx_word' id='word_1_309' title='bbox 586 2078 791 2115; x_wconf 87' lang='lat' dir='ltr'>iudaeorum</span> <span class='ocrx_word' id='word_1_310' title='bbox 807 2082 919 2114; x_wconf 85' lang='lat' dir='ltr'>sectas</span> <span class='ocrx_word' id='word_1_311' title='bbox 935 2089 1143 2125; x_wconf 87' lang='lat' dir='ltr'>percensens</span> <span class='ocrx_word' id='word_1_312' title='bbox 1159 2078 1397 2114; x_wconf 85' lang='lat' dir='ltr'>Samaritanos</span> <span class='ocrx_word' id='word_1_313' title='bbox 1411 2079 1501 2115; x_wconf 89' lang='lat' dir='ltr'>inter</span> <span class='ocrx_word' id='word_1_314' title='bbox 1515 2078 1594 2114; x_wconf 86' lang='lat' dir='ltr'>illas</span> <span class='ocrx_word' id='word_1_315' title='bbox 1611 2079 1739 2115; x_wconf 86' lang='lat' dir='ltr'>retulit.</span> <span class='ocrx_word' id='word_1_316' title='bbox 1762 2079 1853 2115; x_wconf 88' lang='lat' dir='ltr'>Sunt</span> 
     </span>
     <span class='ocr_line' id='line_1_33' title="bbox 291 2135 1852 2183; baseline -0.001 -10"><span class='ocrx_word' id='word_1_317' title='bbox 291 2142 407 2173; x_wconf 77' lang='lat' dir='ltr'>autem</span> <span class='ocrx_word' id='word_1_318' title='bbox 429 2137 533 2173; x_wconf 83' lang='lat' dir='ltr'>istae:</span> <span class='ocrx_word' id='word_1_319' title='bbox 557 2137 694 2180; x_wconf 83' lang='lat' dir='ltr'>Essaei,</span> <span class='ocrx_word' id='word_1_320' title='bbox 726 2135 888 2180; x_wconf 77' lang='lat' dir='ltr'>Gaffiaei,</span> <span class='ocrx_word' id='word_1_321' title='bbox 917 2135 1255 2183; x_wconf 87' lang='lat' dir='ltr'>Hemerobaptistae,</span> <span class='ocrx_word' id='word_1_322' title='bbox 1278 2135 1510 2181; x_wconf 78' lang='lat' dir='ltr'>Masbothaei,</span> <span class='ocrx_word' id='word_1_323' title='bbox 1533 2135 1744 2182; x_wconf 77' lang='lat' dir='ltr'>Samaritae,</span> <span class='ocrx_word' id='word_1_324' title='bbox 1767 2136 1852 2174; x_wconf 85' lang='lat' dir='ltr'>Sad-</span> 
     </span>
     <span class='ocr_line' id='line_1_34' title="bbox 291 2194 1687 2238; baseline 0 -7"><span class='ocrx_word' id='word_1_325' title='bbox 291 2195 428 2238; x_wconf 82' lang='lat' dir='ltr'>ducaei,</span> <span class='ocrx_word' id='word_1_326' title='bbox 443 2194 630 2230; x_wconf 81' lang='lat' dir='ltr'>Pharisaei.</span> <span class='ocrx_word' id='word_1_327' title='bbox 1684 2223 1687 2226; x_wconf 90' lang='lat'>.</span> 
     </span>
    </p>

    <p class='ocr_par' dir='ltr' id='par_1_8' title="bbox 291 2249 1852 2530">
     <span class='ocr_line' id='line_1_35' title="bbox 381 2249 1851 2299; baseline 0 -11"><span class='ocrx_word' id='word_1_328' title='bbox 381 2252 421 2288; x_wconf 88' lang='lat' dir='ltr'>N.</span> <span class='ocrx_word' id='word_1_329' title='bbox 439 2263 461 2288; x_wconf 87' lang='lat'>1.</span> <span class='ocrx_word' id='word_1_330' title='bbox 498 2251 751 2299; x_wconf 80' lang='grc' dir='ltr'>Ἓρμηνεύονται</span> <span class='ocrx_word' id='word_1_331' title='bbox 767 2249 803 2286; x_wconf 72' lang='grc' dir='ltr'>δὶ</span> <span class='ocrx_word' id='word_1_332' title='bbox 818 2250 1044 2299; x_wconf 61' lang='grc' dir='ltr'>Σαμαρεῖται]</span> <span class='ocrx_word' id='word_1_333' title='bbox 1080 2249 1158 2287; x_wconf 87' lang='lat' dir='ltr'>Non</span> <span class='ocrx_word' id='word_1_334' title='bbox 1181 2250 1284 2287; x_wconf 90' lang='lat' dir='ltr'>unius</span> <span class='ocrx_word' id='word_1_335' title='bbox 1300 2249 1486 2299; x_wconf 81' lang='lat' dir='ltr'>Epiphanii</span> <span class='ocrx_word' id='word_1_336' title='bbox 1511 2255 1566 2287; x_wconf 86' lang='lat' dir='ltr'>est</span> <span class='ocrx_word' id='word_1_337' title='bbox 1587 2252 1700 2288; x_wconf 85' lang='lat' dir='ltr'>otiosa</span> <span class='ocrx_word' id='word_1_338' title='bbox 1720 2252 1784 2288; x_wconf 86' lang='lat' dir='ltr'>iila</span> <span class='ocrx_word' id='word_1_339' title='bbox 1810 2263 1851 2288; x_wconf 85' lang='lat' dir='ltr'>ac</span> 
     </span>
     <span class='ocr_line' id='line_1_36' title="bbox 291 2307 1852 2357; baseline 0.001 -12"><span class='ocrx_word' id='word_1_340' title='bbox 291 2311 395 2346; x_wconf 86' lang='lat' dir='ltr'>nimis</span> <span class='ocrx_word' id='word_1_341' title='bbox 420 2314 544 2357; x_wconf 85' lang='lat' dir='ltr'>arguta</span> <span class='ocrx_word' id='word_1_342' title='bbox 564 2309 660 2345; x_wconf 81' lang='lat' dir='ltr'>vocis</span> <span class='ocrx_word' id='word_1_343' title='bbox 682 2308 931 2356; x_wconf 81' lang='lat' dir='ltr'>interpretatio.</span> <span class='ocrx_word' id='word_1_344' title='bbox 969 2307 1083 2345; x_wconf 85' lang='lat' dir='ltr'>Paene</span> <span class='ocrx_word' id='word_1_345' title='bbox 1099 2318 1220 2344; x_wconf 89' lang='lat' dir='ltr'>omnes</span> <span class='ocrx_word' id='word_1_346' title='bbox 1237 2308 1371 2356; x_wconf 86' lang='lat' dir='ltr'>antiqui</span> <span class='ocrx_word' id='word_1_347' title='bbox 1385 2311 1459 2344; x_wconf 88' lang='lat' dir='ltr'>tam</span> <span class='ocrx_word' id='word_1_348' title='bbox 1477 2308 1600 2345; x_wconf 85' lang='lat' dir='ltr'>Graeci</span> <span class='ocrx_word' id='word_1_349' title='bbox 1616 2320 1722 2357; x_wconf 88' lang='lat' dir='ltr'>quam</span> <span class='ocrx_word' id='word_1_350' title='bbox 1736 2310 1852 2347; x_wconf 85' lang='lat' dir='ltr'>Latini</span> 
     </span>
     <span class='ocr_line' id='line_1_37' title="bbox 291 2365 1852 2415; baseline 0.001 -12"><span class='ocrx_word' id='word_1_351' title='bbox 291 2379 369 2403; x_wconf 86' lang='lat' dir='ltr'>eam</span> <span class='ocrx_word' id='word_1_352' title='bbox 391 2367 545 2415; x_wconf 82' lang='lat' dir='ltr'>amplexi</span> <span class='ocrx_word' id='word_1_353' title='bbox 565 2370 664 2410; x_wconf 87' lang='lat' dir='ltr'>sunt,</span> <span class='ocrx_word' id='word_1_354' title='bbox 695 2377 736 2403; x_wconf 86' lang='lat' dir='ltr'>ac</span> <span class='ocrx_word' id='word_1_355' title='bbox 756 2365 922 2402; x_wconf 84' lang='lat' dir='ltr'>mirificas</span> <span class='ocrx_word' id='word_1_356' title='bbox 944 2376 988 2401; x_wconf 87' lang='lat' dir='ltr'>ex</span> <span class='ocrx_word' id='word_1_357' title='bbox 1011 2376 1053 2401; x_wconf 87' lang='lat' dir='ltr'>ea</span> <span class='ocrx_word' id='word_1_358' title='bbox 1073 2366 1262 2402; x_wconf 84' lang='lat' dir='ltr'>sententias</span> <span class='ocrx_word' id='word_1_359' title='bbox 1285 2365 1528 2414; x_wconf 87' lang='lat' dir='ltr'>procuderunt.</span> <span class='ocrx_word' id='word_1_360' title='bbox 1569 2366 1638 2403; x_wconf 89' lang='lat' dir='ltr'>Sed</span> <span class='ocrx_word' id='word_1_361' title='bbox 1660 2368 1852 2404; x_wconf 85' lang='lat' dir='ltr'>accuratior</span> 
     </span>
     <span class='ocr_line' id='line_1_38' title="bbox 291 2422 1850 2473; baseline 0.001 -12"><span class='ocrx_word' id='word_1_362' title='bbox 291 2426 453 2461; x_wconf 86' lang='lat' dir='ltr'>omnibus</span> <span class='ocrx_word' id='word_1_363' title='bbox 469 2423 684 2473; x_wconf 69' lang='lat' dir='ltr'>Epiphanius</span> <span class='ocrx_word' id='word_1_364' title='bbox 699 2428 833 2467; x_wconf 87' lang='lat' dir='ltr'>noster,</span> <span class='ocrx_word' id='word_1_365' title='bbox 850 2423 911 2471; x_wconf 90' lang='lat' dir='ltr'>qui</span> <span class='ocrx_word' id='word_1_366' title='bbox 925 2423 976 2459; x_wconf 89' lang='lat' dir='ltr'>ita</span> <span class='ocrx_word' id='word_1_367' title='bbox 988 2434 1210 2460; x_wconf 83' lang='lat' dir='ltr'>communem</span> <span class='ocrx_word' id='word_1_368' title='bbox 1221 2423 1318 2460; x_wconf 82' lang='lat' dir='ltr'>iiiam</span> <span class='ocrx_word' id='word_1_369' title='bbox 1338 2422 1470 2468; x_wconf 86' lang='lat' dir='ltr'>attulit,</span> <span class='ocrx_word' id='word_1_370' title='bbox 1485 2427 1526 2459; x_wconf 88' lang='lat' dir='ltr'>ut</span> <span class='ocrx_word' id='word_1_371' title='bbox 1536 2425 1705 2461; x_wconf 87' lang='lat' dir='ltr'>veriorem</span> <span class='ocrx_word' id='word_1_372' title='bbox 1721 2435 1760 2462; x_wconf 81' lang='lat' dir='ltr'>ac</span> <span class='ocrx_word' id='word_1_373' title='bbox 1773 2436 1850 2473; x_wconf 82' lang='lat' dir='ltr'>ger·</span> 
     </span>
     <span class='ocr_line' id='line_1_39' title="bbox 291 2480 1428 2530; baseline -0.001 -11"><span class='ocrx_word' id='word_1_374' title='bbox 291 2494 431 2519; x_wconf 75' lang='lat' dir='ltr'>manum</span> <span class='ocrx_word' id='word_1_375' title='bbox 446 2494 517 2518; x_wconf 85' lang='lat' dir='ltr'>non</span> <span class='ocrx_word' id='word_1_376' title='bbox 534 2482 754 2530; x_wconf 80' lang='lat' dir='ltr'>praeteriret3</span> <span class='ocrx_word' id='word_1_377' title='bbox 772 2491 862 2528; x_wconf 85' lang='lat' dir='ltr'>quae</span> <span class='ocrx_word' id='word_1_378' title='bbox 878 2484 931 2526; x_wconf 79' lang='lat' dir='ltr'>eet</span> <span class='ocrx_word' id='word_1_379' title='bbox 945 2481 1005 2517; x_wconf 91' lang='lat' dir='ltr'>lib.</span> <span class='ocrx_word' id='word_1_380' title='bbox 1023 2492 1074 2517; x_wconf 90' lang='grc' dir='ltr'><strong>ιιι.</strong></span> <span class='ocrx_word' id='word_1_381' title='bbox 1089 2480 1178 2529; x_wconf 80' lang='lat' dir='ltr'>Reg.</span> <span class='ocrx_word' id='word_1_382' title='bbox 1194 2491 1270 2529; x_wconf 83' lang='lat' dir='ltr'>cap.</span> <span class='ocrx_word' id='word_1_383' title='bbox 1286 2493 1357 2526; x_wconf 80' lang='lat' dir='ltr'>xvi,</span> <span class='ocrx_word' id='word_1_384' title='bbox 1374 2480 1428 2518; x_wconf 82' lang='lat'>24.</span> 
     </span>
    </p>

    <p class='ocr_par' dir='ltr' id='par_1_9' title="bbox 289 2536 1849 2699">
     <span class='ocr_line' id='line_1_40' title="bbox 382 2536 1849 2587; baseline 0.002 -13"><span class='ocrx_word' id='word_1_385' title='bbox 382 2539 448 2585; x_wconf 82' lang='grc' dir='ltr'>Τὴν</span> <span class='ocrx_word' id='word_1_386' title='bbox 465 2542 520 2574; x_wconf 83' lang='grc' dir='ltr'>νῦν</span> <span class='ocrx_word' id='word_1_387' title='bbox 537 2538 708 2585; x_wconf 68' lang='grc' dir='ltr'>Ἰουδαίαν,</span> <span class='ocrx_word' id='word_1_388' title='bbox 725 2536 971 2586; x_wconf 78' lang='grc' dir='ltr'>ἤΣαμάριιαν.]</span> <span class='ocrx_word' id='word_1_389' title='bbox 998 2538 1255 2587; x_wconf 78' lang='lat' dir='ltr'>Saepenumero</span> <span class='ocrx_word' id='word_1_390' title='bbox 1270 2537 1337 2575; x_wconf 87' lang='lat' dir='ltr'>hoc</span> <span class='ocrx_word' id='word_1_391' title='bbox 1351 2538 1520 2583; x_wconf 81' lang='lat' dir='ltr'>inculcat,</span> <span class='ocrx_word' id='word_1_392' title='bbox 1545 2538 1655 2576; x_wconf 86' lang='lat' dir='ltr'>Cham</span> <span class='ocrx_word' id='word_1_393' title='bbox 1675 2540 1712 2576; x_wconf 88' lang='lat' dir='ltr'>in</span> <span class='ocrx_word' id='word_1_394' title='bbox 1734 2540 1849 2577; x_wconf 71' lang='lat' dir='ltr'>fiatris</span> 
     </span>
     <span class='ocr_line' id='line_1_41' title="bbox 291 2595 1849 2645; baseline 0.002 -13"><span class='ocrx_word' id='word_1_395' title='bbox 291 2598 344 2633; x_wconf 75' lang='lat' dir='ltr'>sui</span> <span class='ocrx_word' id='word_1_396' title='bbox 362 2597 618 2645; x_wconf 73' lang='lat' dir='ltr'>possessionem</span> <span class='ocrx_word' id='word_1_397' title='bbox 640 2596 811 2632; x_wconf 78' lang='lat' dir='ltr'>invasisse</span> <span class='ocrx_word' id='word_1_398' title='bbox 833 2607 873 2632; x_wconf 85' lang='lat' dir='ltr'>ac</span> <span class='ocrx_word' id='word_1_399' title='bbox 889 2595 1055 2633; x_wconf 77' lang='lat' dir='ltr'>Iudaeam</span> <span class='ocrx_word' id='word_1_400' title='bbox 1070 2606 1275 2645; x_wconf 79' lang='lat' dir='ltr'>occupasse3</span> <span class='ocrx_word' id='word_1_401' title='bbox 1296 2595 1393 2634; x_wconf 84' lang='lat' dir='ltr'>cuius</span> <span class='ocrx_word' id='word_1_402' title='bbox 1408 2606 1507 2645; x_wconf 87' lang='lat' dir='ltr'>pars,</span> <span class='ocrx_word' id='word_1_403' title='bbox 1528 2596 1632 2634; x_wconf 84' lang='lat' dir='ltr'>latius</span> <span class='ocrx_word' id='word_1_404' title='bbox 1649 2597 1776 2635; x_wconf 84' lang='lat' dir='ltr'>diffusa</span> <span class='ocrx_word' id='word_1_405' title='bbox 1791 2610 1849 2635; x_wconf 85' lang='lat' dir='ltr'>vo-</span> 
     </span>
     <span class='ocr_line' id='line_1_42' title="bbox 289 2650 1218 2699; baseline -0.003 -8"><span class='ocrx_word' id='word_1_406' title='bbox 289 2656 404 2691; x_wconf 75' lang='lat' dir='ltr'>cabuli</span> <span class='ocrx_word' id='word_1_407' title='bbox 421 2654 579 2699; x_wconf 87' lang='lat' dir='ltr'>notione,</span> <span class='ocrx_word' id='word_1_408' title='bbox 595 2653 755 2691; x_wconf 77' lang='lat' dir='ltr'>Samaria</span> <span class='ocrx_word' id='word_1_409' title='bbox 769 2653 846 2689; x_wconf 80' lang='lat' dir='ltr'>fuit.</span> <span class='ocrx_word' id='word_1_410' title='bbox 1215 2650 1218 2654; x_wconf 86' lang='grc'>’</span> 
     </span>
    </p>

    <p class='ocr_par' dir='ltr' id='par_1_10' title="bbox 290 2709 1849 2979">
     <span class='ocr_line' id='line_1_43' title="bbox 381 2709 1849 2761; baseline 0.003 -15"><span class='ocrx_word' id='word_1_411' title='bbox 381 2710 445 2746; x_wconf 74' lang='grc' dir='ltr'>Ἕκ</span> <span class='ocrx_word' id='word_1_412' title='bbox 463 2722 495 2746; x_wconf 82' lang='grc' dir='ltr'>τι</span> <span class='ocrx_word' id='word_1_413' title='bbox 512 2715 570 2747; x_wconf 84' lang='grc' dir='ltr'>τοῦ</span> <span class='ocrx_word' id='word_1_414' title='bbox 588 2710 757 2758; x_wconf 75' lang='grc' dir='ltr'><strong>φυλάττειν</strong></span> <span class='ocrx_word' id='word_1_415' title='bbox 774 2709 832 2756; x_wconf 81' lang='grc' dir='ltr'>τὴν</span> <span class='ocrx_word' id='word_1_416' title='bbox 849 2711 938 2759; x_wconf 79' lang='grc' dir='ltr'><strong>γῆν.]</strong></span> <span class='ocrx_word' id='word_1_417' title='bbox 978 2710 1115 2748; x_wconf 81' lang='lat' dir='ltr'>Primus</span> <span class='ocrx_word' id='word_1_418' title='bbox 1130 2710 1197 2748; x_wconf 83' lang='lat' dir='ltr'>hoc</span> <span class='ocrx_word' id='word_1_419' title='bbox 1211 2710 1383 2749; x_wconf 83' lang='lat' dir='ltr'>Eusebius</span> <span class='ocrx_word' id='word_1_420' title='bbox 1398 2711 1435 2748; x_wconf 89' lang='lat' dir='ltr'>in</span> <span class='ocrx_word' id='word_1_421' title='bbox 1451 2710 1628 2748; x_wconf 76' lang='lat' dir='ltr'>chronicis</span> <span class='ocrx_word' id='word_1_422' title='bbox 1651 2713 1806 2761; x_wconf 80' lang='lat' dir='ltr'>scripsit3</span> <span class='ocrx_word' id='word_1_423' title='bbox 1827 2724 1849 2750; x_wconf 86' lang='lat' dir='ltr'>a</span> 
     </span>
     <span class='ocr_line' id='line_1_44' title="bbox 291 2767 1849 2818; baseline 0.001 -13"><span class='ocrx_word' id='word_1_424' title='bbox 291 2781 360 2817; x_wconf 79' lang='lat' dir='ltr'>quo</span> <span class='ocrx_word' id='word_1_425' title='bbox 379 2772 556 2805; x_wconf 81' lang='lat' dir='ltr'>mutuatus</span> <span class='ocrx_word' id='word_1_426' title='bbox 573 2773 627 2805; x_wconf 82' lang='lat' dir='ltr'>est</span> <span class='ocrx_word' id='word_1_427' title='bbox 642 2767 873 2816; x_wconf 81' lang='lat' dir='ltr'>Epiphanius3</span> <span class='ocrx_word' id='word_1_428' title='bbox 897 2769 928 2805; x_wconf 86' lang='lat' dir='ltr'>si</span> <span class='ocrx_word' id='word_1_429' title='bbox 944 2767 1029 2806; x_wconf 85' lang='lat' dir='ltr'>haec</span> <span class='ocrx_word' id='word_1_430' title='bbox 1051 2773 1170 2806; x_wconf 89' lang='lat' dir='ltr'>tamen</span> <span class='ocrx_word' id='word_1_431' title='bbox 1184 2768 1338 2813; x_wconf 83' lang='lat' dir='ltr'>Eusebii,</span> <span class='ocrx_word' id='word_1_432' title='bbox 1361 2779 1432 2806; x_wconf 91' lang='lat' dir='ltr'>non</span> <span class='ocrx_word' id='word_1_433' title='bbox 1455 2768 1658 2817; x_wconf 72' lang='lat' dir='ltr'>Hieronymi</span> <span class='ocrx_word' id='word_1_434' title='bbox 1674 2775 1765 2815; x_wconf 87' lang='lat' dir='ltr'>sunt,</span> <span class='ocrx_word' id='word_1_435' title='bbox 1789 2771 1849 2818; x_wconf 85' lang='lat' dir='ltr'>qui</span> 
     </span>
     <span class='ocr_line' id='line_1_45' title="bbox 291 2825 1848 2876; baseline 0.001 -14"><span class='ocrx_word' id='word_1_436' title='bbox 291 2826 486 2863; x_wconf 77' lang='lat' dir='ltr'>istiusmodi</span> <span class='ocrx_word' id='word_1_437' title='bbox 508 2826 642 2872; x_wconf 81' lang='lat' dir='ltr'>origine</span> <span class='ocrx_word' id='word_1_438' title='bbox 666 2826 805 2873; x_wconf 85' lang='lat' dir='ltr'>saepius</span> <span class='ocrx_word' id='word_1_439' title='bbox 828 2826 921 2863; x_wconf 81' lang='lat' dir='ltr'>lusit.</span> <span class='ocrx_word' id='word_1_440' title='bbox 959 2826 1048 2863; x_wconf 84' lang='lat' dir='ltr'>Huic</span> <span class='ocrx_word' id='word_1_441' title='bbox 1065 2825 1279 2875; x_wconf 84' lang='lat' dir='ltr'>Epiphanius</span> <span class='ocrx_word' id='word_1_442' title='bbox 1301 2837 1373 2863; x_wconf 88' lang='lat' dir='ltr'>non</span> <span class='ocrx_word' id='word_1_443' title='bbox 1388 2825 1499 2863; x_wconf 77' lang='lat' dir='ltr'>bellae</span> <span class='ocrx_word' id='word_1_444' title='bbox 1515 2827 1666 2863; x_wconf 88' lang='lat' dir='ltr'>nominis</span> <span class='ocrx_word' id='word_1_445' title='bbox 1683 2829 1848 2876; x_wconf 86' lang='lat' dir='ltr'>interpre-</span> 
     </span>
     <span class='ocr_line' id='line_1_46' title="bbox 290 2883 1848 2934; baseline 0.002 -14"><span class='ocrx_word' id='word_1_446' title='bbox 290 2884 413 2921; x_wconf 79' lang='lat' dir='ltr'>tationi</span> <span class='ocrx_word' id='word_1_447' title='bbox 435 2883 640 2920; x_wconf 83' lang='lat' dir='ltr'>deteriorem</span> <span class='ocrx_word' id='word_1_448' title='bbox 663 2883 791 2931; x_wconf 79' lang='lat' dir='ltr'>adjecit</span> <span class='ocrx_word' id='word_1_449' title='bbox 806 2884 967 2928; x_wconf 81' lang='lat' dir='ltr'>alteram,</span> <span class='ocrx_word' id='word_1_450' title='bbox 990 2883 1182 2922; x_wconf 77' lang='lat' dir='ltr'>Samaritae</span> <span class='ocrx_word' id='word_1_451' title='bbox 1205 2884 1251 2922; x_wconf 90' lang='lat' dir='ltr'>ob</span> <span class='ocrx_word' id='word_1_452' title='bbox 1267 2883 1302 2921; x_wconf 86' lang='lat' dir='ltr'>id</span> <span class='ocrx_word' id='word_1_453' title='bbox 1318 2884 1509 2933; x_wconf 85' lang='lat' dir='ltr'>appellatos</span> <span class='ocrx_word' id='word_1_454' title='bbox 1525 2895 1603 2922; x_wconf 85' lang='lat' dir='ltr'>esse</span> <span class='ocrx_word' id='word_1_455' title='bbox 1625 2885 1718 2933; x_wconf 87' lang='lat' dir='ltr'>quod</span> <span class='ocrx_word' id='word_1_456' title='bbox 1734 2886 1848 2934; x_wconf 82' lang='lat' dir='ltr'>legem</span> 
     </span>
     <span class='ocr_line' id='line_1_47' title="bbox 290 2942 513 2979; baseline 0.004 -1"><span class='ocrx_word' id='word_1_457' title='bbox 290 2942 513 2979; x_wconf 79' lang='lat' dir='ltr'>custodirent.</span> 
     </span>
    </p>

    <p class='ocr_par' dir='ltr' id='par_1_11' title="bbox 289 2994 1848 3106">
     <span class='ocr_line' id='line_1_48' title="bbox 382 2994 1848 3047; baseline 0.002 -12"><span class='ocrx_word' id='word_1_458' title='bbox 382 2998 421 3035; x_wconf 84' lang='lat' dir='ltr'>N.</span> <span class='ocrx_word' id='word_1_459' title='bbox 440 3011 475 3035; x_wconf 89' lang='grc' dir='ltr'>ιι.</span> <span class='ocrx_word' id='word_1_460' title='bbox 499 2996 556 3033; x_wconf 77' lang='grc' dir='ltr'>Ἔν</span> <span class='ocrx_word' id='word_1_461' title='bbox 574 3001 621 3046; x_wconf 75' lang='grc' dir='ltr'>τῷ</span> <span class='ocrx_word' id='word_1_462' title='bbox 639 2994 704 3044; x_wconf 80' lang='grc' dir='ltr'><strong>ὄριι</strong></span> <span class='ocrx_word' id='word_1_463' title='bbox 722 3001 770 3045; x_wconf 79' lang='grc' dir='ltr'>τῷ</span> <span class='ocrx_word' id='word_1_464' title='bbox 787 2996 877 3046; x_wconf 72' lang='grc' dir='ltr'>παρὰ</span> <span class='ocrx_word' id='word_1_465' title='bbox 892 3000 960 3041; x_wconf 73' lang='grc' dir='ltr'>τοῖς</span> <span class='ocrx_word' id='word_1_466' title='bbox 977 2997 1146 3047; x_wconf 58' lang='lat' dir='ltr'>Papinum]</span> <span class='ocrx_word' id='word_1_467' title='bbox 1177 2998 1227 3036; x_wconf 90' lang='lat' dir='ltr'>De</span> <span class='ocrx_word' id='word_1_468' title='bbox 1244 2997 1390 3036; x_wconf 87' lang='lat' dir='ltr'>duorum</span> <span class='ocrx_word' id='word_1_469' title='bbox 1406 3000 1577 3036; x_wconf 87' lang='lat' dir='ltr'>montium</span> <span class='ocrx_word' id='word_1_470' title='bbox 1594 3000 1756 3046; x_wconf 79' lang='lat' dir='ltr'>istorum,</span> <span class='ocrx_word' id='word_1_471' title='bbox 1779 3001 1848 3039; x_wconf 86' lang='lat' dir='ltr'>Ga-</span> 
     </span>
     <span class='ocr_line' id='line_1_49' title="bbox 289 3054 1847 3106; baseline 0.001 -12"><span class='ocrx_word' id='word_1_472' title='bbox 289 3058 373 3094; x_wconf 82' lang='lat' dir='ltr'>rizin</span> <span class='ocrx_word' id='word_1_473' title='bbox 395 3061 429 3093; x_wconf 80' lang='lat' dir='ltr'>et</span> <span class='ocrx_word' id='word_1_474' title='bbox 449 3056 560 3094; x_wconf 80' lang='lat' dir='ltr'>nebai</span> <span class='ocrx_word' id='word_1_475' title='bbox 588 3056 662 3093; x_wconf 82' lang='lat' dir='ltr'>sive</span> <span class='ocrx_word' id='word_1_476' title='bbox 684 3056 811 3100; x_wconf 74' lang='lat' dir='ltr'>(isbal,</span> <span class='ocrx_word' id='word_1_477' title='bbox 842 3057 911 3094; x_wconf 87' lang='lat' dir='ltr'>situ</span> <span class='ocrx_word' id='word_1_478' title='bbox 933 3054 1027 3095; x_wconf 86' lang='lat' dir='ltr'>idem</span> <span class='ocrx_word' id='word_1_479' title='bbox 1047 3057 1153 3095; x_wconf 86' lang='lat' dir='ltr'>sentit</span> <span class='ocrx_word' id='word_1_480' title='bbox 1181 3056 1396 3106; x_wconf 82' lang='lat' dir='ltr'>Epiphanius</span> <span class='ocrx_word' id='word_1_481' title='bbox 1420 3058 1512 3105; x_wconf 89' lang='lat' dir='ltr'>quod</span> <span class='ocrx_word' id='word_1_482' title='bbox 1535 3058 1723 3104; x_wconf 84' lang='lat' dir='ltr'>Eusebius,</span> <span class='ocrx_word' id='word_1_483' title='bbox 1758 3060 1789 3098; x_wconf 88' lang='lat' dir='ltr'>si</span> <span class='ocrx_word' id='word_1_484' title='bbox 1817 3060 1847 3098; x_wconf 82' lang='lat' dir='ltr'>is</span> 
     </span>
    </p>
   </div>
  </div>
 </body>
</html>
