2008 3294
1569 225 1685 263 Lxlx

151 335 207 368 tur
220 332 317 368 laicis
333 329 424 373 ἐκτὸς
439 334 496 367 τοῦ
514 332 674 379 βήματος,
696 332 757 368 illa
770 342 850 368 vero
873 329 972 371 ἐντός.
1002 329 1172 366 Credibile
1187 333 1242 366 est
1255 331 1349 367 enim
1362 329 1574 367 Marcionem
1589 330 1686 366 cleri-

151 399 230 425 cum
243 389 361 425 fuisse.

238 445 394 491 Νηστείαν
409 445 445 481 δὲ
459 445 514 481 καὶ
529 445 567 480 τὸ
584 444 774 493 σάββατον.]
795 443 978 493 Ῑιος.-κατὰ
988 444 1026 480 τὸ
1039 444 1114 491 οαβ.
1139 445 1228 480 Nam
1242 445 1390 481 sabbato
1405 444 1551 481 ieiunari
1565 448 1686 480 contra

150 502 324 540 orientalis
339 503 502 540 eeclesiae
517 514 648 540 morem
663 504 803 540 iubebat
815 503 956 540 Marcio.

236 559 278 597 N.
293 573 340 598 vr.
371 560 420 597 Οὖ
435 559 664 609 κατακλείομεν
682 559 817 609 ψυχάς.]
848 559 946 604 Quod
965 558 1094 596 ethnici
1115 559 1214 594 certis
1235 558 1358 595 ritibus
1381 559 1566 597 faciebant.
1597 559 1685 595 Hinc

148 629 199 655 ω.
217 617 356 654 Aeneid.
1027 618 1249 664 Animumque
1265 616 1418 663 &epulcro

549 675 735 713 condimus.

573 778 632 814 AD
656 778 876 816 SCHOLION
897 777 962 815 Ex
982 777 1249 815 EVANGELIO.

235 845 373 895 Ἔλεγχ.
390 844 434 885 α’.
451 846 511 894 κᾷν
527 859 561 883 τε
576 846 772 896 iraeadem]
799 847 901 884 Aliud
914 847 988 895 egit
999 846 1228 895 Epiphanius,
1243 856 1323 883 cum
1338 855 1458 881 vocem
1471 846 1577 892 δῶρον
1593 847 1685 882 mala

144 904 212 940 fide
227 904 436 957 assarcione
451 905 624 941 sublatam
639 905 790 943 credidit.
819 905 938 952 Neque
957 905 1051 941 enim
1071 904 1163 951 apud
1183 903 1315 940 Lucam
1335 906 1396 940 aut
1411 903 1567 938 Marcum
1588 915 1683 950 repe-

143 961 240 998 ritur.
268 962 397 1009 Atque,
419 965 458 998 ut
472 963 603 1009 opinor,
626 963 694 998 loci
707 962 846 999 alterius
861 962 1082 999 similitudine
1097 961 1277 1008 deeeptus,
1294 960 1355 1007 qui
1369 964 1423 996 est
1436 959 1559 996 Matth.
1571 960 1610 1006 5,
1628 960 1682 996 23.

142 1019 184 1055 Si
197 1021 298 1066 offere
310 1031 427 1054 munuc
445 1026 533 1055 tuum
554 1022 603 1056 ad
623 1022 735 1057 altare
754 1023 836 1064 ete„
857 1019 983 1068 δώρου,
1005 1019 1077 1055 sive
1099 1021 1260 1061 mum,
1282 1028 1402 1054 vocem
1425 1018 1521 1053 alteri
1545 1028 1683 1064 quoque

143 1076 195 1112 illi
212 1075 344 1113 tribuit.
1011 1087 1014 1090 ’

233 1133 337 1181 Σχολ.
353 1131 415 1180 η’.]
442 1126 620 1170 Postrema
634 1134 753 1179 verbe,
774 1127 840 1182 εᾶε
855 1133 918 1182 γὰρ
933 1132 979 1174 ὡς
994 1132 1076 1181 πρὸς
1091 1131 1256 1176 Ἰωάννην.
1278 1131 1392 1179 Supra
1406 1132 1444 1167 in
1459 1132 1612 1167 locorum
1628 1131 1682 1166 In-

143 1191 256 1228 diculo
273 1202 353 1227 eum
367 1190 506 1227 Scholio
522 1204 570 1229 1¹.
587 1192 799 1239 copulentur.
831 1191 1037 1239 scripserat,
1061 1191 1129 1227 nisi
1150 1190 1261 1234 fallor,
1282 1189 1414 1226 Marcio
1433 1187 1469 1229 ὃς
1485 1187 1524 1223 οὔ
1541 1189 1682 1223 σκανδα-

143 1248 327 1293 λισθήσεται
341 1246 374 1284 ἐν
390 1248 493 1296 αὐτῷ.

232 1305 336 1353 Σχολ.
356 1304 409 1352 ιβ’.
436 1304 535 1342 Ὅθεν
552 1306 654 1353 λέγει,
672 1304 689 1341 ὁ
706 1304 741 1341 δὲ
757 1306 978 1353 μικρότατος.]
1009 1304 1109 1348 Quod
1122 1305 1291 1341 minorem
1307 1315 1345 1340 se
1361 1303 1516 1340 Christus
1532 1304 1683 1351 appellat

142 1362 178 1398 in
200 1373 308 1410 regno
331 1363 521 1407 coelorum,
544 1363 587 1399 ad
608 1367 756 1400 aetatem
769 1363 874 1399 refert
888 1375 967 1400 cum
981 1361 1172 1411 Epiphanio
1189 1361 1309 1408 Chrys.
1326 1362 1513 1408 μικρότερος
1529 1361 1612 1395 κατὰ
1625 1360 1680 1405 τὴν

141 1418 265 1464 ἠλικίαν
277 1419 330 1455 καὶ
345 1420 428 1455 κατὰ
443 1420 499 1466 τὴν
515 1422 581 1455 τῶν
596 1420 731 1456 πολλῶν
746 1421 843 1462 δόξαν
855 1425 919 1456 etc.
946 1420 1018 1457 Neo
1033 1431 1103 1456 nen
1120 1423 1155 1456 et
1168 1419 1264 1455 Beda
1279 1420 1408 1466 aliique
1423 1419 1628 1466 complures.

231 1477 370 1519 Μέλιτος
384 1478 436 1512 καὶ
448 1474 644 1525 Κριθηΐδος.]
672 1477 718 1514 Ut
728 1489 766 1514 se
777 1477 904 1515 habent
914 1477 998 1514 haec
1011 1478 1078 1513 duo
1091 1477 1249 1520 nomina,
1264 1478 1420 1512 locorum
1435 1476 1682 1523 oppidorumve

141 1535 279 1582 propria
294 1546 370 1571 esse
385 1535 554 1571 videntur.
585 1535 653 1571 Sed
668 1535 793 1572 desunt
811 1536 980 1583 imprimis
1002 1536 1134 1583 aliqua3
1157 1539 1232 1570 tum
1248 1533 1399 1578 Μέλητος
1417 1534 1622 1579 legendum,
1643 1538 1683 1570 ut

140 1592 281 1628 Homeri
294 1602 420 1640 parens
436 1596 578 1640 uterque
594 1596 880 1629 commemoretur
894 1594 1002 1629 Meles
1017 1596 1052 1628 et
1067 1591 1223 1628 Critheis.
1253 1592 1362 1627 Meles
1379 1590 1505 1626 fluvius
1529 1594 1599 1634 est,
1623 1591 1682 1638 qui

141 1649 326 1696 Smyrnam
341 1651 442 1694 aluit,
463 1650 603 1686 Homeri
617 1651 775 1698 patriam.
808 1651 932 1687 Strabo
947 1651 969 1686 l.
986 1662 1055 1686 xxv.
1086 1648 1284 1697 Stephanus
1300 1648 1451 1693 Μελήτου
1467 1647 1595 1683 κόλπου
1610 1660 1681 1684 me·

140 1707 257 1751 miuit,
279 1705 315 1748 ὃς
337 1707 518 1754 Σμυρναῖος
540 1706 704 1754 ἐκαλεῖτο,
727 1707 792 1742 ἀπὸ
814 1707 956 1743 Μελίτου
980 1710 1141 1754 ποταμοῦ.
1184 1706 1296 1750 Quare
1318 1705 1468 1750 Μέλητος
1490 1707 1596 1741 etiam
1618 1718 1680 1753 pro

141 1763 262 1808 Μέλης.
293 1764 418 1801 Herod.
435 1765 471 1800 in
487 1765 627 1800 Homeri
642 1765 713 1801 vita
729 1764 935 1801 Oritheidem
956 1765 1006 1800 ait
1019 1765 1207 1802 Homerum
1229 1775 1275 1799 ex
1293 1764 1420 1800 furtivo
1436 1764 1622 1799 concubitu
1637 1764 1681 1799 ad

139 1822 301 1858 Meletem
322 1820 468 1859 fluvium
487 1823 679 1870 peperisse,
700 1833 740 1858 ac
759 1827 942 1870 propterea
961 1822 1208 1869 Melesigenem
1231 1821 1434 1868 appellasse.
1468 1820 1626 1856 Philostr.
1642 1834 1680 1857 11.

139 1878 282 1915 Iconum
302 1879 339 1915 in
361 1879 486 1915 Melete
507 1878 713 1915 Critheidem
734 1880 871 1916 Meletis
896 1891 1012 1916 amore
1035 1883 1171 1927 captam
1193 1879 1392 1922 introducit,
1412 1878 1457 1914 ab
1480 1888 1591 1925 eoque
1611 1878 1680 1914 Ho-

139 1946 272 1972 merum
298 1937 466 1983 genitum.
518 1935 585 1972 Ubi
607 1935 752 1973 Gritheis
782 1949 853 1974 non
882 1937 988 1973 fontis
1017 1937 1138 1981 ullius,
1166 1940 1205 1972 ut
1226 1935 1374 1972 Ortelius
1401 1936 1592 1978 existimat,
1619 1935 1680 1971 sed

138 1993 318 2042 ipsiusmet
333 1993 471 2030 Homeri
485 1993 606 2029 matris
621 2005 749 2030 nomen
765 1998 827 2030 est.
859 1994 945 2031 Vide
961 1994 1113 2030 Suidam.

226 2047 347 2086 Ἀλλοι
361 2049 397 2086 δὶ
411 2050 553 2097 Κύπριον
568 2050 814 2098 προποδιάδος.]
837 2052 937 2088 Haud
953 2052 1024 2088 scio
1041 2062 1087 2088 an
1101 2051 1277 2099 proprium
1292 2051 1338 2087 sit
1349 2051 1466 2098 oppidi
1481 2062 1618 2096 nomeu,
1634 2061 1679 2087 an

139 2118 217 2144 eum
233 2118 356 2154 agrum
371 2108 544 2155 significet
558 2109 619 2156 qul
633 2112 686 2144 est
697 2106 760 2156 4:9³2
777 2109 878 2151 ποδὸς
893 2110 1021 2145 montis
1037 2110 1194 2145 alicuius.

227 2162 367 2213 Ἔλεγχ.
385 2164 446 2212 ις’,
463 2165 494 2200 τί
511 2164 546 2200 δὲ
561 2165 598 2200 rb
615 2164 806 2213 δγερθῆναι.)
836 2166 930 2202 Gerr.
947 2165 1084 2214 ἕγερθὲν.

226 2221 331 2270 Σχολ.
347 2221 411 2265 ις’.
427 2222 491 2271 πρὸ
516 2225 570 2268 τῆς
593 2225 651 2258 τοῦ
673 2223 812 2270 Χριστοῦ
833 2223 1012 2271 ive-tautae]
1054 2224 1132 2260 Non
1154 2235 1262 2271 parva
1283 2224 1339 2260 hic
1361 2223 1583 2259 hallucinatio
1607 2228 1677 2259 est:

137 2279 363 2316 Assamonaei
383 2280 463 2324 filii,
483 2279 550 2317 hoc
573 2283 626 2316 est
644 2280 883 2326 Macchabaei,
905 2285 986 2329 post
1003 2280 1212 2318 Antiochum
1232 2281 1446 2329 Epiphanem
1468 2281 1678 2328 prodierunt.

139 2336 206 2379 Qui
219 2337 333 2384 coepit
346 2347 438 2374 anno
451 2337 662 2374 Graecorum
674 2348 831 2376 cxxxvu.
846 2351 871 2376 1.
888 2340 994 2376 Mace.
1001 2352 1037 2383 1.,
1052 2338 1117 2375 hoe
1133 2344 1186 2374 est
1199 2350 1270 2386 per.
1286 2339 1348 2374 Iul.
1365 2338 1464 2383 4538,
1481 2339 1581 2373 annis
1598 2341 1678 2374 ante

137 2395 317 2440 vulgarem
332 2394 458 2431 Christi
471 2396 622 2431 natalem
639 2406 765 2432 cmxxv.
796 2395 874 2432 Nisi
886 2396 974 2433 forte
988 2396 1196 2432 Antiochum
1212 2396 1268 2430 τὸν
1285 2396 1387 2442 μέγαν
1407 2396 1594 2442 intelligat,
1620 2396 1679 2442 qui

139 2452 251 2499 coepit
264 2463 335 2499 per.
350 2452 414 2489 Iul.
425 2452 526 2490 4490.
552 2453 621 2488 Sed
631 2452 944 2489 Assamonaeerum
955 2454 1090 2491 traditio
1106 2465 1128 2489 a.
1138 2452 1379 2490 Macchabaeis
1394 2453 1532 2488 initium
1547 2452 1677 2488 habuit.

139 2507 251 2551 Quare
266 2509 357 2545 infra
370 2509 559 2558 Epiphanis
574 2510 712 2546 initium
728 2510 878 2557 coeperit
890 2521 1031 2547 necesse
1046 2515 1109 2547 est.

227 2565 332 2613 Σχολ.
347 2564 408 2604 λε’.
426 2566 464 2601 οὖ
481 2566 543 2615 γὰρ
557 2566 703 2614 ἡμεριναὶ
719 2566 886 2613 γίνονται]
915 2568 1018 2615 Apud
1031 2567 1192 2615 Xenoph.
1207 2571 1324 2603 tamen
1338 2565 1564 2613 ἡμεροσκόπος
1580 2571 1644 2602 est.

227 2623 330 2670 Σχολ.
347 2621 414 2668 λη’.
433 2622 498 2659 ἀπὸ
521 2626 587 2659 τῶν
607 2622 752 2671 ἀρχαίων
768 2623 809 2658 τὰ
831 2622 1036 2672 ἀντίγραφα]
1068 2625 1162 2662 Gerr.
1179 2626 1245 2659 τῶν
1267 2622 1423 2671 ἀρχείων,
1448 2635 1493 2659 ex
1508 2623 1676 2662 Archivis.

138 2679 294 2726 Ignatius
308 2680 419 2728 Epist.
431 2692 480 2719 vr.
495 2682 539 2717 nd
553 2681 699 2717 Philad.:
714 2681 840 2726 ἥκουσα
852 2679 915 2728 γάρ
927 2693 1021 2716 τινων
1032 2681 1208 2729 λεγόντων,
1225 2680 1274 2716 ὅτι
1286 2680 1340 2716 ἐὰν
1353 2680 1397 2728 μὴ
1413 2679 1445 2716 ἐν
1458 2683 1525 2722 τοῖς
1541 2679 1679 2730 ἀρχείοις

138 2737 223 2784 εὕρω
238 2739 297 2773 τοῦ
312 2737 520 2785 εὐαγγελίου,
537 2738 576 2773 οὗ
594 2738 744 2775 πιστεύω.

227 2793 332 2841 Σχολ.
348 2793 410 2837 νς’.
426 2795 497 2843 περὶ
512 2797 568 2840 τῆς
585 2794 712 2842 βάτου.]
741 2795 842 2842 Apud
857 2794 987 2831 Lucam
1000 2795 1069 2842 leg.
1085 2793 1136 2830 ἐπὶ
1151 2797 1207 2840 τῆς
1223 2794 1335 2842 βάτου.

206 2849 346 2899 Ἔλεγχ.
362 2850 423 2893 ξεί.
440 2851 500 2887 οὐκ
517 2851 693 2893 ἀθοσίωτος
715 2851 736 2896 ἡ
760 2851 792 2886 ἐν
813 2854 862 2898 τῷ
879 2853 1001 2899 νόμῳ.]
1032 2853 1227 2899 Antequam
1249 2852 1432 2900 Epiphanii
1451 2855 1567 2889 locum
1588 2854 1680 2890 huno

138 2908 326 2954 attingam,
345 2919 457 2955 pauca
477 2909 519 2945 de
535 2911 570 2946 vi
593 2921 633 2945 ac
654 2912 823 2957 potestate
837 2909 997 2946 vocabuli
1018 2911 1074 2954 τῆς
1097 2909 1321 2952 καθοσιώσεως
1337 2911 1483 2946 dicenda
1496 2915 1587 2947 sunt.
1618 2912 1681 2947 Est

138 2965 245 3011 igitur
260 2965 468 3000 καθωσιῶσαι
481 2967 573 3003 idem
589 2978 630 3002 ac
646 2978 862 3009 consecrare,
879 2968 1008 3002 dicare.
1037 2967 1125 3002 Hinc
1141 2966 1332 3008 καθοοίωσις
1348 2969 1492 3010 devotio,
1515 2972 1551 3003 et
1573 2969 1679 3003 καθω-

139 3021 295 3069 σιωμένος
308 3023 456 3067 devotus,
479 3036 730 3059 consecraneus.
762 3023 873 3066 Quare
896 3023 957 3070 qui
976 3034 1015 3059 se
1037 3024 1185 3072 principi
1199 3024 1367 3060 devovent
1381 3037 1422 3061 ac
1435 3026 1603 3072 religione
1618 3026 1679 3061 ali-

141 3089 210 3125 qua
232 3083 451 3123 consecrant,
474 3080 718 3127 καθωσιωμένοι
733 3081 944 3124 dicebantur,
967 3084 1006 3116 ut
1020 3082 1158 3118 milites.
1189 3081 1402 3130 Capitolinus
1417 3083 1454 3119 in
1469 3083 1676 3119 Maximino:

1738 934 1745 942 .
1764 915 1804 942 78.
