2008 3294
1622 169 1735 206 XLIII

181 275 384 322 repiscopos
399 274 556 312 extitisse
571 276 712 320 putant,
734 274 779 310 ab
795 283 906 320 eoque
920 272 995 309 vice
1009 284 1092 316 sua,
1113 284 1182 320 quo
1196 274 1400 321 praesertim
1415 276 1572 320 tempore
1585 273 1735 316 abesset,

181 332 268 368 Urbi
282 332 484 378 praefectos.
518 330 588 367 Alii
603 332 779 378 legitimos
796 335 832 368 et
845 330 1037 370 ordinarios
1052 330 1196 366 faciunt.
1229 330 1418 379 Utriusque
1433 330 1624 367 sententiae
1638 341 1734 365 men-

181 389 315 424 tionem
329 389 414 424 facit
427 387 654 436 Epiphanius,
671 392 707 423 et
722 392 801 424 utra
815 388 927 425 verior
942 387 998 430 sit,
1014 387 1183 423 incertum
1196 388 1368 435 relinquit.
1398 388 1552 425 Priorem
1567 399 1613 423 ex
1628 388 1734 423 Pseu·

181 446 369 483 dodamaso
385 446 604 493 amplectitur
617 445 782 483 Onufrius
797 447 835 482 in
850 445 1036 484 Chronico:
1060 445 1121 491 qui
1136 455 1157 479 a
1174 446 1274 481 Petro
1291 445 1403 481 adhuc
1418 445 1602 493 superstite
1617 444 1734 482 chore-

184 503 347 550 piscopos
372 503 459 539 duos
481 503 689 539 constitutos
713 503 779 547 ait,
801 502 928 541 Linum
949 505 1054 548 atque
1077 501 1228 546 cletum,
1251 513 1342 538 anno
1357 503 1579 550 pontificatus
1593 503 1648 538 sni
1664 515 1734 539 xiv.

181 560 290 596 Paulo
314 569 395 596 vero
419 563 499 595 ante
523 571 629 606 quam
652 563 845 596 moreretur
868 559 1015 596 eundem
1036 558 1176 595 Petrum
1199 570 1435 596 successorem
1457 560 1636 597 ordinasse
1659 559 1734 597 Cle-

179 620 334 656 mentem
349 628 442 653 anno
459 616 588 653 Christi
602 630 727 656 ιινιιι.
744 618 853 654 Linus
868 627 970 664 porro
986 616 1108 653 eodem
1129 627 1222 652 anno
1245 627 1314 663 quo
1335 617 1475 661 Petrus,
1495 618 1617 664 paucis
1636 629 1734 653 men-

179 674 278 710 sibus
299 674 498 717 interiectis,
521 685 646 722 nempe
662 687 712 712 rx.
736 675 813 711 Kal.
830 674 904 711 Oct.
918 684 1044 722 passus
1065 677 1129 712 ost.
1165 672 1324 710 Clemens
1348 675 1481 720 primus
1501 679 1582 722 post
1595 675 1734 712 Petrum

178 731 359 767 Romanus
375 731 535 779 pontifex
551 742 663 767 anuos
683 733 774 768 sedit
785 744 841 776 ιι,
856 742 994 769 menses
1007 743 1052 775 ιν,
1069 731 1142 766 dies
1154 743 1250 768 xxvi.
1276 731 1343 774 Qui
1354 742 1434 767 cum
1441 732 1654 779 Vespasiano
1663 745 1735 776 vn„

180 792 216 824 et
232 789 312 825 Tito
324 801 357 824 v.
372 787 482 832 Coss„
498 800 590 825 anno
609 789 739 826 Christi
752 801 897 832 ιιινιι,
911 791 1069 826 mortuus
1085 791 1186 831 esset,
1201 799 1439 824 successorem
1453 788 1574 824 habuit
1589 789 1737 834 Cletum,

183 846 245 893 qui
257 845 444 883 Clementis
460 845 629 882 hactenus
645 858 717 882 non
731 847 878 892 collega,
892 845 954 883 sed
966 841 1169 882 'administer
1180 845 1303 881 fuerat.
1327 845 1440 892 Atque
1451 846 1482 880 is
1494 846 1736 893 pontificatum

181 915 245 941 sex
262 903 363 940 annis
380 904 492 939 tenuit
506 905 685 939 mensibus
698 916 731 948 v,
746 903 868 940 diebus
879 903 1002 946 tribus,
1015 913 1095 939 cum
1110 902 1293 953 episcopus
1308 913 1348 943 ac,
1359 903 1565 949 pontificum
1580 904 1736 940 minister

179 961 282 997 annis
299 964 404 998 antea
418 973 484 1004 xx,
498 962 678 998 mensibus
695 974 728 1005 v,
743 961 866 997 diebus
882 973 934 998 ιιι
948 960 1132 997 extitisset.
1165 959 1212 996 Ut
1224 959 1261 995 in
1276 963 1391 996 totum
1406 961 1506 996 annis
1523 973 1625 1003 xxvr,
1639 973 1735 998 men-

179 1018 277 1055 sibus
293 1030 335 1061 ι,
359 1017 480 1054 diebus
497 1031 543 1054 xv
567 1019 806 1065 episcopatum
827 1017 986 1064 gesserit.
1020 1017 1167 1056 Moritur
1187 1020 1309 1053 autem
1331 1028 1424 1053 anno
1447 1016 1576 1053 Christi
1591 1030 1734 1054 nxxxrv.

179 1075 380 1112 Domitiano
395 1088 445 1112 rx.
461 1075 502 1111 A.
511 1075 669 1122 virginio
687 1075 784 1113 Coss.
808 1075 908 1112 Hunc
922 1074 1110 1111 Anaeletus
1126 1074 1272 1122 excepit.
1300 1074 1394 1111 Haec
1409 1074 1586 1111 Onufrius.
1613 1076 1644 1111 A
1660 1076 1735 1122 qui-

178 1133 244 1169 bus
259 1136 392 1169 veteres
408 1133 564 1179 plerique
588 1132 879 1180 praestantissimi
901 1132 1084 1180 scriptores
1107 1142 1148 1167 ac
1170 1131 1377 1168 recentiores
1400 1132 1628 1176 dissentiunt,
1651 1144 1735 1180 qua·

178 1193 280 1227 tenus
295 1189 423 1228 Linum
438 1194 473 1225 et
485 1189 632 1233 Cletum,
648 1190 722 1226 sive
737 1189 952 1232 Antidotum,
966 1193 1051 1237 post,
1057 1189 1197 1227 Petrum
1206 1189 1383 1236 legitimos
1395 1194 1430 1225 et
1441 1190 1632 1227 ordinarios
1646 1190 1735 1227 Pon-

179 1248 290 1287 tifices
313 1250 516 1290 numerant,
541 1251 582 1283 ut
602 1247 764 1284 Irenaeus
786 1247 847 1284 lib.
861 1259 915 1285 m.
938 1258 1015 1295 cap.
1030 1259 1097 1290 ιιι,
1119 1247 1291 1284 Eusebius
1314 1248 1350 1283 in
1367 1246 1493 1286 Chron.
1510 1252 1546 1285 et
1559 1249 1733 1292 Historia„

178 1305 340 1348 TertulL,
355 1304 570 1351 Epiphanius
590 1306 631 1340 'et
652 1305 713 1340 alii
735 1305 919 1342 innumeri.
956 1304 1089 1347 Quibus
1104 1305 1251 1341 libenter
1266 1305 1473 1342 accedimus.
1510 1306 1580 1343 Sed
1595 1307 1734 1343 illorum

179 1362 335 1408 plerique
351 1361 489 1398 Cletum
503 1362 653 1399 eundem
668 1373 747 1399 cum
762 1362 929 1399 Anacleto
945 1362 1087 1401 faciunt.
1123 1361 1218 1405 Quae
1241 1363 1360 1399 omnia
1378 1366 1473 1399 recte
1488 1363 1525 1399 in
1539 1363 1734 1400 Annalibus

178 1430 220 1455 ac
243 1419 428 1466 diligenter
450 1420 612 1466 exposita
634 1422 726 1455 sunt.
766 1419 837 1456 Sed
850 1419 978 1456 vitiosa
999 1422 1053 1455 est
1074 1419 1203 1456 ibidem
1225 1430 1398 1461 annorum
1418 1421 1526 1464 ratio,
1549 1425 1585 1457 et
1605 1422 1735 1459 biennii

179 1474 423 1523 ἀναχρονισμὸς
439 1477 568 1524 ubique
584 1477 810 1520 commissus,
833 1477 876 1513 de
898 1488 968 1524 quo
991 1477 1036 1513 ad
1057 1476 1151 1513 haer.
1166 1489 1214 1514 ιι.
1230 1477 1458 1525 disputamus.
1493 1478 1663 1521 Quocirca
1677 1491 1732 1516 ca-

177 1533 346 1579 stigatam
361 1533 568 1580 pontificum
581 1534 684 1571 Rom.
695 1535 827 1571 seriem
838 1538 875 1570 et
888 1534 933 1573 ad
945 1545 1044 1572 veros
1057 1545 1168 1572 annos
1178 1534 1355 1572 redactam
1365 1534 1431 1571 hoc
1445 1536 1522 1573 loco
1538 1537 1732 1582 subiiciunt,

177 1602 300 1627 eorum
314 1591 503 1635 duntaxat,
520 1602 608 1638 quos
624 1591 838 1640 Epiphanius
853 1597 1020 1629 recenset.

270 1647 409 1685 Primus
432 1649 540 1695 igitur
555 1648 688 1685 Romae
710 1649 952 1696 pontificatum
974 1649 1087 1686 tenuit
1106 1649 1246 1694 Petrus,
1275 1650 1338 1698 qui
1364 1661 1456 1687 anno
1486 1650 1635 1689 Neronis
1656 1665 1733 1690 xm.

176 1715 303 1752 passus
326 1708 396 1749 est,
420 1705 589 1753 Capitone
613 1710 648 1742 et
669 1706 760 1743 Rufo
778 1706 875 1743 Coss.
882 1733 894 1754 ,
917 1707 977 1755 qui
1000 1711 1054 1743 est
1075 1707 1232 1744 Iulianus
1249 1718 1352 1752 oxu„
1375 1719 1476 1745 aerae
1498 1709 1733 1757 Dionysianae

177 1774 304 1806 nxvrr„
320 1774 392 1799 non
407 1775 520 1807 mx„
535 1767 576 1799 ut
591 1764 695 1800 estin
710 1763 924 1808 Annalibus,
948 1768 1024 1808 aut,
1041 1768 1080 1800 ut
1095 1764 1240 1802 Onutrio
1255 1766 1384 1813 placet,
1401 1778 1524 1804 uvru.
1559 1767 1624 1803 Hie
1639 1769 1731 1805 enim

176 1830 247 1855 uno
271 1819 443 1855 duntaxat
465 1831 576 1864 anno,
600 1821 652 1856 illi
674 1821 813 1858 biennio
829 1833 949 1858 verum
973 1826 1110 1870 tempus
1133 1826 1364 1861 antevortunt.
1399 1823 1506 1861 Cuius
1529 1835 1673 1862 eausam
1688 1826 1732 1862 ad

175 1872 334 1914 haeresin
350 1889 396 1914 u.
412 1878 622 1925 aperiemus.

264 1934 395 1971 Eodem
410 1946 502 1971 anno
517 1935 644 1973 Linum
661 1937 839 1972 successit.
869 1936 933 1973 Cui
948 1947 1059 1973 annos
1075 1938 1250 1985 imputant
1264 1951 1313 1982 ιι,
1329 1950 1469 1975 menses
1484 1952 1523 1983 ιι,
1541 1939 1614 1976 dies
1630 1952 1731 1978 ιιιιι.

174 1991 338 2040 Idemque
353 1996 511 2031 mortuus
526 1997 583 2030 est
596 2004 688 2031 auno
703 1994 915 2042 Dionysiano
928 2007 1092 2040 nxxvm„
1109 1995 1206 2043 Sept.
1219 2009 1339 2040 ιιιιι.,
1355 2007 1443 2040 ηοη,
1459 2001 1498 2033 ut
1512 1998 1564 2035 illi
1578 2003 1731 2042 censent,

175 2060 285 2087 nux.

265 2107 400 2144 Tertius
415 2107 544 2145 Linum
560 2108 678 2145 Cletus
695 2111 849 2157 excepit,
871 2110 1030 2157 seditque
1045 2121 1156 2147 annos
1171 2123 1236 2154 ιιι,
1250 2123 1390 2149 menses
1407 2124 1468 2156 vu,
1484 2112 1557 2150 dies
1573 2126 1613 2151 ιι.
1637 2114 1732 2150 Obiit

174 2174 267 2202 anno
282 2164 498 2212 Dionysiam)
513 2176 588 2203 xor.
604 2166 732 2214 Aprilis
747 2180 842 2205 ιινι.
866 2168 1016 2205 Traiano
1032 2172 1068 2205 et
1085 2168 1270 2205 Glabrione
1286 2169 1385 2207 Coss.

266 2220 416 2265 Quartus
439 2226 493 2259 est
515 2222 694 2268 Clemens,
717 2226 880 2268 cuianni
902 2226 1101 2263 tribuuntur
1114 2239 1165 2270 ιι,
1187 2238 1327 2264 menses
1342 2239 1390 2271 vr,
1413 2227 1488 2264 dies
1503 2240 1551 2264 vr.
1583 2228 1731 2265 Moritur

116 2327 119 2335 ι
175 2289 268 2315 anno
282 2279 429 2326 Dionys.
444 2281 632 2318 centesimo
647 2294 696 2319 rx.
711 2281 787 2319 Kal.
803 2283 886 2321 Deo.

267 2335 414 2379 Quintus
429 2337 563 2375 Romae
577 2339 728 2386 praefuit
741 2339 946 2386 Anacletus‚
962 2341 1064 2379 annis
1079 2353 1135 2386 rx,
1151 2342 1334 2379 mensibus
1349 2355 1409 2387 ιιι,
1425 2342 1547 2379 diebus
1560 2355 1597 2380 x.
1636 2343 1731 2380 Obiit

175 2404 267 2430 anno
285 2404 342 2431 οι.

266 2450 396 2488 Sextus
410 2452 607 2500 Euaristus,
627 2453 687 2501 qui
702 2457 738 2490 et
751 2454 827 2502 ipse
842 2465 954 2493 annos
969 2455 1059 2493 sedit
1071 2467 1128 2500 ιι,
1148 2467 1288 2493 menses
1304 2469 1358 2494 ιιι.
1391 2457 1553 2494 Mortuus
1569 2460 1622 2495 est
1636 2468 1728 2495 anno

177 2518 291 2552 cxxx„
309 2508 447 2545 Octobr.
464 2522 560 2546 xxvr.
963 2528 967 2532 ·

264 2579 326 2603 vn.
343 2570 396 2602 est
411 2567 617 2611 Alexander,
631 2568 691 2614 qui
706 2580 729 2604 ι
746 2579 855 2605 annos
871 2570 1036 2606 ecclesiae
1051 2570 1218 2617 praefuit,
1239 2574 1300 2606 aut
1321 2571 1427 2608 etiam
1449 2572 1583 2620 aliquot
1597 2583 1638 2610 eo
1654 2584 1727 2610 am-

174 2623 266 2670 plius
281 2635 430 2660 menses.
452 2625 551 2661 Vixit
565 2624 609 2660 ad
624 2635 756 2660 annum
770 2637 882 2674 usque
896 2636 1003 2663 cxxx.
1028 2627 1103 2670 Quo
1120 2627 1242 2664 eodem
1259 2638 1352 2664 anno

265 2693 341 2718 vm.
356 2681 594 2718 Romanorum
617 2682 822 2729 pontificum
844 2687 980 2721 creatus
1003 2688 1058 2720 est
1078 2685 1215 2722 Xistus.
1254 2685 1289 2721 Is
1311 2686 1413 2723 annis
1436 2687 1558 2725 decem
1578 2688 1726 2736 expletis

175 2741 334 2775 mortuus
351 2742 405 2775 est
419 2750 512 2775 anno
529 2738 656 2775 Christi
670 2739 804 2776 circiter
821 2750 902 2778 οιι..

263 2807 314 2833 ιι.
329 2796 560 2844 Telesphorus
571 2807 684 2833 annos
694 2797 783 2833 sedit
796 2810 846 2841 11,
860 2808 1000 2834 menses
1011 2810 1061 2842 ιι,
1077 2798 1151 2836 dies
1161 2811 1216 2838 ιιι.
1228 2800 1436 2848 Martyrium
1444 2802 1528 2840 feeit
1537 2814 1629 2841 anno
1639 2815 1723 2841 cm.

265 2863 301 2888 ι.
315 2852 492 2900 Hyginus,
508 2854 610 2890 annis
625 2866 673 2890 rv.
697 2853 764 2896 Qui
780 2855 867 2890 obiit
880 2866 972 2891 anno
989 2866 1082 2893 cnvr.

266 2921 315 2947 ιι.
329 2909 424 2946 Pius.
449 2910 514 2946 Cui
529 2922 640 2947 annos
656 2911 830 2958 imputant
844 2912 995 2948 Annales
1011 2925 1061 2956 ιι,
1076 2924 1215 2950 menses
1229 2926 1278 2951 vr.
1301 2915 1396 2952 Obiit
1409 2928 1502 2954 anno
1518 2928 1623 2956 cuv.

267 2977 332 3004 ιιι.
353 2966 539 3012 Anicetus,
561 2969 662 3006 annis
678 2981 743 3006 vm
763 2969 880 3005 minus
901 2970 1082 3007 mensibus
1094 2983 1140 3015 ιι,
1161 2981 1204 3008 ae
1227 2972 1350 3010 diebus
1363 2986 1426 3012 vu.
1465 2976 1614 3013 Moritur
1633 2987 1724 3013 anno

177 3031 326 3062 οιιιιιιι.

1795 1217 1801 1223 .
1819 1199 1861 1225 48.
