2008 3294
309 230 387 270 mv

309 334 498 370 laestinam
512 334 711 377 tenderent,
731 334 809 370 ideo
826 335 868 369 de
890 340 986 369 terra
1003 333 1107 370 ceum
1129 344 1295 378 eqressum
1317 332 1387 368 dici
1405 333 1442 368 in
1457 332 1484 370 Ι,
1499 333 1610 368 Mace.
1624 332 1872 376 Alexandrum,

311 392 406 438 quod
421 403 440 426 e
457 391 594 434 Cilicia,
610 392 674 426 ubi
689 395 724 426 et
738 392 884 427 Darium
898 392 999 434 vicit,
1015 392 1052 427 in
1069 390 1208 437 Syriam
1223 390 1417 426 exercitum
1433 390 1600 426 duxisset.
1623 389 1678 424 Ad
1693 388 1778 425 haec
1794 400 1874 425 cum

312 449 436 484 Oitiaei
456 449 507 484 illi
528 449 666 495 proprie
682 448 766 484 dicti
787 459 828 484 ac
841 449 948 485 vicini
970 448 1236 484 occidentalium
1259 450 1377 483 essent
1398 448 1554 483 omnium
1570 446 1668 493 Syris
1688 446 1873 490 notissimi,

310 506 388 542 fieri
402 509 518 552 potest
538 509 579 540 ut
598 505 665 541 hoc
683 507 802 553 ipsum
817 506 1042 542 Gittiaeorum
1056 516 1186 540 nomen
1200 505 1374 551 plerisque
1389 505 1467 540 aliis
1485 503 1650 541 Graeciae
1665 503 1803 552 populis
1817 513 1874 539 ao·

311 563 619 600 commodaverint.
655 563 957 605 Quemadmodum
977 563 1144 599 Indorum
1163 562 1350 608 appellatio
1371 572 1393 597 a
1412 562 1604 598 maioribus
1618 561 1747 598 nostris
1762 560 1808 596 ad
1821 560 1873 597 re-

310 624 426 656 motos
444 632 566 656 omnes
582 621 627 656 ab
643 621 727 656 orbe
740 625 862 656 nostro
876 622 1026 668 populos
1041 624 1095 656 est
1108 620 1288 656 translata,
1674 644 1677 647 >

401 676 443 712 Τί
459 677 641 724 ἐταχύνατε
654 679 824 725 σήμερον.]
845 678 957 713 Exod.
970 690 1009 714 11.
1026 689 1151 713 comm.
1162 676 1219 712 18:
1245 675 1285 710 Τί
1301 674 1352 711 ὅτι
1367 674 1545 724 ἑταχύνατε
1561 679 1620 711 τοῦ
1637 675 1875 723 παραγενέσθαι

311 736 471 782 τήμερον;
494 735 598 782 Apud
619 735 854 783 Epiphaniam
868 736 1011 771 voculae
1033 736 1123 770 istae
1144 732 1195 768 ἐπ’
1212 732 1311 768 αὐτὴν
1333 734 1556 770 commodum
1574 734 1712 771 nullum
1731 743 1875 769 sensum

310 793 459 828 reddunt
473 793 542 828 nisi
557 791 588 833 ἐς
605 792 705 827 αὑτὸν
720 791 844 839 ἔφασαν
857 794 1059 829 substituas.

402 849 444 885 N.
461 862 558 885 xxvi.
582 848 734 897 Καθάπερ
750 850 885 897 χαλινὸς
909 853 988 896 etc.]
1024 850 1161 886 Leviter
1184 848 1390 896 depravatus
1412 848 1470 884 hic
1489 850 1587 885 locus
1611 852 1675 885 est.
1712 848 1875 884 Fortasse

311 908 380 954 leg.
398 911 452 942 est
467 905 601 954 ὡρίσθη.

403 964 446 1000 N.
464 977 574 1000 xxvrr.
598 962 708 1011 Ὅπερ
725 962 784 1011 ἔφη
801 964 821 1009 ἣ
839 965 1031 1011 Σεπφώρα.]
1066 964 1214 1000 Mirifica
1229 967 1283 999 est
1297 964 1366 999 loci
1379 963 1481 998 istius
1497 963 1752 1010 interpretatio,
1769 974 1877 1010 quam

311 1021 528 1068 Epiphanius
542 1021 662 1065 affert,
678 1033 767 1069 quae
783 1034 828 1058 ex
841 1035 951 1059 nnn.
969 1022 1116 1057 lectione
1131 1022 1272 1068 petitur.
1295 1021 1387 1056 Nam
1398 1021 1546 1056 Hebraei
1561 1026 1595 1056 et
1610 1021 1726 1057 Latini
1740 1020 1876 1057 codices

310 1079 461 1125 Sponsus
480 1083 683 1124 sanquinum
705 1086 740 1114 tu
756 1080 840 1114 mihi
855 1092 905 1122 es,
926 1080 970 1115 ob
988 1079 1303 1122 circumcisionem,
1325 1078 1464 1114 habent.
1493 1090 1576 1114 Lxx,
1591 1089 1672 1115 vero
1687 1079 1793 1126 longe
1808 1079 1878 1114 alia

312 1136 546 1171 reddiderunt.

403 1191 484 1228 “On
499 1193 690 1238 θελήσουσιν
707 1193 734 1228 εἰ
749 1192 926 1240 ἐγένοντο]
958 1194 1080 1240 Neque
1094 1193 1150 1229 hic
1167 1205 1247 1229 cum
1264 1193 1422 1229 Hebraeo
1445 1205 1529 1228 ιιι.
1544 1193 1776 1229 consentiunt.
1793 1193 1876 1229 Vul-

313 1254 399 1297 gata
412 1255 550 1286 nostra:
567 1251 617 1285 Et
631 1255 857 1286 vestimentum
872 1254 1004 1286 mistum
1018 1253 1185 1297 sanquine
1200 1253 1267 1285 erit
1279 1253 1318 1285 in
1333 1250 1603 1294 combustionem,
1620 1257 1654 1287 et
1667 1252 1762 1286 cibus
1775 1253 1876 1297 iquis.

311 1308 379 1344 Pro
395 1319 465 1354 quo
483 1308 608 1344 Graeci
624 1308 678 1342 καὶ
694 1308 884 1352 θελήσουσιν
901 1304 979 1343 εἶναι
995 1308 1216 1355 πυρίκαυστοι.

403 1365 446 1401 N.
462 1377 587 1401 xxvm.
603 1363 743 1400 Ἔπειτα
754 1365 810 1399 ἵνα
826 1365 911 1412 δείξῃ
921 1393 930 1411 ,
948 1364 992 1406 ὡς
1009 1365 1070 1400 οὐκ
1085 1361 1125 1410 ἦν
1142 1363 1345 1411 innodatam]
1370 1365 1579 1412 Apollinaris
1595 1376 1737 1402 carnem
1749 1365 1877 1403 Christi

314 1425 359 1459 ab
381 1427 521 1458 aeterno
543 1423 668 1466 fuisse,
696 1434 761 1458 nec
791 1434 835 1457 ex
856 1423 992 1469 virgine
1013 1426 1134 1458 natam
1155 1423 1303 1458 asseruit
1326 1422 1470 1470 Gregor.
1486 1423 1647 1461 Naaim.
1663 1423 1757 1460 Orat.
1772 1435 1875 1460 nvi:

315 1481 564 1526 Διαβεβαιοῦται
585 1478 649 1527 γὰρ
673 1479 717 1526 μὴ
739 1479 910 1523 ἐπίκτητον
935 1475 1014 1514 εἶναι
1036 1479 1093 1524 τὴν
1111 1478 1217 1527 σάρκα
1232 1480 1304 1514 κατ’
1321 1478 1508 1527 οἰκονομίαν
1524 1479 1587 1515 ὑπὸ
1603 1483 1663 1522 τοῦ
1680 1483 1875 1528 μονογενοῦς

314 1536 384 1571 υἱοῦ
405 1537 666 1585 προςληφθεῖσαν
689 1535 741 1572 ἐπὶ
763 1536 1040 1584 μετασταχειώσει
1062 1539 1118 1582 τῆς
1141 1538 1268 1584 φύσεως
1289 1537 1396 1584 ἡμῶν,
1417 1535 1492 1572 ἀλλ’
1508 1535 1542 1579 ἐξ
1563 1536 1666 1603 (ἰοχῆς
1687 1537 1719 1573 ἐν
1741 1540 1791 1585 τῷ
1813 1537 1874 1586 υἱῷ

313 1593 372 1639 τὴν
389 1594 545 1641 σαρκώδη
562 1593 682 1638 ἐκείνην
700 1595 793 1641 φύσιν
811 1590 892 1629 εἶναι
906 1598 971 1630 etc.

404 1650 491 1698 Λάβε
508 1665 560 1686 σοι
576 1653 679 1699 τόμον
695 1650 848 1700 χάρτου]
882 1652 959 1688 Vox
977 1650 1103 1699 χάρτου
1125 1652 1224 1688 abest
1246 1663 1268 1687 a
1287 1652 1431 1698 vulgata
1452 1663 1535 1689 ux.
1559 1652 1787 1700 interpretum
1806 1651 1877 1689 edi-

314 1710 427 1752 tione3
458 1710 518 1744 sed
542 1710 578 1744 in
595 1711 672 1745 aliis
691 1710 790 1753 olim,
806 1713 847 1744 ut
862 1713 1021 1756 apparet,
1036 1710 1138 1745 lecta.
1166 1709 1320 1745 Basilius
1337 1713 1454 1745 autem
1469 1711 1572 1756 τόμον
1589 1711 1700 1745 καινοῦ
1717 1709 1875 1758 μεγάλου.

405 1766 447 1803 N.
465 1779 562 1803 xxxi.
588 1767 635 1802 T‘o
652 1765 896 1814 ἀκατέργαστον
913 1766 975 1813 γὰρ
993 1766 1131 1813 γολμή.]
1155 1767 1284 1803 Mirum
1299 1767 1391 1804 unde
1403 1767 1492 1803 hanc
1505 1768 1693 1803 Hebraicae
1705 1768 1800 1804 vocis
1815 1779 1877 1804 no·
1897 1806 1902 1811 ,

314 1825 445 1860 tionem
459 1826 642 1871 acceperit.
667 1804 776 1871 ubiz
793 1825 972 1871 magistris
989 1828 1043 1860 est
1058 1829 1173 1865 qm„
1191 1806 1275 1874 ,εξ-ι
1293 1827 1477 1867 Ἵππη-ην,
1499 1805 1561 1874 bn
1577 1829 1629 1866 w:
1651 1827 1762 1886 γῆρυς
1786 1828 1876 1885 ’,γ-η,

316 1886 354 1918 ut
370 1883 419 1917 ait
433 1882 625 1918 Kimchius.
648 1883 735 1917 Item
751 1893 811 1916 vas
828 1882 984 1917 nondum
998 1881 1200 1928 perfectum.
1224 1882 1322 1918 Unde
1337 1886 1373 1918 et
1386 1893 1448 1929 per
1463 1883 1727 1919 translationem
1741 1885 1876 1926 mn

317 1943 460 1980 riv-¹2:²¹!
484 1942 592 1996 7¹¹⁸*
616 1943 726 2000 ΡἿὶἾ.
764 1939 872 1974 Homo
888 1942 1080 1985 sapientiae
1095 1942 1212 1975 inanis
1228 1951 1271 1975 ac
1279 1942 1414 1986 sancus.
1448 1939 1563 1975 Radix
1584 1940 1662 1987 ipsa
1681 1941 1876 1987 glomerare

316 1997 401 2032 etin
419 2008 572 2032 massam
588 1997 743 2042 redigere
768 1996 954 2042 significat.
990 1995 1066 2038 Quo
1088 2007 1193 2032 seusu
1216 1999 1247 2038 n
1281 2002 1324 2037 Ἶλ
1346 2008 1407 2044 pro
1431 2008 1547 2034 massa
1568 1999 1762 2042 incondita,
1783 1998 1877 2035 unde

316 2055 424 2090 latina
440 2066 509 2089 vox
525 2056 664 2099 ylomus.
700 2054 768 2089 Sed
784 2065 846 2100 pro
863 2054 998 2101 χόνδρῳ
1015 2058 1120 2100 atque
1137 2054 1245 2090 alicae
1261 2054 1440 2090 similaeve
1456 2065 1566 2101 grano
1582 2065 1762 2102 nunquam
1777 2056 1860 2103 legi.

409 2111 467 2158 Τῷ
485 2110 520 2146 δὲ
536 2107 655 2158 Ἠσαίᾳ
670 2110 734 2157 πρὸ
753 2109 984 2155 ἓπτακοσίων.]
1021 2110 1133 2153 Quam
1155 2110 1417 2157 chronologiam
1440 2110 1634 2147 adhibuerit
1649 2111 1875 2160 Epiphanius,

315 2169 476 2217 equidem
501 2169 629 2204 nescio.
668 2168 839 2204 Eusebius
863 2178 944 2203 vero
969 2168 1013 2203 ab
1037 2178 1130 2203 anuo
1155 2167 1268 2204 Achaa
1291 2180 1360 2212 ιι,
1385 2169 1420 2203 in
1445 2179 1548 2215 quem
1563 2169 1767 2206 vaticinium
1790 2171 1876 2207 illud

315 2227 456 2263 coniicit
471 2226 607 2269 Noster,
630 2226 674 2262 ad
696 2226 849 2261 natalem
866 2224 993 2261 Christi
1007 2236 1119 2261 annos
1134 2226 1270 2272 colligit
1285 2235 1492 2262 roccxavur,
1526 2226 1616 2263 Nam
1631 2222 1745 2264 nonus
1760 2227 1875 2266 Achaz

316 2285 523 2320 adscribitur
547 2294 639 2319 anno
664 2293 807 2320 crocco.
831 2294 931 2319 xvru.
971 2282 1104 2318 Natalis
1129 2282 1256 2319 Christi
1279 2293 1338 2320 cio
1363 2293 1423 2321 oro
1447 2294 1506 2321 xv.
1547 2284 1767 2322 Intervallum
1790 2287 1876 2325 anai

318 2353 526 2379 roccxnvnr.

406 2397 479 2433 Ἵνα
496 2398 580 2445 δείξῃ
597 2397 655 2444 τὴν
671 2397 826 2445 Rispium]
861 2398 1008 2435 Hebraei
1025 2397 1167 2445 quidam
1177 2423 1187 2441 ,
1202 2401 1326 2446 utputa
1342 2397 1439 2435 Aban
1455 2397 1542 2434 Ezra
1556 2403 1591 2435 et
1605 2399 1715 2436 David
1731 2400 1823 2439 Kim.
1837 2401 1875 2442 in

315 2457 409 2493 hunc
424 2457 558 2499 iocum,
582 2455 835 2504 prophetissam
854 2455 951 2491 iliam
966 2455 1091 2491 Esaiae
1109 2466 1256 2492 uxorem
1275 2455 1552 2503 interpretantur,
1577 2467 1665 2503 quae
1682 2458 1775 2505 quod
1795 2470 1874 2506 pro-

316 2514 454 2562 phetam
467 2514 576 2549 virum
595 2512 764 2556 habuerit,
781 2511 997 2560 prophetissa
1009 2517 1237 2560 nuncupetur.
1261 2512 1399 2548 Hieron.
1411 2514 1535 2560 partim
1548 2525 1609 2560 per
1622 2514 1875 2562 prophetissam

317 2572 487 2619 Spiritum
510 2574 688 2614 sanctum,
712 2570 840 2617 partim
863 2569 903 2607 B.
920 2570 1099 2617 Virginem
1122 2570 1302 2618 intelligit,
1327 2569 1419 2618 quod
1441 2574 1476 2606 et
1497 2570 1649 2607 Basilius
1671 2573 1798 2621 aliique
1821 2584 1874 2610 se-

318 2634 482 2677 quantur.

410 2686 468 2733 Τῷ
486 2685 548 2733 γὰρ
566 2683 671 2733 ἐνάτῳ
689 2682 775 2731 itta]
804 2685 916 2721 Multa
932 2684 996 2721 hoc
1012 2685 1089 2721 loco
1107 2686 1271 2722 adversas
1287 2688 1323 2725 et
1335 2685 1504 2723 rationem
1520 2689 1717 2733 temporum
1733 2690 1768 2723 et
1782 2687 1874 2725 Scri-

318 2748 456 2791 pturam
480 2743 669 2779 commissa
692 2746 791 2786 sunt,
814 2743 886 2779 sive
909 2743 1128 2779 librariorum
1152 2743 1254 2786 vitio,
1280 2742 1352 2779 sive
1375 2746 1495 2779 autore
1518 2742 1594 2790 ipso
1618 2743 1711 2780 aliud
1735 2748 1872 2793 agente.

318 2800 427 2837 isaiae
444 2801 645 2837 vaticinium
661 2800 746 2836 iilud
762 2811 853 2836 anno
870 2812 916 2837 rx.
933 2799 1048 2836 Achaz
1065 2799 1195 2837 editum
1210 2800 1319 2836 fuisse
1334 2802 1443 2847 putat.
1469 2799 1625 2837 Eundem
1642 2812 1745 2848 porro
1762 2813 1872 2839 annos

319 2869 484 2902 regnasse
502 2870 571 2900 xiv,
594 2868 634 2894 ac
657 2862 731 2894 tum
753 2856 955 2901 Ezechiam,
979 2868 1059 2894 cum
1079 2857 1186 2894 isaias
1202 2857 1408 2894 vaticinatus
1423 2860 1492 2901 est,
1514 2867 1624 2894 annos
1643 2870 1678 2895 xi
1694 2858 1870 2896 habuisse.

320 2915 418 2958 Quod
434 2915 465 2950 ni
482 2926 598 2951 verum
616 2919 684 2958 est,
708 2915 876 2951 bimuium
893 2915 1002 2951 {uisse
1018 2919 1155 2963 oportet
1169 2913 1370 2958 Ezechiam,
1393 2925 1471 2951 cum
1488 2919 1584 2962 pater
1600 2916 1708 2963 ipsius
1724 2927 1871 2964 regnum

319 2972 443 3019 coepit.
481 2972 585 3019 Atqui
609 2977 646 3008 ut
670 2973 698 3008 is
722 2984 781 3009 xiv
803 2972 974 3009 duntaxat
996 2983 1104 3009 anuos
1128 2971 1339 3019 regnaverit,
1360 2982 1430 3008 nou
1454 2972 1532 3020 plus
1549 2984 1607 3008 xvi
1631 2973 1732 3009 annis
1752 2972 1873 3011 habuit

319 3028 501 3072 Ezechias,
524 3040 627 3076 quem
643 3034 759 3065 tamen
777 3041 823 3066 xx
840 3040 951 3067 annos
967 3034 1106 3076 natum,
1128 3039 1207 3066 cum
1222 3037 1368 3076 regnare
1385 3030 1511 3077 coepit,
1534 3030 1643 3066 fuisse
1665 3031 1769 3078 paulo
1792 3035 1872 3078 post

321 3086 452 3124 scribit.
485 3086 620 3123 Revera
641 3092 757 3123 autem
773 3098 842 3124 xxv
864 3086 1003 3130 habuit3
1027 3099 1073 3124 nr.
1094 3086 1182 3133 sag.
1200 3098 1306 3131 xvm,
1330 3090 1364 3123 et
1387 3098 1423 3123 u.
1447 3086 1524 3125 Par.
1542 3098 1639 3125 xxix.
1675 3087 1788 3132 Quare
1809 3099 1869 3137 po·
