2008 3294
1574 229 1717 267 CCXIII

159 343 260 376 nera,
277 333 346 369 alia
361 333 522 380 graviora.
537 336 573 369 et
587 334 764 380 capitalia,
789 343 879 380 quae
899 332 1106 369 nominatim
1123 344 1273 370 canones
1290 333 1617 381 complectebantur,
1641 334 1715 380 qui-

160 389 293 436 busque
304 390 445 438 publiea
455 391 670 437 poenitentia
682 402 771 438 opus
782 394 872 434 erat,
886 390 1018 427 leviora
1031 391 1155 434 altera,
1177 390 1242 427 hoc
1259 395 1311 427 est
1326 402 1347 426 a
1361 392 1554 427 canonibus
1565 395 1715 438 praeter-

158 447 226 491 ita,
247 447 368 494 primis
382 448 550 485 ecclesiae
566 448 798 494 temporibus,
819 448 879 495 qui
898 459 939 485 se
959 448 1084 495 prioris
1105 449 1243 494 generis
1266 449 1419 495 peccatis
1435 448 1716 491 obstrinxissent,

159 503 204 539 ad
226 504 408 551 episcopos
430 505 658 551 utplurimum
681 505 848 542 adeuntes
866 505 1114 552 praescriptam
1131 506 1175 540 ab
1190 506 1233 540 iis
1249 506 1501 552 poenitentiam
1517 505 1715 552 explebant,

158 560 208 597 Ac
231 561 262 596 si
284 561 362 608 quis
381 562 619 597 vetustissima
641 563 857 600 monimenta
877 562 1079 608 diligentius
1101 563 1276 608 exploret,
1300 564 1453 599 inveniet
1475 563 1519 598 ab
1543 562 1715 609 episeopis

156 617 244 664 ipsis
257 617 494 654 administrata
506 618 616 654 ferme
628 620 746 656 omnia
754 646 764 663 ,
780 630 871 666 quae
882 619 928 655 ad
938 619 1153 666 poenitentes
1165 620 1373 662 attinebant,
1390 631 1468 655 cum
1485 623 1521 655 et
1534 619 1716 666 pauciores

158 674 270 710 adhue
283 673 470 711 Christiani
480 675 612 719 forent,
629 680 664 714 et
674 677 806 713 rariora
817 676 958 718 deflete,
974 686 1064 722 quae
1075 676 1252 722 publicam
1264 677 1511 723 poenitentiam
1523 678 1715 723 exigerent.

157 731 389 780 Posteaquam
404 743 488 768 vero
503 734 632 781 pariter
647 737 681 769 et
694 733 849 771 fidelium
864 743 1046 776 numerus,
1069 737 1104 768 et
1124 734 1266 769 maioris
1288 734 1349 769 illa
1364 735 1598 780 poenitentiae
1612 745 1715 781 seges

159 790 327 833 exerevit,
344 790 507 836 graviora
522 791 654 826 scilicet
669 791 898 838 capitalisque
910 790 1073 832 crimina,
1090 800 1171 827 cum
1189 802 1277 826 uuus
1294 801 1357 837 par
1374 792 1535 827 omnibus
1551 803 1629 827 esse
1645 803 1716 827 non
1750 805 1780 831 1>-
1791 796 1850 824 2⁴³.

158 850 277 893 posset
291 846 494 894 epiecopus,
517 848 684 884 vicarium
701 848 767 885 sibi
783 847 1023 895 presbyterum
1039 848 1235 890 substituit,
1259 859 1328 894 quo
1345 859 1423 883 enm
1440 849 1593 884 laborem
1610 849 1716 895 parti-

156 907 261 947 retur,
284 904 413 951 quique
434 905 477 939 iis
493 906 715 952 potissimum
731 904 911 941 audiendis
926 909 1064 941 vacaret
1079 905 1141 951 qui
1155 905 1296 951 publica
1311 906 1523 951 poenitentia
1544 917 1589 941 ex
1611 916 1715 942 cano-

157 971 244 997 num
257 961 438 997 sanctione
454 966 664 999 tenerentur.
709 961 798 999 Nam
813 973 892 1004 eos,
907 962 968 1008 qui
984 962 1155 1015 privatqm
1170 962 1411 998 tantummodo
1428 963 1679 1005 desiderarent,
1695 974 1718 999 a

155 1018 403 1054 minutioribus
419 1019 631 1065 presbyteris
646 1019 826 1057 absolutos
849 1030 927 1055 esse
949 1019 1112 1055 credibile
1134 1018 1185 1055 tit.
1231 1019 1276 1055 Et
1299 1019 1439 1065 quidem
1465 1020 1546 1055 olim
1571 1021 1716 1056 absente

157 1075 320 1122 episcopo
335 1086 587 1122 nonnunquam
603 1087 624 1112 a
639 1076 850 1123 presbyteris
865 1076 1080 1113 reconciliari
1095 1076 1312 1124 poenitentes
1329 1077 1506 1118 solebsut;
1523 1077 1584 1112 sed
1601 1084 1715 1112 extra-

158 1131 370 1167 ordinarium
385 1132 440 1168 ius
455 1132 540 1168 illud
555 1137 647 1176 erat,
668 1136 704 1168 et
721 1133 908 1170 identidem
924 1134 968 1169 ab
985 1134 1147 1181 episcopo
1163 1133 1367 1169 mandatum
1378 1160 1387 1176 ,
1410 1145 1481 1170 uon
1504 1134 1716 1170 ordinarium

157 1199 197 1224 ac
210 1189 313 1225 certis
325 1188 525 1225 hominibus
536 1189 572 1227 in
585 1194 790 1237 perpetuum
802 1191 1019 1228 attributum.
1042 1190 1156 1233 Quare
1170 1196 1208 1227 ut
1219 1191 1312 1238 apud
1325 1191 1503 1227 Romanos
1514 1192 1717 1238 capitelium

156 1256 360 1282 caussarum
375 1247 529 1293 cognitio
541 1247 692 1294 primum
704 1258 726 1283 a
738 1252 878 1290 soum,
895 1248 1030 1295 quoties
1046 1259 1134 1295 opus
1150 1253 1242 1291 erat,
1258 1249 1441 1285 consulum
1457 1249 1572 1290 alteri,
1595 1249 1716 1284 ambo-

156 1304 281 1346 busve,
304 1307 365 1339 aut
380 1304 458 1340 aliis
473 1305 736 1351 magistratibus
750 1306 1046 1348 committebatur,
1069 1310 1192 1352 postea
1213 1307 1418 1353 quaestione
1434 1306 1574 1352 publica
1589 1306 1716 1342 cousti-

156 1363 232 1396 tuta
246 1361 397 1407 singulis
412 1361 634 1405 criminibus,
656 1373 746 1408 quae
764 1362 903 1408 quidem
919 1363 1092 1399 atrociora
1107 1368 1242 1406 essent,
1263 1373 1348 1399 suus
1371 1368 1424 1398 est
1439 1363 1543 1399 iudex
1562 1374 1602 1399 ac
1618 1374 1716 1410 prae-

155 1421 211 1453 tor
226 1418 425 1464 appositus:
439 1419 490 1454 sic
506 1418 543 1454 in
559 1419 706 1455 eeclesia
723 1419 899 1467 quendem
914 1420 1168 1466 poenitentium
1185 1431 1327 1456 caussas
1345 1421 1471 1467 quibus
1487 1421 1591 1456 vellet
1607 1421 1716 1457 disce-

155 1474 302 1521 ptandas
318 1475 506 1511 mandabat
526 1476 729 1524 episcopua,
751 1481 873 1524 postea
895 1482 1010 1514 certus
1032 1488 1072 1513 ac
1094 1482 1283 1525 perpetuus
1306 1478 1508 1524 graviorum
1530 1479 1715 1514 criminum

154 1531 279 1574 iudex,
294 1531 360 1567 hoo
376 1536 430 1567 est
445 1533 605 1580 publicae
619 1534 856 1581 poenitentiae
871 1534 1132 1571 administrator
1146 1535 1327 1571 institutus
1343 1540 1407 1571 est.
1438 1535 1618 1571 Eiusmodi
1635 1547 1715 1583 poe-

155 1589 376 1625 nitentiarius
389 1589 451 1627 ille⁴
463 1591 645 1637 presbyter
660 1590 742 1633 fuit,
759 1591 950 1627 orientibus
966 1591 1190 1635 Novatianis,
1206 1593 1236 1628 si
1252 1592 1447 1629 Novatiauo
1464 1592 1627 1628 historico
1643 1604 1716 1629 cre·

155 1646 286 1690 dimus,
301 1657 324 1682 a
338 1645 518 1684 catholicis
533 1647 698 1683 adscitus.
728 1648 823 1684 Idem
839 1653 963 1695 postea
977 1649 1088 1696 stupri
1103 1650 1198 1685 illius
1215 1650 1396 1685 occasione
1413 1649 1717 1697 Constantinopoli

155 1703 314 1739 sublatus
323 1730 332 1747 ,
346 1714 485 1750 unaque
496 1715 576 1740 cum
587 1715 628 1740 eo
641 1705 875 1752 poenitentiae
888 1706 1046 1752 publicae
1060 1717 1144 1742 usus
1156 1707 1370 1754 interruptus
1383 1712 1445 1743 est.
1469 1707 1715 1751 Poeniteritiae,

155 1761 318 1807 inquam,
339 1772 411 1797 non
434 1761 664 1798 confessionis
687 1763 866 1809 publicae,
889 1774 978 1810 quae
1001 1764 1096 1799 nulla
1118 1775 1272 1811 unquam
1296 1765 1332 1800 iu
1352 1775 1468 1800 rerum
1491 1772 1617 1800 natura
1638 1765 1715 1801 fuit.

157 1817 256 1860 Quod
271 1818 363 1854 euim
379 1819 520 1866 publica
534 1819 706 1855 duntaxat
721 1820 936 1867 poenitentis
950 1832 1114 1868 supressa
1129 1822 1190 1866 sit,
1213 1822 1269 1857 vel
1292 1827 1394 1857 autor
1408 1823 1483 1869 ipse
1498 1827 1578 1869 post
1593 1822 1716 1858 Socra-

156 1878 227 1910 tem
243 1876 450 1911 narrationis
470 1876 564 1912 illius
579 1875 795 1913 Sosomenus
818 1877 987 1921 ostendit,
1011 1879 1070 1925 qui
1093 1879 1203 1922 idem,
1228 1879 1320 1925 quod
1337 1879 1639 1926 Constantinopoli
1655 1881 1715 1915 ab·

155 1936 319 1978 rogatum
346 1933 498 1976 dixerat,
526 1934 611 1970 alibi
636 1937 804 1982 terrarum
815 1961 824 1977 ,
854 1939 888 1970 et
910 1935 947 1971 in
973 1936 1151 1971 occidente
1174 1947 1214 1971 ac
1239 1936 1371 1972 Romae
1395 1937 1614 1983 potissimum
1640 1948 1716 1984 per-

156 2000 332 2026 severasse
356 1989 474 2032 docet;
501 1990 595 2037 quod
623 1983 817 2027 cuiusmodi
840 1996 935 2027 esset
957 2003 1137 2040 exponens
1164 1994 1298 2029 nullum
1327 1994 1434 2028 alium
1462 1994 1530 2028 nisi
1553 1995 1715 2041 publicae

154 2046 388 2093 poenitentiae
403 2048 509 2083 ritum
524 2047 717 2095 significat,
733 2049 866 2084 luctum
877 2049 1055 2092 videlicet,
1071 2051 1243 2096 lacrymas
1259 2061 1339 2086 enm
1356 2052 1606 2098 poenitentium
1623 2053 1715 2099 ipso-

155 2115 250 2147 rum,
270 2109 347 2140 tum
361 2105 515 2152 episcopi
531 2106 642 2152 ipsius
658 2115 699 2141 ae
714 2106 822 2141 totius
838 2107 976 2154 populi,
998 2107 1040 2142 ad
1057 2106 1142 2143 baec
1158 2108 1305 2149 ieiunia,
1328 2109 1466 2144 crebras
1483 2110 1660 2146 orationes
1674 2121 1714 2144 sc

154 2161 342 2205 stationes,
357 2167 526 2198 sexcenta
539 2162 576 2197 id
590 2173 703 2209 genus
713 2189 722 2205 ,
739 2174 887 2210 quorum
903 2164 940 2199 in
951 2165 1127 2200 veteribus
1140 2165 1296 2200 conciliis
1310 2176 1350 2200 ι(-
1363 2172 1563 2202 sanctorum
1575 2172 1714 2214 patrum

154 2219 390 2255 monumentis
403 2218 566 2266 frequens
582 2224 636 2255 est
650 2225 685 2255 et
700 2225 861 2256 securam
877 2221 1019 2258 mentio.
1067 2221 1236 2269 Nuspiam
1258 2229 1373 2259 autem
1398 2224 1556 2270 publicae
1579 2224 1714 2259 confes-

155 2276 264 2312 sionis
278 2287 381 2313 usum
397 2287 441 2312 ne
457 2276 557 2312 litera
573 2277 712 2324 quidem
727 2278 875 2325 attigere
891 2278 1054 2315 Socrates
1072 2290 1113 2314 ac
1130 2280 1364 2322 Soromenus;
1388 2292 1500 2328 neque
1523 2292 1624 2327 porro
1644 2282 1713 2327 pri-

155 2337 274 2377 vatae,
296 2333 351 2369 vel
366 2333 610 2377 confessionis,
634 2334 689 2369 vel
709 2336 946 2382 poenitentiae
968 2338 1217 2379 meminerunt3
1242 2349 1347 2384 quam
1372 2343 1555 2384 utramque
1578 2339 1714 2373 salvam

155 2394 261 2437 atque
282 2390 491 2427 incolumem
515 2392 619 2427 etiam
644 2390 946 2440 Constantinopoli
971 2395 1141 2430 mansisse
1166 2395 1297 2430 nemini
1324 2395 1467 2430 dubium
1497 2406 1573 2430 esse
1601 2395 1712 2432 debet.

154 2447 276 2495 Neque
290 2458 488 2494 quenquam
504 2452 659 2491 moveat,
682 2449 775 2496 quod
791 2449 953 2486 Socrates
971 2451 1127 2493 subiicit,
1150 2451 1408 2487 Eudaemonem
1425 2452 1530 2489 istum
1541 2479 1550 2494 ,
1572 2453 1629 2499 qui
1647 2452 1712 2488 Ne-

155 2505 263 2540 ctario
286 2504 479 2551 abrogandi
502 2506 759 2552 poenitentiarii
786 2507 980 2554 presbyteri
1003 2509 1188 2544 consilium
1216 2508 1325 2551 dedit,
1354 2508 1528 2544 hortatum
1556 2520 1648 2552 esse,
1677 2514 1715 2545 ut

155 2572 440 2609 unamquemque
455 2573 540 2598 suae
556 2563 792 2599 conscientiae
805 2563 1030 2611 relinqueret:
1047 2567 1264 2611 συγχωρῆσαι
1279 2564 1314 2600 δὲ
1331 2565 1468 2600 ἕκαστον
1484 2569 1533 2612 τῷ
1550 2564 1623 2613 ἰδίῳ
1640 2579 1713 2601 συν-

156 2619 255 2654 ειδότι
269 2620 336 2654 τῶν
351 2619 538 2667 μυστηρίων
555 2619 717 2666 μετέχεινε
757 2619 802 2654 Ue
819 2628 940 2667 suapte
957 2625 1164 2656 conscientia
1171 2625 1290 2668 fretus
1313 2625 1446 2669 eiusque
1466 2630 1598 2658 neurus
1620 2625 1713 2659 orbi·

157 2678 256 2711 trium
271 2679 431 2721 nyatma
449 2683 650 2723 capesseret.
674 2675 763 2712 Nam
778 2677 863 2712 illud
878 2677 969 2713 inter
984 2679 1201 2725 antiquitatis
1218 2679 1473 2715 ecclesiasticae
1489 2681 1616 2727 peritos
1631 2692 1712 2716 eon-

157 2733 268 2776 venit,
288 2733 462 2780 publicam
479 2734 562 2768 olim
578 2734 842 2780 poenitentiam,
866 2733 932 2769 hoc
949 2738 1002 2770 est
1015 2746 1146 2782 poenas
1162 2736 1274 2782 ipsas,
1298 2737 1424 2782 quibus
1441 2737 1711 2785 satisfaciebant,

158 2798 346 2835 earumque
360 2794 498 2837 tempus
514 2801 555 2826 ac
576 2791 747 2826 rationem
768 2795 840 2826 tam
862 2796 1062 2827 constanter
1084 2803 1124 2827 ae
1149 2803 1267 2828 severe
1291 2798 1326 2828 et
1348 2793 1392 2828 ad
1416 2805 1569 2841 unguem
1595 2797 1712 2831 obser-

158 2855 259 2880 vasse
280 2846 430 2892 priscam
451 2847 651 2890 ecelesiam,
675 2851 714 2882 ut
735 2851 815 2883 ante
838 2848 968 2884 iustam
991 2860 1031 2884 ac
1053 2850 1243 2895 legitimam
1267 2850 1359 2886 illius
1375 2851 1589 2888 functionem
1613 2853 1711 2888 nefas

159 2912 236 2936 esse
259 2906 395 2948 putaret
417 2903 461 2939 ad
483 2915 605 2951 pacem
628 2908 664 2940 et
687 2905 968 2941 communionem
991 2906 1165 2942 accedere.
1210 2907 1298 2942 Hinc
1321 2919 1418 2944 acres
1434 2919 1474 2944 ac
1489 2909 1710 2946 vehementes

158 2958 239 2994 illae
250 2957 418 3006 Cypriani
436 2962 638 3007 praesertim
657 2962 834 3008 querelae,
857 2973 944 3008 quas
967 2963 1004 2998 in
1026 2963 1115 2998 libro
1135 2963 1176 2999 de
1191 2963 1332 3011 Lapsis,
1355 2970 1391 3002 et
1412 2966 1448 3002 in
1472 2967 1635 3014 Epistolis
1658 2968 1710 3002 in-

160 3015 282 3050 culcat.
305 3017 395 3052 Ante
407 3019 546 3063 expiata
563 3020 689 3053 delicta
706 3019 771 3064 (ait
792 3019 881 3054 libro
897 3019 940 3054 de
954 3019 1106 3067 Lapsis),
1123 3027 1202 3056 aute
1217 3021 1626 3070 exhomoloqesinfactam
1644 3027 1711 3059 cri·

160 3074 276 3115 minis,
301 3079 378 3108 ante
393 3081 582 3120 puryatam
603 3078 843 3111 conscientiam
860 3079 1033 3123 sacrificio
1050 3083 1083 3112 et
1096 3090 1197 3114 manu
1211 3081 1418 3123 sacerdotis,
1442 3089 1520 3118 ante
1543 3085 1703 3129 offensam
1743 3102 1776 3127 p,
1791 3093 1849 3121 244.
