2008 3294
182 2777 209 2803 p.
222 2770 280 2797 ³¹0.

317 194 521 231 CCLXXIV

274 325 282 333 .
316 298 434 334 Sirmii
457 301 670 333 maceratum
694 295 953 343 cruciatumque
977 295 1116 332 demum
1139 296 1377 331 succubuisse.
1424 295 1524 339 Quod
1547 295 1578 331 si
1593 306 1685 331 anno
1702 295 1874 332 duntaxat

317 367 458 392 cccnvr.
476 355 717 397 Constantius,
733 364 778 388 ex
795 364 862 400 quo
876 353 1004 389 Sirmio
1020 354 1056 389 in
1068 353 1206 388 Italiam
1218 353 1395 399 profectus
1411 356 1501 397 erat,
1517 353 1680 389 Romaiu
1695 353 1873 400 Illyricum

316 423 473 447 reversus
491 415 558 455 est,
582 412 634 446 uti
657 421 762 458 supra
783 410 998 457 disputatum
1019 415 1086 453 est,
1110 414 1252 457 apparet
1265 421 1338 445 non
1354 413 1434 445 ante
1451 420 1605 446 cccmvrr.
1622 421 1770 453 aunum,
1792 421 1872 446 con-

315 469 406 504 fecta
427 470 499 504 iam
521 469 594 504 Osii
615 479 733 504 annua
755 467 873 503 Sirmii
895 468 1124 515 relegatione,
1149 467 1375 502 Sirmiensem
1400 467 1572 514 synodum
1595 467 1684 503 obiri
1705 467 1872 514 potuisse,

317 527 372 561 cui
390 526 492 561 Osius
517 525 728 572 suffragator
751 525 944 560 accesserit.
989 525 1051 560 His
1075 525 1210 560 duabus
1234 525 1446 569 rationibus,
1471 525 1564 572 quod
1587 528 1622 560 et
1643 527 1724 571 post
1746 523 1875 559 Liberii

317 584 462 618 exilium
478 587 512 618 et
526 587 607 630 post
623 593 967 618 annuum-carcerem
990 581 1035 617 ad
1058 581 1344 617 consentiendum
1366 581 1508 617 adactus
1531 582 1577 617 sit
1591 582 1712 624 Osius,
1734 581 1874 616 tertiam

316 640 476 675 adiunxit
497 651 542 674 ex
564 640 713 683 Hilario,
737 639 798 686 qui
819 640 908 675 libro
929 639 971 674 de
995 639 1146 685 Synodis
1167 639 1392 674 Sirmiensem
1415 638 1568 674 affimat
1586 643 1667 686 post
1685 638 1873 673 triennium

316 708 392 732 esse
416 697 643 739 celebratam,
667 708 713 732 ex
737 708 806 744 quo
822 696 1010 732 Saturnino
1026 696 1222 731 Arelatensi
1244 697 1407 743 episcopo
1423 696 1552 732 Ariane
1576 706 1598 730 a
1621 695 1876 731 catholicis-est

315 758 445 800 negata
467 754 677 789 communio.
722 754 908 790 Manifesta
929 765 1011 789 vero
1036 753 1214 789 Saturnini
1238 753 1382 788 defectio
1405 756 1482 788 tum
1508 752 1672 799 contigit,
1703 763 1782 788 cum
1813 763 1874 787 ex-

313 815 471 858 pugnato
487 811 692 858 Magnentio
709 811 934 846 Constantius
950 811 1127 846 Arelatam
1142 821 1219 845 sese
1235 811 1392 847 contulit.
1440 809 1586 855 Constat.
1599 815 1716 845 autem
1731 820 1776 844 ex
1791 809 1874 856 Am-

314 869 431 903 miano
447 863 607 904 lib.'xxn.
623 868 827 904 Constantio
848 868 990 904 nonnisi
1012 879 1104 903 anno
1121 867 1249 903 Christi
1265 877 1411 903 cecam.
1433 878 1472 902 se
1486 869 1587 904 vne‘t
1603 866 1703 902 Gallo
1719 879 1758 903 11.
1780 876 1872 903 coss.

315 926 492 960 Arelatam
519 926 657 960 venisse
678 925 878 972 ibidemque
900 925 1054 960 natalem
1077 936 1180 960 suum
1195 937 1243 961 vr.
1261 924 1310 959 Id.
1327 923 1402 959 Oct.
1427 924 1632 959 celebrasse.
1677 923 1776 959 Unde
1797 932 1874 970 per-

316 983 477 1029 spicuum
499 987 552 1018 est
574 993 665 1018 anno
683 983 823 1018 demum
840 992 996 1018 cccnvn.
1016 982 1166 1018 triennio
1188 982 1259 1017 iam
1281 982 1443 1017 absoluto
1460 980 1685 1016 sirmiensem
1701 980 1875 1027 synodum

314 1044 495 1087 peractam
509 1039 629 1076 fuisse.
665 1039 761 1082 Quae
778 1039 917 1086 quidem
933 1039 1052 1074 omnia
1067 1040 1117 1075 sic
1133 1040 1170 1075 in
1185 1039 1381 1074 Annalibus
1397 1038 1610 1085 digeruntur.

405 1098 506 1133 Anno
524 1107 672 1133 cecam.
691 1096 894 1132 Constantio
910 1108 957 1131 vr.
980 1099 1015 1131 et
1038 1096 1139 1132 Gallo
1155 1109 1193 1133 n.
1217 1107 1307 1132 coss.
1322 1096 1414 1132 victo
1429 1096 1633 1142 Magnentio
1650 1094 1874 1132 Constantius

314 1155 351 1190 in
370 1154 501 1190 Gallias
522 1154 698 1201 profectus
721 1154 859 1189 Arelate
879 1153 1031 1189 hiemem
1052 1153 1217 1189 traduxit.
1263 1153 1331 1188 Ubi
1355 1153 1500 1189 concilio
1522 1153 1730 1188 Arianorum
1752 1155 1874 1188 coacto

316 1212 498 1247 damnatur
514 1210 742 1254 Athanasius,
758 1211 923 1246 Paulinus
939 1211 1161 1246 Treverensis
1177 1221 1249 1246 una
1264 1221 1344 1246 cum
1360 1210 1495 1257 aliquot
1509 1209 1687 1246 catholicis
1702 1209 1874 1257 episcopis

314 1269 421 1304 exilio
437 1269 588 1304 multati.
1766 1262 1773 1269 ”

405 1327 505 1361 Anno
532 1335 673 1361 cccmv.
698 1324 903 1360 Constantio
922 1337 984 1362 vn.
1008 1327 1043 1360 et
1066 1324 1167 1361 Gallo
1192 1337 1244 1360 m.
1267 1335 1356 1361 coss.
1383 1324 1504 1361 Gallus
1529 1323 1657 1360 Caesar
1681 1323 1875 1360 Constantii

313 1384 410 1419 iussu
426 1386 579 1418 necatur.
610 1381 821 1418 Athanasius
837 1381 1069 1418 Alexandriae
1084 1385 1242 1419 vexatur.

404 1441 504 1475 Anno
522 1450 648 1475 cccnv.
670 1440 856 1474 Arbetione
879 1439 914 1476 et
933 1439 1092 1475 Lolliano
1114 1450 1204 1475 coss.
1225 1439 1484 1476 Mediolanense
1507 1439 1691 1475 concilium
1713 1437 1876 1474 indicitur

312 1509 351 1533 ac
369 1498 562 1532 celebratur
578 1497 614 1531 in
631 1507 759 1532 caussa
774 1495 974 1540 Athanasii,
989 1501 1172 1544 praesente
1188 1497 1404 1534 Constantio.
1452 1496 1519 1540 Qui
1534 1495 1722 1533 catholicos
1739 1506 1779 1531 ac
1795 1507 1874 1532 san-

313 1556 486 1590 ctissimos
513 1555 695 1601 episcopos
722 1554 817 1589 illius
841 1553 1058 1589 damnationi
1080 1553 1299 1590 subscribere
1321 1558 1521 1590 recusantes
1543 1554 1581 1590 in
1604 1554 1749 1590 exilium
1772 1553 1874 1596 eiicit,

311 1613 477 1648 nimirum
489 1612 744 1647 Vercellensem
760 1611 968 1654 Eusebium,
992 1611 1201 1658 Dionysium
1222 1611 1538 1654 Mediolanensem,
1560 1621 1601 1647 ac
1621 1614 1797 1658 postremo
1818 1610 1875 1646 Li-

313 1670 447 1705 berium
470 1679 615 1716 papam,
641 1679 744 1715 quem
759 1668 873 1704 Roma
887 1667 1126 1704 Mediolanum
1148 1669 1328 1706 acciverat.
1373 1668 1446 1705 Sub
1470 1668 1556 1704 haec
1571 1667 1674 1704 Osius
1690 1679 1736 1704 ex
1750 1667 1874 1716 Hispa-

312 1727 380 1762 niis
397 1727 582 1762 accersitus
598 1726 796 1772 frustraque
811 1726 1005 1761 solicitatus
1020 1726 1058 1761 in
1072 1725 1222 1773 patriam
1236 1726 1347 1763 rediit.

403 1785 505 1819 Anno
519 1794 660 1820 cccnvr.
680 1783 884 1818 Constantio
898 1795 973 1819 vur.
990 1786 1025 1818 et
1036 1783 1170 1819 Iuliano
1187 1794 1276 1819 coss.
1290 1782 1500 1819 Athanasius
1514 1781 1662 1829 Syriano
1675 1781 1762 1818 duce
1777 1791 1874 1830 gras-

313 1845 412 1876 sante
438 1840 646 1876 Alexandria
675 1841 796 1887 pulsus
826 1840 927 1887 eique
956 1840 1165 1876 substitutus
1191 1840 1375 1888 Georgius.
1422 1839 1647 1876 Constantius
1676 1839 1874 1876 Mediolano

313 1898 461 1933 Romam
476 1898 634 1944 pervenit
648 1898 748 1933 tertio
763 1897 840 1933 Kal.
856 1898 980 1935 Maias.
1026 1897 1081 1933 Ibi
1096 1908 1118 1933 a
1131 1899 1300 1934 matronis
1316 1898 1555 1945 interpellatus
1570 1897 1746 1933 Liberium
1762 1896 1874 1932 edicto

313 1959 462 1990 revocat.
487 1954 665 1989 Eudoxias
681 1954 920 1990 Germaniciae
933 1955 1117 2003 episcopus
1134 1954 1252 1991 audita
1263 1954 1400 1991 Leontii
1414 1958 1525 1991 morte
1537 1954 1649 1991 Roma
1656 1952 1874 1991 Antiochiam

313 2012 479 2047 advolans
495 2011 612 2047 sedem
631 2016 787 2059 occupat.
821 2012 1044 2047 Constantius
1067 2024 1115 2049 ιν.
1132 2011 1209 2048 Kal.
1226 2012 1301 2048 Iun.
1324 2013 1409 2048 urbe
1431 2011 1628 2059 digrediens
1646 2012 1684 2048 in
1698 2011 1874 2059 Illyricum

313 2069 465 2104 festinat.
1682 2087 1685 2090 ⁴

404 2126 505 2162 Anno
523 2134 677 2162 occtvn.
697 2125 900 2161 Constantio
918 2137 965 2163 rx.
984 2130 1018 2161 et
1032 2125 1167 2162 Iuliano
1183 2137 1222 2162 n.
1241 2136 1331 2162 coss.
1348 2125 1538 2162 Sirmiense
1553 2126 1739 2162 concilium
1756 2136 1873 2162 coram

314 2183 518 2219 Constantio
536 2183 759 2219 celebratum.
785 2182 824 2218 In
841 2194 910 2230 quo
927 2182 1078 2230 primum
1094 2183 1279 2218 damnatus
1295 2181 1463 2219 Photinus
1480 2186 1515 2218 et
1531 2194 1552 2218 a
1567 2181 1699 2219 Basilio
1714 2183 1873 2231 Ancyrae

314 2242 476 2288 episcopo
493 2239 703 2276 confutatus.
735 2239 825 2276 Tum
841 2239 923 2275 fidei
938 2239 1107 2276 formulae
1123 2243 1192 2276 tres
1209 2240 1434 2288 conscriptae.
1466 2239 1582 2275 Prima
1601 2243 1738 2276 auctore
1754 2242 1872 2278 Marco

314 2297 496 2333 Arethusio
515 2296 658 2334 Graeca.
707 2296 746 2333 In
763 2307 832 2344 qua
848 2296 1002 2333 damnati
1019 2297 1109 2333 inter
1124 2301 1274 2341 caetera,
1298 2298 1358 2344 qui
1374 2307 1418 2333 ex
1436 2297 1504 2332 alia
1519 2297 1734 2342 substantia,
1751 2301 1786 2334 et
1800 2309 1872 2335 non

313 2366 354 2390 ex
373 2355 436 2389 deo
453 2354 563 2390 filium
581 2354 739 2390 extitisse
753 2354 916 2390 dicerent.
943 2354 1056 2390 Habet
1070 2354 1159 2390 hanc
1176 2354 1387 2390 Athanasius
1403 2354 1462 2391 lib.
1479 2353 1520 2390 de
1537 2353 1703 2401 Synodis,
1719 2355 1872 2392 Hilarius

312 2412 371 2448 lib.
390 2411 432 2447 de
445 2411 595 2458 Synodis
612 2415 645 2447 et
661 2410 833 2447 Socrates.
857 2411 1020 2447 Secunda
1031 2411 1153 2448 Latine
1168 2411 1319 2459 primum
1335 2411 1427 2447 edita
1447 2414 1482 2447 et
1501 2409 1632 2447 Graece
1651 2412 1872 2459 postmodum

315 2479 482 2504 conversa
497 2468 589 2516 apud
607 2467 731 2504 Athen.
748 2472 783 2504 et
799 2468 977 2504 Socratem
993 2472 1101 2506 extat.
1148 2467 1244 2512 Quae
1261 2470 1316 2513 τῆς
1334 2467 1444 2509 οὐσίας
1461 2470 1495 2504 et
1511 2464 1706 2515 ὅμοουσίου,
1723 2480 1786 2505 nec
1800 2480 1871 2506 non

316 2524 504 2572 ὁμοιουσίου
521 2526 691 2561 vocabula
707 2526 971 2562 commemorari
987 2526 1112 2569 vetuit,
1136 2529 1270 2574 patrem
1286 2535 1368 2562 vero
1390 2525 1559 2561 maiorem
1576 2536 1652 2562 esse
1667 2525 1740 2562 filio
1757 2525 1871 2562 decre·

315 2584 375 2620 vit.
408 2583 503 2619 lianc
526 2582 605 2618 fidei
627 2583 879 2630 professionem
895 2583 939 2620 ab
956 2583 1038 2619 Osio
1061 2587 1096 2619 et
1110 2582 1300 2619 Potamone
1323 2582 1550 2630 conscriptam
1572 2582 1686 2629 prodit
1707 2582 1870 2619 Hilarius.

316 2639 366 2675 Ex
386 2651 456 2686 quo
472 2639 572 2675 facile
589 2640 763 2687 colligitur
779 2639 867 2676 hanc
884 2651 962 2677 esse
978 2640 1059 2676 fidei
1078 2637 1211 2686 ἔκθεσιν,
1233 2640 1331 2676 cuius
1353 2637 1554 2687 approbatio
1571 2639 1606 2675 vi
1628 2650 1668 2675 ac
1691 2641 1871 2677 tormentis

317 2697 360 2730 ab
375 2697 456 2732 (iulo
473 2701 526 2732 est
542 2707 716 2744 expressa.
741 2697 810 2733 Sed
824 2697 896 2733 Osii
910 2698 1046 2745 lapsum
1060 2697 1299 2745 compensavit
1310 2695 1603 2732 Samiarianorum
1618 2697 1871 2744 propemodum

316 2752 521 2789 catholicum
534 2754 709 2790 decretum
726 2754 760 2790 in
776 2754 959 2801 Ancyrana
975 2754 1126 2802 synodo,
1142 2755 1197 2789 cui
1213 2753 1365 2790 Basilius
1381 2752 1538 2802 praefuit.
1562 2753 1601 2789 In
1618 2762 1686 2801 quo
1703 2754 1869 2791 adversus

317 2810 525 2845 Sirminnam
543 2810 721 2858 perfidiam
737 2811 930 2848 Orientales
947 2811 1094 2859 professi
1110 2815 1191 2847 sunt
1205 2810 1316 2847 filium
1334 2821 1396 2859 per
1417 2809 1548 2854 omnia,
1570 2810 1726 2859 adeoque
1747 2822 1869 2848 secun·

317 2867 397 2902 dum
415 2868 660 2911 ninlmtnntmm,
685 2878 762 2904 esse
778 2869 867 2916 patri
883 2869 1043 2905 similem.
1087 2868 1198 2912 Quam
1213 2867 1463 2916 professionem
1477 2867 1576 2903 valdo
1592 2868 1869 2905 commendatam

317 2934 357 2958 ac
374 2925 464 2959 notis
483 2924 688 2961 illustratam
703 2925 739 2962 in
758 2925 890 2962 Gallius
908 2925 1000 2961 misit
1015 2925 1175 2961 Hilarius.
1205 2925 1249 2960 At
1267 2924 1413 2961 Basilius
1429 2934 1508 2960 cum
1525 2924 1749 2961 Samiarianis
1765 2924 1868 2961 sociis

317 2980 482 3016 Sirmium
507 2991 665 3016 reversus
689 2984 726 3017 et
746 2991 825 3018 cum
843 2983 1002 3026 Valente,
1028 2981 1169 3019 Ursaclo
1192 2982 1405 3029 caeterisque
1427 2982 1602 3029 germanis
1625 2983 1760 3018 Arianis
1788 2993 1868 3018 con-

318 3047 457 3084 gressus
473 3041 538 3074 est.
560 3038 625 3080 Qui
641 3038 689 3073 ita
701 3038 840 3075 demum
857 3040 945 3076 inter
961 3050 998 3075 se
1011 3039 1214 3076 Constantio
1231 3039 1406 3075 annitente
1423 3039 1658 3084 consentiunt,
1675 3043 1715 3075 nt
1729 3038 1867 3075 sublato
