2008 3294
366 171 540 207 CLXXVI

366 274 452 320 ρίδος
466 277 578 310 vocat.
625 273 736 319 Igitur
751 271 1076 319 ἐννεακαιδεκαετηρὶς
1090 284 1203 319 neque
1219 273 1263 307 ab
1278 272 1430 308 Eusebio
1446 276 1598 320 reperta,
1619 276 1660 308 ut
1678 272 1776 309 Beda
1794 273 1854 310 lib.
1871 273 1912 309 de

365 332 485 377 Temp.
500 331 578 364 Rat.
596 341 672 376 cap.
684 341 789 372 ηιμ,
804 340 918 375 neque
935 340 957 364 a
970 329 1126 365 Nicaeno
1144 329 1307 371 concilio,
1325 332 1364 364 ut
1379 329 1520 376 quidam
1534 333 1713 373 asserunt3
1729 341 1809 367 cum
1822 330 1914 366 Ana·

363 389 468 423 tolius
491 387 564 422 eius
587 386 799 429 meminerit,
823 397 863 421 ac
885 386 946 421 diu
966 390 1045 422 ante
1067 397 1089 421 a
1102 387 1242 422 Metone
1265 389 1300 421 et
1314 385 1524 422 Euctemone
1542 387 1694 434 primum
1717 387 1916 433 excogitata

363 444 482 486 fuerit,
504 447 545 478 ut
559 443 730 478 Diodorus
747 443 903 486 Siculus,
925 442 1092 479 Geminus
1110 447 1144 478 et
1160 443 1370 478 Censorinus
1387 443 1574 480 affimant.
1622 443 1829 490 Quanquam
1844 443 1914 479 alia

362 501 493 536 lunaris
515 500 600 535 anni
621 511 663 535 ac
684 500 860 535 mensium
874 499 1053 547 dispositio
1069 505 1145 535 tum
1159 500 1236 536 fuit.
1285 499 1497 548 Quapropter
1511 501 1698 546 verisimile
1713 503 1767 535 est
1779 500 1913 536 Latinis

363 557 454 592 hunc
477 557 631 592 Anatolii
653 557 770 592 locum
792 556 907 592 fiaudi
927 557 1048 592 fuisse.
1090 558 1197 603 Atqui
1218 557 1362 592 ridicule
1385 557 1571 594 admodum
1593 557 1793 605 paschalem
1814 557 1914 593 illum

363 626 468 650 sunm
483 625 654 649 canonem
669 613 822 650 condidit
831 614 1041 650 Victorinus.
1067 614 1145 649 Non
1161 615 1275 649 solnm
1284 640 1293 657 ,
1310 614 1403 660 quod
1417 614 1547 661 pascha
1561 627 1632 652 xvr.
1645 615 1730 651 luna
1744 614 1915 649 duntaxat
1981 623 1984 627 ⁴

363 672 529 707 celebrari
549 671 684 715 iubeat,
707 671 799 718 quod
819 671 944 706 canoni
966 675 1152 718 repugnat,
1174 682 1296 706 verum
1318 671 1424 707 etiam
1439 671 1532 718 quod
1545 672 1685 708 inutiles
1700 672 1834 718 aliquot
1847 674 1914 706 ter—

362 730 475 764 minos
492 732 528 764 et
541 729 673 764 otiosos
689 727 859 764 habuerit.
903 727 1021 764 Prima
1041 729 1180 763 illorum
1194 740 1266 764 xrv.
1281 728 1365 772 fuit,
1388 732 1427 764 ut
1442 728 1572 764 dictum
1586 733 1655 773 est,
1674 729 1793 765 Martii
1807 740 1914 770 xvm3

363 786 496 822 decima
517 786 638 832 quinta
657 797 738 821 vero
758 786 873 832 prima
894 786 1051 820 omnium
1065 785 1184 820 Martii
1198 797 1271 822 xrx.
1290 796 1395 831 quem
1411 788 1446 821 et
1458 786 1646 823 terminum
1659 785 1825 822 fixerunt.
1870 784 1915 820 Et

361 848 478 878 tamen
501 853 682 889 nunquam
702 846 783 879 ante
804 854 891 878 xm.
913 842 1044 889 pascha
1066 842 1301 884 celebrabant3
1325 853 1405 878 cum
1427 842 1585 879 citimum
1607 841 1738 890 pascha
1759 842 1916 878 debuerit

362 911 438 935 esse
459 912 519 936 xx.
535 900 664 936 Martii.
711 899 824 942 Quare
840 903 902 934 ant
915 900 953 935 in
968 912 1055 935 xxn.
1066 900 1187 934 lunam
1201 900 1456 946 prorogabam,
1477 903 1541 941 aut
1559 899 1802 936 insecundum
1817 910 1914 936 men-

362 969 448 994 sem.
496 956 666 993 Canssam
686 956 791 992 huius
814 956 1060 992 stolidissimae
1081 957 1227 992 rationis
1244 956 1340 992 Beda
1354 960 1456 1003 putat
1469 967 1564 1000 esse,
1586 956 1679 1004 quod
1701 960 1781 993 ante
1796 956 1914 1003 aequi-

360 1015 517 1050 noctium
533 1014 704 1050 celebrare
718 1014 880 1060 religioni
895 1013 1069 1050 ducerent.
1116 1014 1192 1060 Ego
1208 1025 1289 1050 vero
1305 1025 1386 1049 cum
1399 1013 1570 1058 Anatolii,
1590 1017 1665 1049 tum
1681 1013 1914 1051 Caesariensis

361 1083 403 1107 ac
417 1071 560 1107 Nicaeni
575 1071 713 1107 concilii
729 1071 865 1106 decreto
881 1071 1038 1117 paruisse
1051 1071 1130 1106 illos
1147 1071 1307 1115 arbitror,
1329 1082 1442 1117 neque
1462 1071 1692 1118 praescriptos
1715 1070 1760 1106 ab
1780 1070 1850 1106 illis
1873 1081 1914 1106 ac

362 1129 539 1164 communi
558 1139 730 1164 consensu
751 1131 908 1174 receptos
929 1126 1103 1175 paschatis
1125 1128 1254 1163 limites
1274 1128 1473 1175 transgredi
1494 1139 1600 1164 ausos
1624 1138 1717 1171 esse3
1740 1130 1844 1174 atque
1865 1127 1915 1163 ita

359 1187 488 1222 Paulus
502 1186 786 1232 Forosempron„
809 1185 907 1220 cuius
930 1188 970 1219 tu
987 1185 1048 1220 lib.
1062 1197 1094 1221 v.
1110 1186 1268 1229 consule,
1289 1186 1351 1221 ubi
1371 1186 1506 1232 aliquot
1519 1185 1681 1232 exempla
1694 1183 1914 1232 paschalium

361 1244 567 1290 διαστροφῶν
583 1254 624 1278 ac
639 1242 896 1278 dissensionum
909 1243 1084 1289 proponit.

450 1300 629 1336 Postremo
652 1300 758 1335 etiam
780 1302 885 1345 atque
906 1299 1014 1335 etiam
1027 1299 1232 1343 videndum,
1255 1310 1301 1334 an
1323 1299 1457 1343 Iudaei,
1482 1300 1543 1346 qui
1562 1298 1747 1346 Epiphanii
1760 1302 1914 1346 tempore

361 1357 534 1400 vixerunt,
544 1357 582 1392 in
593 1369 667 1393 111.
675 1357 732 1392 vel
742 1356 926 1392 xx.Martii
937 1355 1106 1403 epocham
1118 1357 1203 1392 anni
1213 1356 1514 1403 aequinoctiumve
1525 1357 1725 1400 statuerint3
1737 1355 1829 1403 quod
1835 1355 1913 1402 Epi-

359 1415 507 1461 phanius
523 1414 568 1449 ad
583 1413 712 1450 Christi
725 1417 882 1461 tempora
895 1413 1106 1449 transferens
1122 1425 1213 1449 anno
1228 1414 1289 1449 illo
1306 1425 1375 1460 quo
1390 1424 1516 1461 passus
1535 1417 1589 1449 est
1602 1413 1783 1451 crediderit
1795 1413 1913 1460 aequi-

359 1473 515 1507 noctium
530 1472 567 1507 in
588 1471 709 1507 eodem
730 1470 886 1516 haesisse
901 1471 956 1507 die
973 1482 1040 1517 quo
1057 1471 1100 1507 ab
1116 1471 1185 1506 illis
1201 1482 1266 1506 suo
1282 1475 1436 1518 tempore
1451 1474 1619 1506 statutum
1633 1470 1783 1508 videbat.
1826 1470 1914 1507 Cum

360 1530 454 1564 enim
465 1529 592 1572 Iudaei,
608 1532 648 1564 ut
659 1540 704 1564 ex
715 1527 876 1575 Iosepho,
893 1527 1036 1564 Philone
1049 1531 1086 1564 et
1095 1528 1138 1564 iis
1150 1528 1415 1575 antiquioribus,
1426 1528 1634 1564 Aristobulis
1647 1532 1682 1564 et
1691 1527 1912 1575 Agathobulo

361 1590 509 1630 constat,
521 1598 592 1622 non
605 1591 685 1622 ante
696 1586 954 1633 aequinoctium
964 1585 1096 1632 pascha
1107 1597 1211 1621 suum
1222 1586 1395 1621 celebrare
1402 1586 1583 1629 voluerint,
1595 1588 1728 1621 certum
1739 1585 1787 1621 sit
1796 1587 1914 1620 autem

360 1655 491 1680 annum
506 1657 578 1680 xrx.
591 1647 627 1679 et
637 1644 813 1689 ,vnn-cycli
821 1670 830 1687 ,
847 1643 907 1690 qui
918 1642 1163 1678 Alexandrinis
1175 1643 1424 1678 embolimaeus
1437 1646 1528 1687 erat,
1542 1641 1678 1679 Iudaeis
1693 1652 1914 1682 communem

360 1702 534 1745 extitisse,
557 1702 776 1737 coniecturae
800 1701 898 1736 locus
922 1704 993 1743 est,
1015 1711 1038 1735 a
1057 1700 1194 1736 Iudaeis
1215 1700 1427 1747 aequinoctii
1442 1700 1534 1736 diem
1546 1700 1650 1747 paulo
1666 1702 1748 1736 ante
1761 1699 1914 1735 Nicaena

359 1763 534 1806 tempora,
550 1763 584 1794 et
599 1758 791 1794 secundum
806 1768 865 1801 ea,
880 1770 954 1794 xix.
971 1757 1090 1794 Martii
1102 1758 1272 1794 tributum
1285 1757 1407 1793 fuisse.
1442 1756 1555 1800 Quam
1569 1757 1615 1793 ab
1630 1756 1700 1792 illis
1714 1756 1913 1803 opinionem

357 1816 473 1852 Latini
489 1827 559 1852 una
575 1827 655 1851 cum
670 1816 785 1851 lunari
800 1815 897 1861 cyclo
913 1814 1078 1850 traditam
1097 1815 1308 1862 acceperint,
1330 1815 1483 1851 Anatolii
1502 1814 1707 1862 praesertim
1729 1813 1912 1851 saturitate

359 1873 438 1908 freti
447 1900 456 1917 ‚
473 1874 534 1920 qui
548 1874 699 1920 primum
714 1872 840 1908 Arietis
856 1873 1056 1919 ingressum
1071 1872 1194 1908 eodem
1208 1872 1269 1908 illo
1285 1871 1340 1907 die
1355 1872 1523 1908 collocare
1537 1871 1634 1907 visus
1647 1874 1711 1907 est.
1734 1870 1827 1907 Sane
1839 1880 1911 1906 non

359 1930 428 1965 alia
443 1930 654 1977 probabilior
669 1930 871 1975 investigari
886 1940 1010 1965 caussa
1024 1933 1154 1976 potest,
1170 1940 1231 1964 cur
1242 1929 1297 1964 vel
1312 1928 1431 1964 Iudaei
1441 1929 1498 1964 vel
1507 1928 1623 1964 Latini
1633 1931 1706 1964 tam
1720 1926 1911 1975 praefracte

359 1987 512 2023 decimas
528 1992 669 2033 quartas
684 1987 722 2022 in
737 1986 855 2022 Martii
869 1998 969 2023 xvnr.
985 1986 1204 2029 retinuerint,
1225 1986 1293 2021 nisi
1316 1985 1410 2032 quod
1430 1985 1688 2032 aequinoctium
1703 1984 1804 2020 citius
1819 1994 1910 2020 com-

359 2044 465 2087 mitti,
482 2054 587 2091 quam
602 2043 848 2079 Alexandrinis
862 2043 1058 2090 placuerat,
1073 2042 1162 2078 falso
1179 2042 1247 2078 sibi
1261 2042 1524 2089 persuasissent.
1562 2041 1696 2088 Quippe
1711 2051 1792 2077 cum
1807 2044 1842 2076 et
1854 2041 1910 2077 Iu-

359 2101 524 2137 daeorum
539 2099 670 2148 pascha
683 2101 720 2136 in
735 2100 850 2147 ipsum
867 2099 1077 2146 aequinoctii
1091 2104 1276 2146 punctum,
1300 2102 1361 2134 aut
1380 2098 1539 2144 proxime
1561 2098 1687 2134 saltem
1707 2109 1752 2134 ex
1773 2098 1910 2134 decreto

359 2159 535 2194 seniorum
550 2157 700 2194 incidere
717 2161 891 2204 oporteat,
909 2156 1023 2192 Latini
1038 2167 1120 2191 vero
1136 2160 1218 2203 post
1230 2155 1373 2191 Nicaeni
1388 2155 1525 2191 concilii
1539 2149 1754 2191 sanctionem
1768 2154 1910 2202 pascha-

358 2216 427 2251 lem
443 2216 631 2252 terminum
646 2214 767 2251 tandiu
782 2218 862 2250 ante
877 2213 1136 2260 aequinoctium
1152 2212 1294 2249 definire
1309 2212 1406 2248 nefas
1423 2223 1499 2248 esse
1515 2211 1723 2248 didicissent.

459 2318 637 2355 ALTERA
659 2317 717 2354 m*
739 2314 1359 2410 PROBABmgssosslgfflggoLll
1380 2314 1497 2352 LOCO
1522 2313 1807 2352 conc'rth

448 2444 517 2481 Sed
533 2444 618 2480 haec
632 2447 753 2481 nostra
765 2444 966 2480 coniectura
985 2443 1016 2479 si
1037 2442 1154 2478 minus
1172 2441 1385 2478 eruditorum
1398 2441 1579 2478 hominum
1593 2441 1831 2479 assensionem
1847 2441 1906 2477 ob-

358 2502 516 2545 tinuerit,
538 2500 705 2537 invidism
726 2504 818 2536 certe
839 2511 880 2537 sc
900 2498 1203 2547 reprehensionem
1224 2509 1295 2535 non
1309 2502 1468 2535 meretur.
1514 2497 1588 2541 Quo
1605 2498 1744 2535 lectoris
1759 2498 1907 2535 candore

359 2564 394 2594 et
408 2558 622 2595 humanitate
637 2558 791 2594 confisus
811 2558 916 2594 aliam
939 2557 981 2593 de
1002 2556 1068 2592 hoc
1084 2556 1237 2593 Anatolii
1256 2556 1332 2592 loco
1354 2555 1586 2603 suspicionem
1607 2555 1796 2603 proferam
1818 2565 1907 2603 quae

358 2615 460 2659 mihi,
476 2626 555 2652 cum
571 2614 656 2651 haec
673 2615 875 2658 scriberem,
891 2614 1052 2651 veniebat
1067 2614 1103 2650 in
1117 2618 1282 2650 mentem.
1305 2611 1514 2649 Crediderim
1524 2612 1683 2659 equidem
1695 2613 1730 2648 in
1741 2613 1803 2657 iis,
1818 2623 1906 2660 quae

358 2675 472 2709 locum
488 2673 585 2709 illum
602 2676 877 2715 antecesserant,
893 2671 1089 2719 disputasse
1105 2670 1268 2707 adversus
1283 2670 1361 2707 illos
1372 2669 1587 2713 Anatolium,
1604 2669 1663 2716 qui
1675 2674 1774 2706 vetus
1790 2670 1906 2717 aequi-

359 2730 528 2772 noctium,
550 2728 616 2765 hoc
632 2734 686 2766 est
702 2730 890 2772 lulianum,
912 2728 968 2764 die
989 2728 1106 2764 Martii
1121 2739 1202 2764 xxv.
1224 2727 1433 2771 retinebant,
1454 2737 1520 2763 nec
1535 2730 1616 2763 ante
1632 2738 1705 2763 vm.
1720 2726 1797 2764 Kal.
1819 2727 1906 2764 cele-

360 2787 449 2822 brari
472 2787 599 2822 festum
621 2787 800 2829 sinebant,
825 2797 912 2833 quse
936 2789 989 2822 est
1009 2798 1106 2822 xxix.
1121 2782 1352 2829 Phamenoffi,
1373 2783 1573 2832 praesertim
1595 2784 1687 2830 quod
1708 2784 1832 2820 eodem
1851 2784 1906 2821 die

358 2842 531 2879 Christum
548 2844 779 2880 resurrexisse
795 2853 1000 2891 persuasum
1015 2842 1198 2886 haberent,
1215 2853 1261 2879 ex
1277 2840 1413 2878 concilii
1427 2839 1661 2877 Caesariensis
1676 2840 1763 2885 fide,
1779 2841 1820 2878 de
1836 2852 1904 2889 quo

358 2904 487 2947 postes.
535 2901 689 2943 Quorum
712 2905 750 2936 ut
771 2911 920 2937 errorem
942 2900 1130 2947 corrigeret
1150 2898 1403 2936 mathematicis
1418 2898 1726 2946 astronomicisque
1741 2898 1904 2935 doctrinis

358 2957 543 3004 perpolitus
560 2958 756 3002 Anatollus,
773 2958 1030 3005 aequinoctium
1046 2957 1081 2993 in
1098 2968 1184 2995 nn.
1202 2955 1316 2992 Martii
1332 2954 1499 2992 committi
1514 2954 1640 2993 docuit.
1687 2955 1762 2999 Quo
1778 2956 1904 3003 posito.

360 3026 438 3051 xxv.
457 3014 587 3055 Martii,
612 3016 682 3050 sive
700 3014 912 3051 Phamenoth
930 3026 1024 3052 xxxx.
1043 3019 1202 3060 quartum
1219 3013 1287 3048 iam
1304 3012 1340 3048 iu
1356 3012 1478 3048 Arietis
1502 3016 1681 3059 segmento
1704 3012 1795 3049 diem
1818 3013 1902 3060 agit.
