2008 3294
1652 205 1730 244 Lm

258 313 299 349 N.
317 325 416 349 xvm.
438 311 523 347 Ἀπό
540 324 574 347 τε
590 313 786 359 Ναβατέας]
822 311 991 360 Corrupta
1006 322 1077 347 vox
1094 315 1147 346 est
1163 311 1343 358 Ναβατέας.
1379 309 1608 357 Neque-enim
1631 309 1675 344 iis
1691 309 1728 345 in

167 371 253 406 locis
269 371 427 406 Nabatea
442 370 528 413 ulla,
544 370 613 405 nisi
628 370 740 406 fallor.
763 368 966 406 Nabathaea
981 369 1137 415 quidem,
1154 369 1227 404 sive
1239 369 1418 404 Nabataea
1427 395 1436 411 ,
1451 367 1601 403 Arabiae
1616 366 1727 402 felicis

166 428 264 475 regio
281 431 350 471 est,
372 429 432 463 aut
447 427 479 462 ei
495 430 585 462 certe
601 427 780 474 proxima,
802 417 868 462 hoc
891 428 945 461 est
958 425 1121 461 Petraeae
1137 437 1228 472 pars.
1268 425 1381 468 Quare
1405 437 1476 461 non
1499 424 1620 459 dubito
1641 425 1727 470 quin

167 484 324 520 Batanea
343 483 410 520 hoc
429 485 507 519 loco
529 484 717 530 legendum
739 485 796 521 sit.
845 483 940 527 Quae
962 485 1015 518 est
1030 482 1154 528 Syriae
1177 484 1274 528 regio
1297 483 1524 528 Palmyrenae
1550 482 1666 516 vicina
1694 485 1728 516 et

165 541 334 585 Paneadi3
348 541 504 584 Ptolem„
521 541 640 588 Steph.
657 541 825 576 Βατανέαν
849 539 994 576 συνοικία
1011 539 1146 586 Συρίας,
1163 539 1183 583 ἡ
1201 539 1254 573 καὶ
1271 539 1418 574 Βατανέα
1433 538 1558 579 ἑνικῶς.
1581 539 1677 574 Adde
1693 543 1729 574 et

166 599 203 635 iu
219 599 275 646 Og
296 609 404 646 regno
427 598 546 634 fuisse.
582 599 669 634 Hinc
691 610 754 646 pro
777 610 818 634 eo
835 597 926 645 quod
939 597 1088 632 Hebraei
1107 596 1298 643 Graecique
1315 597 1370 643 Og
1391 607 1510 643 regem
1526 596 1643 632 Basau
1667 607 1727 643 ap·

166 656 315 704 pellant,
331 655 527 691 Chaldaeus
543 658 656 716 Jahn
672 655 792 699 habet,
809 654 902 703 quod
916 654 959 690 ad
972 653 1148 689 Bataneae
1161 654 1370 689 vocabulum
1387 654 1535 696 accedit,
1553 657 1593 688 nt
1607 653 1651 688 ad
1665 666 1726 690 ιιι.

167 714 235 751 Ios.
251 713 386 749 Masius
402 713 573 748 observat.
610 714 648 748 Iu
672 714 793 749 eodem
816 712 1014 748 Baeanitico
1037 714 1149 747 tractu
1166 711 1233 746 fuit
1248 715 1282 745 et
1297 711 1401 746 Edrai
1416 715 1576 754 ’νῆ-τινι,
1596 708 1727 746 Graece

167 768 291 819 'A8pa2‘.
327 770 440 814 Quam
457 770 584 806 Adram
600 770 744 807 Ptolem.
761 773 862 818 putat
875 769 968 805 idem
983 769 1127 805 Masius.
1163 768 1259 811 Quae
1275 769 1310 803 in
1328 768 1528 817 Coelesyria
1544 779 1564 803 a
1580 768 1726 804 Ptolom.

165 831 376 864 numeratur.

256 885 297 921 N.
314 897 413 921 xvm.
445 885 529 926 Τοὺς
547 884 582 920 δὲ
599 886 767 932 προφήτας
784 884 916 932 λέγουσι
932 882 1115 928 συνέσεως]
1152 882 1404 928 intelligentiae
1428 882 1631 928 prophetas,
1657 895 1727 918 non

165 943 319 978 veritatis
341 943 533 990 appellatos
561 942 638 978 ideo
663 942 881 984 crediderim,
910 941 1003 988 qnod
1029 940 1170 975 tametsi
1189 950 1306 975 rernm
1329 940 1579 974 altissimarum
1602 941 1728 975 intelli-

166 1001 285 1048 gentia
300 1002 417 1036 essent
439 1000 678 1046 sapientiaque
694 999 855 1047 praediti,
870 1009 942 1035 non
958 1001 1076 1034 tamen
1090 997 1273 1032 mendacio
1290 997 1387 1032 omni
1403 997 1584 1031 caruerint.

255 1056 296 1093 N.
318 1069 390 1093 ιιι.
425 1053 548 1091 Ἦλθεν
570 1054 720 1100 Ἰωάννης
742 1054 774 1091 ἐν
797 1054 895 1103 ὁδῷ.]
939 1055 1032 1091 Haec
1061 1055 1183 1098 verba,
1208 1052 1240 1088 ἕν
1263 1052 1333 1100 ὁδῷ
1357 1054 1576 1097 δικαιοσύνης,
1600 1055 1655 1089 vel
1683 1055 1727 1090 ab

165 1114 358 1162 Epiphanio
374 1114 520 1157 inserta,
538 1115 591 1149 vel
607 1114 823 1149 librariorum
838 1113 922 1148 vitio
939 1113 1074 1148 intrusa
1089 1116 1180 1148 sunt.

257 1171 298 1207 N.
315 1182 375 1208 xx.
401 1171 563 1218 Παρθένος
581 1170 616 1205 δὲ
633 1170 671 1205 οὖ
689 1170 860 1215 καλεῖται]
895 1169 981 1205 Vide
1005 1170 1147 1205 omnino
1172 1179 1261 1216 quae
1277 1168 1410 1203 erudite
1428 1168 1471 1203 ad
1488 1168 1586 1203 illum
1603 1168 1727 1203 Esaiae

167 1230 283 1265 locum
301 1228 439 1264 disserit
454 1229 592 1264 Hieron.
617 1228 658 1263 de
674 1239 758 1263 voce
782 1207 939 1272 flnby,
955 1227 990 1262 in
1008 1238 1077 1274 qua
1093 1226 1299 1262 calumniari
1315 1225 1433 1260 Iudaei
1449 1226 1572 1260 solent.
1609 1225 1678 1260 Sed
1694 1231 1728 1260 et

165 1285 318 1321 Basilius
335 1285 378 1321 ad
394 1298 454 1321 vu.
471 1285 551 1322 Esa.
571 1285 692 1320 eodem
715 1288 921 1331 argumento
943 1284 1108 1319 adversus
1125 1284 1271 1319 Iudaeos
1295 1283 1402 1318 utitur
1422 1294 1491 1329 quo
1509 1282 1724 1330 Epiphanius

164 1343 344 1379 Ebionitas
356 1343 542 1389 redarguit.
567 1342 676 1385 Quod,
692 1342 761 1378 nisi
775 1342 963 1389 parituram
977 1341 1147 1388 virginem
1159 1340 1328 1388 propheta
1339 1339 1584 1386 significasset,
1599 1340 1729 1375 frustra

165 1404 333 1448 tanquam
349 1400 489 1447 signum
506 1400 591 1435 illud
607 1400 722 1447 ipsum
737 1400 811 1446 regi
827 1399 1081 1435 denunciasset.

256 1456 313 1499 Ὧς
329 1457 383 1492 καὶ
401 1457 498 1498 αὐτὸς
515 1453 680 1502 Ἠσαίας]
715 1457 813 1492 Hunc
835 1455 959 1491 Esaiae
979 1457 1111 1500 locum,
1135 1466 1239 1503 quem
1263 1454 1305 1490 de
1322 1454 1448 1490 Christi
1471 1454 1604 1490 domini
1622 1466 1725 1501 gene-

165 1515 299 1551 ratione
323 1525 364 1550 ac
387 1518 628 1571 sargosanctae
643 1514 798 1561 Virginis
822 1517 922 1561 partu
944 1514 1109 1560 intelligit
1123 1512 1355 1560 Epiphanius,
1383 1511 1503 1547 Patres
1532 1524 1654 1548 omnes
1682 1514 1726 1547 ad

166 1572 358 1620 spiritalem
374 1572 540 1608 ecclesiae
556 1577 694 1619 partum
709 1571 880 1614 referunt,
897 1582 986 1618 quae
1003 1571 1077 1606 sine
1093 1571 1164 1606 ullo
1178 1570 1295 1605 dolore
1310 1581 1399 1617 pene
1416 1574 1595 1605 momento
1611 1570 1727 1605 infini-

166 1633 221 1665 tos
234 1628 368 1665 Christo
383 1628 475 1665 filios
491 1629 623 1677 peperit
639 1629 796 1676 paritque
813 1629 977 1676 quotidie.
1001 1628 1054 1664 Ita
1070 1628 1111 1664 D.
1121 1628 1275 1670 Hieron„
1291 1627 1528 1663 'theodoretus
1538 1655 1546 1670 ‚
1564 1627 1726 1674 Cyrillus,

165 1686 292 1723 Euseb.
307 1687 368 1724 lib.
384 1699 405 1723 1.
423 1686 555 1723 Eccles.
573 1686 662 1722 Hist.
680 1697 755 1734 cap.
769 1698 814 1722 tv.
824 1713 832 1728 ‚
848 1686 975 1732 aliique
991 1685 1198 1731 complures.

256 1743 312 1785 Ὧς
329 1744 382 1779 καὶ
398 1742 551 1791 Ἱερεμίας
567 1743 638 1791 περὶ
654 1743 784 1788 αὐτοῦ]
818 1742 939 1790 Neque
962 1742 1018 1778 hic
1040 1743 1137 1778 locus
1154 1742 1198 1777 ad
1214 1741 1388 1777 Christum
1404 1743 1543 1790 proprie
1559 1742 1725 1789 pertinet:

166 1801 306 1838 tametsi
322 1801 482 1849 plerique
503 1800 568 1837 PP.
585 1800 628 1836 ad
652 1811 731 1836 eum
754 1811 895 1836 sensum
919 1800 1108 1843 traxerint,
1135 1810 1225 1846 quos
1246 1798 1464 1846 reprehendit
1484 1799 1725 1845 Hieronymus.

166 1858 273 1895 Cuius
295 1857 435 1906 quidem
457 1858 749 1906 interpretationis
773 1869 916 1893 causam
940 1858 1057 1893 attulit
1079 1868 1191 1892 nxxu.
1213 1857 1332 1891 lectio:
1358 1857 1418 1903 qui
1441 1857 1486 1891 ab
1510 1856 1667 1892 Hebraeo
1692 1862 1727 1892 et

164 1916 316 1963 Vulgata
330 1915 536 1963 discrepant.
571 1915 660 1950 Nam
683 1915 852 1951 Hebraica
873 1926 942 1950 vox
959 1918 1071 1955 '0¹¹an
1089 1914 1332 1957 inscrutabile,
1355 1914 1428 1948 sive
1450 1913 1664 1961 desperabile
1681 1915 1726 1950 si-

164 1971 318 2019 gnificat.
349 1972 460 2008 Atilii
481 1962 597 2014 urb&
607 1999 616 2015 ,
631 1971 697 2008 hoc
713 1975 767 2007 est
782 1972 876 2007 Immo
893 1973 1062 2018 legerunt.

254 2029 296 2064 N.
312 2041 386 2065 xxr.
412 2029 473 2063 Koa
491 2031 540 2076 τῷ
557 2029 751 2077 βουλομένῳ
767 2029 824 2069 τὰς
840 2029 978 2076 χεῖρας]
1003 2028 1086 2075 Leg.
1104 2030 1154 2076 τῷ
1171 2027 1215 2076 μὴ
1233 2028 1438 2076 βουλομένῳ.

253 2085 295 2122 N.
310 2098 406 2123 xxiv.
430 2085 532 2121 Πάλιν
549 2085 584 2122 δὶ
601 2084 619 2121 ὃ
636 2085 762 2131 αὐτός]
795 2087 892 2122 Hanc
908 2086 1047 2122 Ioannis
1063 2085 1260 2129 historiam,
1285 2097 1391 2133 quam
1414 2098 1436 2122 a
1451 2086 1642 2134 Polycarpo
1667 2098 1723 2122 ac-

163 2146 318 2191 ceperat,
338 2143 445 2180 refert
466 2144 553 2179 Iren.
569 2144 630 2180 lib.
643 2155 695 2181 ιιι.
713 2154 789 2191 cap.
803 2155 872 2187 ιιι,
895 2147 931 2179 et
945 2143 1070 2179 Euseb.
1087 2144 1146 2179 lib.
1160 2156 1211 2179 ιιι.
1227 2144 1316 2180 Hist.
1334 2155 1407 2191 cap.
1421 2156 1479 2179 xx.
1520 2143 1589 2179 Sed
1606 2143 1724 2180 Cerin-

162 2199 280 2247 thum,
301 2212 373 2237 non
387 2201 574 2244 Ebionem,
597 2200 809 2237 haereticum
824 2201 924 2236 illum
939 2201 1048 2236 fuisse
1065 2202 1286 2236 consentiunt
1302 2213 1434 2237 omnes.
1467 2200 1579 2244 Quare
1598 2214 1723 2248 μνημο-

165 2257 253 2293 νικὴν
269 2261 324 2293 est
339 2256 476 2305 σφάλμα
490 2257 676 2305 Epiphanii
689 2259 811 2294 nostri.

254 2314 296 2350 Ὃ
313 2314 347 2350 δὲ
363 2313 558 2362 Ὀλεάριος]
587 2315 677 2362 Ergo
695 2316 842 2351 olearius
860 2316 1052 2363 appellatus
1070 2320 1123 2351 est
1139 2316 1426 2352 vestimentorum
1443 2320 1560 2352 custos
1571 2343 1580 2359 ‚
1597 2315 1724 2363 ἱματιο-

165 2371 283 2419 φύλαξ.
318 2372 373 2408 An
395 2371 487 2407 idem
509 2375 544 2407 et
565 2372 681 2408 oleum
700 2373 890 2420 praebebat
911 2376 946 2408 et
959 2373 1170 2409 vestimenta
1192 2374 1374 2410 servabat?
1410 2374 1464 2409 An
1487 2371 1655 2420 σπολίριον
1676 2375 1724 2410 le·
1780 2399 1789 2408 .

163 2430 340 2477 gendum?
374 2429 464 2465 Nam
481 2434 516 2464 et
530 2427 746 2476 ἀποδυτήριον
762 2429 884 2466 Latine
899 2432 1111 2478 spoliarium.
1135 2431 1174 2466 Iu
1190 2431 1307 2467 Veteri
1321 2431 1412 2466 Lex:
1439 2431 1619 2477 spoliaria
1636 2439 1723 2467 exte-

162 2490 272 2522 riores
288 2487 479 2522 balneorum
497 2488 652 2523 cellulae.

253 2543 294 2579 N.
307 2555 389 2579 xxv.
406 2542 577 2592 Βαρνάβαν
590 2542 625 2578 δὲ
638 2542 906 2591 μετακληθέντι]
930 2543 1110 2580 Barnabas
1127 2544 1315 2591 prophetae
1329 2545 1383 2580 vel
1399 2544 1599 2592 prophetiae
1611 2546 1723 2582 filium

163 2611 285 2636 sonare
308 2600 452 2636 videtur.
489 2601 558 2636 Sed
579 2611 601 2636 a
623 2600 766 2647 Syriaca
787 2611 871 2635 voce
894 2605 974 2642 8³:
997 2601 1176 2636 deducitur
1201 2612 1289 2648 quae
1313 2606 1366 2637 est
1383 2604 1564 2638 consolari.
1599 2603 1722 2651 ltaque

165 2657 274 2704 Syrus
290 2657 452 2705 Paraphr.
470 2661 635 2699 &wan-t
652 2661 746 2698 κήξ,
761 2657 918 2694 reddidit.

253 2713 354 2749 Παντὶ
376 2714 461 2762 δέτῳ
484 2714 584 2759 δῆλόν
607 2712 702 2758 ἐστι]
751 2713 886 2758 Cittim,
913 2714 970 2749 vel
992 2715 1119 2758 Cetim,
1141 2715 1282 2750 nomine
1304 2715 1449 2764 Cyprios
1470 2719 1721 2765 propemodum

164 2782 285 2807 omnes
299 2771 512 2818 intelligunt.
537 2771 607 2807 Sed
622 2775 657 2806 et
667 2772 875 2806 Macedones
892 2771 1012 2806 eadem
1023 2783 1107 2806 voce
1123 2772 1366 2820 comprehendi
1376 2778 1511 2820 putant.
1535 2775 1628 2811 Sane
1645 2777 1720 2823 qui-

164 2829 243 2864 dem
259 2827 387 2864 Citium
403 2829 569 2876 oppidum
583 2828 808 2864 Macedoniae
825 2827 909 2871 fuit,
925 2828 1016 2875 apud
1031 2828 1104 2864 Liv.
1120 2830 1143 2866 l.
1156 2829 1211 2864 42.
1237 2829 1327 2872 Quin
1343 2835 1377 2866 et
1393 2831 1524 2868 Cilicia.
1548 2832 1647 2875 Quod
1663 2845 1720 2869 ve-

163 2886 236 2921 rius
258 2886 417 2921 nonnulli
437 2887 668 2933 suspicantur.
702 2885 881 2920 Postremo
896 2885 1044 2920 Romam
1066 2889 1171 2932 atque
1186 2886 1321 2923 Italiam
1338 2889 1459 2924 eodem
1474 2890 1534 2925 illo
1549 2891 1719 2927 vocabulo

164 2942 448 2989 complectuntur.
484 2942 571 2978 Mihi
593 2943 772 2990 probabile
788 2942 924 2977 videtur
940 2942 1068 2985 Cetim,
1090 2946 1151 2978 aut
1166 2943 1316 2981 Citiaeos
1337 2947 1474 2993 proprie
1491 2946 1614 2983 Cilicas
1631 2960 1718 2991 esse,

165 3002 202 3036 et
217 2999 261 3035 ab
276 2999 320 3035 iis
334 3004 545 3046 propagatos
557 2999 714 3047 Cyprios.
739 2999 829 3035 Nam
842 2999 935 3035 Getis
949 3003 982 3035 et
995 2999 1085 3036 Gitia
1097 2999 1236 3037 Ciliciae
1250 3003 1412 3049 regiones
1429 3004 1516 3040 duae
1532 3009 1613 3040 sunt
1628 3006 1720 3052 apud

165 3056 254 3092 Ptol.
281 3055 381 3099 Quod
396 3061 515 3093 autem
527 3067 590 3104 per
606 3057 758 3104 Cyprum
774 3061 835 3092 aut
850 3056 1007 3094 Ciliciam
1023 3057 1148 3094 Graeci
1162 3058 1379 3108 Romanique
1393 3061 1431 3097 in
1446 3061 1584 3109 Syriam
1599 3073 1641 3098 ac
1655 3063 1720 3099 Pa-
