2008 3294
363 213 488 255 ccxn

362 334 486 359 menus
502 321 628 357 falsam
643 321 783 356 illorum
799 320 1034 357 coniecturam
1048 321 1246 367 redarguat.
1293 319 1361 362 Qui
1374 320 1579 356 instituendi
1593 320 1850 368 poenitentiarii
1865 332 1919 356 sa-

363 380 511 415 cerdotis
529 389 671 414 caussas
689 378 889 425 disputans:
922 377 1099 425 (Doprtiov,
1116 379 1182 420 ait,
1200 376 1233 418 ἐξ
1249 376 1351 424 ἀρχῆς
1367 379 1436 418 τοῖς
1451 376 1584 425 ἱερεῦσιν
1600 375 1719 424 ἔδοξεν,
1744 375 1789 418 ὡς
1810 376 1845 412 ἐν
1867 378 1918 412 θε-

362 436 452 483 άτρῳ
469 435 532 470 ὑπὸ
551 434 689 482 μάρτυρι
704 437 753 482 τῷ
766 434 882 479 πλήθει
897 436 953 479 τῆς
969 433 1142 479 ἐκκλησίας
1158 432 1214 474 τὰς
1231 433 1390 481 ἁμαρτίας
1402 432 1619 481 ἐξαγγέλλειν.
1643 434 1866 482 Πρεσβύτερον
1883 434 1919 470 δὲ

361 496 427 527 τῶν
446 491 562 539 ἄριστα
577 491 817 538 πολιτευμένων
834 490 993 539 ἐχέμυθόν
1009 503 1043 526 τε
1059 492 1113 526 καὶ
1129 489 1276 538 ἔμφρονα
1291 489 1343 525 ἐπὶ
1358 493 1458 525 τοῦτο
1473 490 1658 539 τετάχασιν,
1675 488 1704 539 ᾧ
1717 490 1758 536 δὴ
1770 493 1919 538 προςιόν·

361 561 411 589 τες
429 548 458 583 οἵ
473 548 697 596 ἡμαρτηκότες
714 547 755 583 τὰ
771 548 951 596 βεβιωμένα
966 547 1176 596 ὡμολόγουν·
1193 546 1211 582 ὁ
1237 546 1271 582 δὲ
1287 547 1368 594 πρὸς
1389 547 1448 592 τὴν
1469 547 1606 583 ἑκάστου
1630 548 1807 595 ἁμαρτίαν,
1831 548 1867 595 8,
1888 560 1919 583 τι

361 605 426 653 χρὴ
444 608 576 650 ποιῆσαι
591 607 612 650 ἢ
629 605 750 640 ἐκτῖσαι
766 603 923 652 ἐπιτίμιον
939 605 1001 646 θεὶς
1018 605 1156 651 ἀπέλυε,
1181 604 1270 652 παρὰ
1291 606 1384 651 σφῶν
1401 604 1509 640 αὐτῶν
1525 604 1583 650 τὴν
1599 605 1730 652 δίκηνῑ)
1752 604 1919 652 εἶςπραξα-

362 662 487 710 μένους.
514 663 664 706 Durum,
679 663 812 709 inquit,
828 665 862 697 et
874 663 1122 698 intolerandum
1136 665 1234 697 initio
1250 663 1445 697 sacerdotes
1460 674 1530 697 eece
1545 664 1760 705 iudicarunt,
1776 666 1827 698 cic
1843 668 1919 698 tao·-

361 733 460 767 quam
483 722 519 754 in
543 720 695 764 theatro,
715 731 782 766 pro
805 721 969 755 ecclesiae
991 723 1093 755 coetu*
1109 732 1152 754 ac
1174 722 1336 754 concione
1345 725 1497 766 peccata
1507 723 1752 766 pronunciare.
1801 719 1919 760 Quaere

355 778 589 824 presbyterum
605 778 770 823 quendam
785 783 987 812 secretorum
1005 783 1154 812 tenacem
1171 788 1214 812 ac
1225 778 1426 823 prudentem
1449 778 1481 811 es·
1493 779 1626 811 muneri
1634 782 1919 824 praeposuerunt,

362 836 412 869 ad
431 847 524 881 quem
542 841 745 881 peccatores
767 835 928 870 adeuntes
947 837 1040 869 vitae
1055 846 1138 869 suae
1160 845 1267 869 noxas
1290 839 1512 880 exponerent:
1535 839 1575 868 at
1593 835 1654 868 ine
1669 847 1739 880 pro
1763 837 1919 881 cuimque

355 897 502 938 peccato
519 894 659 927 meritas
669 903 800 938 poenas
814 892 971 937 infliqens
987 892 1190 933 dimittebat,
1215 903 1289 926 cum
1305 904 1328 925 a
1344 893 1466 938 seipsis
1481 892 1564 927 illae
1578 893 1774 936 e-ceyiaaent.
1818 890 1919 933 Quae

362 949 548 984 Sozomeni
569 949 675 984 verba
694 948 873 996 publicum
896 948 982 983 illud
1005 948 1194 984 confitendi
1215 958 1327 994 genus
1351 948 1502 983 alienum
1523 958 1546 982 a
1564 947 1738 983 maiorum
1758 947 1919 983 instituto

362 1010 396 1041 et
411 1017 432 1041 a
446 1005 704 1053 poenitentiarii
717 1006 810 1040 illius
826 1004 942 1041 officio
957 1005 1139 1052 perspicue
1155 1004 1363 1052 significant.
1410 1004 1480 1040 Sed
1494 1005 1622 1040 mirum
1638 1015 1745 1051 quam
1760 1003 1845 1040 haee
1859 1006 1919 1040 ab·

362 1063 465 1099 surde
480 1063 598 1099 Latini
613 1069 751 1099 autores
766 1062 982 1109 interpretati
997 1062 1084 1105 sint,
1107 1063 1167 1109 qui
1190 1073 1209 1097 e
1226 1061 1420 1098 Sozomeno
1437 1061 1527 1098 hane
1541 1061 1724 1098 historiam
1740 1073 1919 1109 expresse-

226 1126 326 1161 μευ.
359 1125 451 1157 runt.
497 1121 588 1156 Nam
610 1119 648 1156 in
671 1120 799 1156 Hister.
815 1119 1003 1166 'tripartita
1025 1119 1146 1156 1ib.xx.
1163 1130 1238 1166 cap.
1251 1131 1358 1154 xxxv.
1382 1119 1432 1154 ita
1455 1119 1623 1167 scriptum
1646 1123 1716 1155 eet:
1753 1119 1920 1160 Quoniam

361 1180 491 1215 omnino
508 1191 571 1214 non
578 1190 730 1224 peccare
746 1178 895 1212 divinum
917 1182 951 1212 et
963 1177 1056 1211 ulo-a
1073 1176 1254 1211 humanam
1274 1182 1435 1211 naturam
1449 1189 1519 1211 eece
1531 1179 1757 1223 aequore-itur,
1767 1188 1918 1224 peccan-

362 1237 448 1271 tibus
472 1242 580 1271 autem
603 1241 636 1270 et
644 1237 889 1281 poenitentiam
911 1234 1086 1279 aqents'bus
1101 1236 1233 1268 veniam
1251 1235 1332 1268 deus
1348 1235 1432 1268 dam·
1440 1236 1640 1280 praecepit5
1663 1236 1723 1280 qui·
1741 1245 1820 1269 vero
1842 1245 1919 1270 con·

352 1296 450 1340 fiteri
464 1295 651 1339 refuqiunt,
674 1294 784 1326 maius
800 1296 1021 1337 peccatorum
1043 1302 1125 1326 onus
1147 1293 1342 1337 acquirunt,
1361 1297 1549 1337 propterea
1571 1293 1678 1325 visum
1699 1298 1748 1327 eet
1769 1294 1920 1338 antiquie

354 1350 589 1397 pontificibus,
609 1354 647 1382 ut
660 1349 799 1383 velutin
816 1347 949 1382 theatro
964 1348 1024 1382 sub
1042 1350 1226 1383 teatimonio
1242 1348 1471 1383 ecclesiastici
1478 1349 1602 1395 popule¹
1617 1349 1744 1383 delicta
1754 1350 1918 1395 pandan-

360 1415 416 1443 tur
431 1413 493 1442 etc.
541 1405 636 1448 Quae
658 1408 740 1440 sunt
755 1404 830 1440 veri
850 1415 974 1439 seusus
996 1404 1220 1448 inanissima,
1244 1415 1284 1440 ac
1308 1415 1378 1440 non
1400 1405 1514 1440 solum
1537 1416 1558 1440 a
1575 1404 1920 1442 Graecis'Sozemeu'i

358 1463 474 1499 verbis
491 1462 693 1505 abhorrent,
715 1462 776 1497 sed
800 1466 836 1496 et
855 1465 1016 1508 pugnant
1030 1462 1108 1508 ipsa
1123 1473 1254 1498 secum.
1302 1461 1416 1504 Quare
1429 1461 1523 1497 haud
1539 1473 1630 1498 vana
1646 1463 1794 1510 suspitio
1810 1463 1918 1499 estli-

358 1521 552 1556 brariorum
564 1520 667 1567 culpa
677 1529 800 1554 vocem
812 1519 966 1565 aliquam
979 1518 1150 1554 excidisse
1158 1546 1167 1562 ,
1180 1522 1284 1565 atque
1295 1519 1345 1554 ita
1355 1519 1607 1555 restituendum
1619 1531 1712 1556 esse:
1730 1520 1919 1567 Propterea

358 1581 465 1613 visum
481 1584 531 1613 est
545 1578 712 1612 molestum
731 1579 880 1623 antiquis
889 1576 1107 1622 pontificibus
1123 1582 1185 1611 etc.
1211 1575 1302 1611 Nam
1319 1576 1450 1624 alioqui
1467 1576 1548 1623 quid
1565 1587 1652 1624 opus
1669 1581 1744 1613 erat-
1758 1575 1918 1625 ἔχέμυθον

359 1635 572 1671 sacerdotem
588 1634 756 1681 deligere,
779 1634 808 1669 si
823 1634 970 1668 velutin
985 1631 1121 1668 theatro
1136 1633 1370 1669 traducendus
1391 1638 1486 1670 esset
1504 1634 1686 1681 poenitens
1709 1638 1743 1670 et
1765 1635 1810 1670 ab
1825 1634 1918 1682 ipso-

358 1698 431 1728 met
446 1697 506 1728 aut
521 1703 543 1727 a
557 1691 735 1727 sacerdote
750 1691 844 1726 illius
861 1694 1003 1738 peccata.
1017 1690 1248 1738 publicanda?

449 1749 545 1792 Quae
561 1760 641 1785 cum
658 1747 909 1784 absurdissima
925 1748 1011 1791 sint,
1036 1751 1072 1782 et
1093 1747 1136 1782 iis
1157 1746 1251 1783 haud
1273 1748 1383 1784 multo
1398 1748 1561 1792 meliora,
1586 1759 1675 1795 quae
1699 1759 1721 1785 a
1742 1749 1919 1786 nonnullis

359 1807 560 1850 afferuntur,
583 1818 648 1842 nos
669 1807 705 1841 in
728 1816 770 1841 ea
790 1804 1026 1841 controversia
1046 1804 1114 1840 duo
1132 1804 1302 1851 quaedam
1319 1805 1525 1841 excutienda
1541 1806 1717 1842 duximus.
1762 1807 1919 1843 Alterum

359 1876 525 1912 quorsum
542 1865 600 1900 ille
616 1863 778 1899 sacerdos
794 1863 992 1906 institutus,
1009 1862 1155 1898 alterum
1170 1866 1341 1909 quatenus
1352 1862 1446 1898 illius
1459 1863 1506 1898 sit
1517 1863 1687 1910 abrogata
1698 1863 1847 1901 ructio.-
1856 1879 1858 1881 ·
1867 1865 1918 1900 Ae

359 1922 400 1956 de
417 1922 569 1957 Socratis
586 1921 670 1964 fide,
688 1921 753 1956 etsi
770 1920 863 1967 quod
880 1919 922 1954 ad
938 1920 1053 1966 ipsum
1070 1919 1278 1955 narrationis
1294 1923 1400 1967 eaput
1415 1921 1556 1964 attinet,
1575 1919 1665 1956 nihil
1680 1920 1747 1957 hoc
1762 1922 1838 1958 loco
1854 1921 1917 1957 du-

358 1978 526 2020 bitemus,
550 1979 722 2025 permulta
744 1982 861 2012 tamen
879 1976 922 2011 ad
937 1975 1117 2012 historiam
1136 1976 1180 2011 ab
1197 1976 1318 2012 eodem
1335 1977 1477 2012 adtexta
1493 1977 1685 2021 credimus,
1702 1981 1741 2014 ut
1755 1977 1917 2014 Novatia-

358 2047 481 2071 norum
498 2041 625 2071 sectam
638 2062 646 2078 ,
663 2035 718 2070 cui
734 2039 808 2069 erat
824 2033 999 2076 addictus,
1016 2033 1222 2068 commentis
1238 2043 1279 2068 ac
1294 2034 1483 2069 mendaciis
1500 2034 1711 2078 sublevaret,
1737 2035 1828 2082 quod
1845 2036 1916 2083 ple-

357 2103 504 2140 rumque
520 2102 687 2140 usurpare
703 2090 893 2127 consuevit.
941 2090 1110 2137 Exemplo
1127 2090 1171 2125 sit
1186 2101 1205 2125 e
1222 2090 1340 2126 multis
1355 2090 1459 2134 illud,
1477 2090 1568 2137 quod
1584 2091 1649 2127 sub
1666 2090 1795 2142 stylum
1812 2092 1915 2128 modo

358 2150 474 2186 subiit.
499 2149 626 2185 Scribit
636 2149 693 2184 ille
707 2148 766 2184 lib.
776 2160 807 2183 v.
821 2146 960 2194 0:922.
974 2146 1164 2182 Caesareae
1176 2146 1212 2182 iu
1227 2146 1446 2194 Cappadocia
1458 2158 1517 2183 eos
1535 2148 1594 2194 qui
1610 2153 1689 2196 post
1706 2150 1916 2196 baptismum

357 2206 577 2254 peccaverint
592 2216 613 2241 a
629 2205 873 2241 communione
890 2204 1003 2247 reiici,
1019 2203 1310 2251 quemadmodum
1328 2203 1513 2240 Novatiaui
1529 2205 1725 2241 instituunt.
1748 2206 1846 2249 Qum!
1863 2209 1917 2243 est

357 2263 682 2307 mendacissimum,
706 2267 745 2298 ut
766 2273 808 2298 ex
828 2261 959 2297 Basilio
982 2261 1127 2308 eiusque
1143 2261 1446 2308 poenitentialibus
1471 2263 1662 2298 canonibus
1685 2263 1804 2311 llquet.
1849 2264 1915 2301 Lo-

359 2322 474 2368 quitur
490 2331 570 2357 vero
588 2320 749 2356 Socrates
765 2319 807 2355 de
824 2318 997 2354 veteribus
1014 2318 1235 2354 ecclesiarum
1252 2319 1396 2353 τοπικῶν
1418 2318 1557 2362 ritibus,
1578 2330 1622 2355 ne
1645 2321 1722 2367 quis
1745 2324 1824 2368 post
1847 2321 1914 2357 Be„

357 2379 426 2414 silii
443 2380 574 2415 obitum
592 2378 691 2413 aliter
708 2376 899 2413 obtinuisse
917 2375 1088 2411 coniiciat.
1134 2374 1313 2411 Eiusmodi
1329 2375 1446 2422 igitur,
1468 2374 1533 2411 hoc
1554 2381 1606 2411 est
1622 2377 1807 2414 confictum
1826 2389 1914 2423 esse,

357 2435 578 2472 vehementer
601 2435 768 2482 suspicor,
794 2432 885 2481 quod
910 2433 976 2468 sub
1000 2432 1273 2468 Novati-norum
1298 2431 1469 2469 duntaxat
1492 2437 1605 2468 ortum
1629 2435 1912 2481 poenitentialem

357 2494 597 2541 presbyterum
622 2492 849 2527 coustitutum
873 2501 949 2526 esse
973 2490 1077 2533 (lixit,
1103 2499 1204 2537 quem
1231 2499 1310 2525 cum
1335 2489 1383 2525 alt
1404 2492 1454 2537 τῷ
1477 2491 1587 2525 κανόνι
1609 2490 1854 2537 προστιθασθαι
1869 2493 1913 2529 ab

358 2550 547 2599 episcopis,
567 2554 655 2585 tecte
672 2548 859 2585 admodum
876 2552 910 2583 et
926 2546 1047 2583 callide
1064 2546 1278 2583 Novatianae
1295 2546 1503 2583 crudelitatis
1518 2546 1613 2583 virus
1630 2548 1790 2592 instillat,
1813 2550 1915 2597 quasi

359 2612 431 2643 tum
455 2606 593 2643 demum
618 2611 730 2642 totum
752 2604 818 2641 hoc
842 2604 1074 2653 poenitentiae
1097 2604 1277 2652 negotium
1300 2604 1536 2652 excogitatum
1558 2603 1662 2640 tuerit
1683 2615 1723 2641 ac
1745 2616 1835 2642 novo
1858 2617 1914 2643 ca·

358 2676 449 2700 none
466 2665 647 2700 sancitum.
695 2662 814 2710 Neque
838 2662 930 2698 euim
953 2666 1046 2698 recte
1063 2652 1118 2709 ’τῷ
1135 2662 1244 2697 κανόνι
1268 2659 1506 2709 προςτιθασθαι
1521 2661 1696 2709 accipiunt
1710 2663 1815 2710 vulgo
1833 2674 1913 2700 cum

358 2720 558 2768 interprete,
582 2725 619 2756 ut
642 2720 687 2756 sit
704 2719 837 2756 Canem·
851 2721 1015 2757 adiicere.
1063 2717 1150 2755 Nam
1175 2718 1318 2755 canonis
1335 2717 1470 2755 decreto
1485 2718 1560 2754 vult
1575 2729 1653 2754 eum
1670 2720 1912 2767 presbyterum

358 2778 569 2813 adiunctum.
618 2776 730 2820 Quare
751 2787 834 2813 mox
859 2777 1013 2824 sequitur
1029 2775 1119 2812 huuc
1145 2785 1313 2812 canonem
1330 2776 1374 2811 ab
1393 2774 1553 2811 omuibus
1575 2775 1652 2812 aliis
1673 2781 1865 2824 receptum,
1891 2787 1912 2814 a

358 2832 558 2871 Novatianis
576 2834 747 2870 duntaxat
763 2834 978 2882 repudiatum
994 2834 1112 2871 fuisse.
1143 2833 1271 2870 Verum
1288 2835 1327 2869 ut
1342 2832 1383 2869 de
1402 2831 1628 2868 iustitutionis
1650 2837 1804 2882 tempore
1826 2833 1911 2871 nihil

358 2902 572 2940 pugnemus,
590 2891 679 2938 quod
698 2891 739 2927 ad
756 2901 931 2927 summam
947 2889 1039 2927 haud
1055 2890 1203 2927 multum
1220 2891 1376 2934 interest,
1399 2889 1466 2933 sie,
1491 2890 1637 2937 opinior,
1654 2892 1827 2939 explicare
1842 2892 1911 2927 ista.

358 2958 555 2997 possumus.
603 2948 690 2984 Cum
708 2948 775 2986 duo
792 2949 883 2997 apud
899 2953 1032 2985 veteres
1050 2953 1182 2993 essent,
1206 2952 1245 2984 ut
1267 2950 1370 2984 antes
1387 2946 1583 2991 docuimus,
1605 2952 1827 2995 peccatorum
1849 2958 1909 2997 ge-

454 3064 485 3109 1)
510 3062 601 3099 Fert.
621 3057 661 3103 sic
680 3059 908 3111 πραξομένους,
