2008 3294
304 219 416 255 XLVI

305 332 459 369 agroque
476 321 663 363 collocata,
686 321 944 367 pronunciavit,
970 332 1043 357 non
1063 324 1144 356 ante
1165 331 1381 356 recessuram
1402 321 1447 357 ab
1469 332 1510 358 ea
1519 324 1735 369 *potestatem
1755 325 1861 369 atque

303 380 489 426 imperium
510 389 550 413 ac
566 377 711 424 reipubl.
734 377 885 413 formam
907 389 1013 425 quam
1035 378 1190 413 Christus
1213 378 1421 416 advenisset.
1466 380 1559 416 Haec
1582 380 1661 426 ipsa
1679 379 1861 426 utriusque

306 437 407 482 regni
422 435 635 482 comparatio
651 446 723 470 11011
737 435 956 471 mediocriter
970 436 1014 470 ad
1028 435 1273 471 illustrandum
1288 436 1465 472 oraculum
1479 436 1566 471 illud
1581 437 1752 483 pertinere
1767 436 1862 485 vide7

304 497 370 529 tur.
417 493 471 528 Ex
488 504 556 539 quo
573 503 790 539 consequens
805 493 911 527 estin
926 493 1124 528 Alexandro
1145 493 1288 527 minime
1309 492 1453 541 fatalem
1473 494 1570 528 illam
1589 493 1727 539 imperii
1749 493 1861 539 digni-

304 554 411 585 tatem
428 561 469 585 ac
486 553 695 596 potestatem
710 549 871 594 desiisse,
887 549 948 585 sed
962 554 1043 597 post
1058 549 1187 585 Christi
1201 549 1419 585 nativitatem
1434 553 1470 585 et
1483 549 1628 585 Herodis
1645 550 1779 585 obitum
1801 561 1862 585 ex-

303 607 419 653 tingui
440 607 614 654 coepisse,
639 607 678 643 in
697 607 916 654 ipso2autem
937 607 1034 643 urbis
1057 607 1192 642 excidio
1214 607 1371 643 funditus
1393 607 1551 644 deletam.
1603 606 1748 643 Caetera
1769 606 1863 654 apud

301 664 496 700 Perrerium
509 668 671 701 nostrum
683 664 803 711 legito.

394 721 526 756 Διέπεσε
541 721 604 770 γὰρ
620 721 641 766 ἡ
657 720 768 769 τάξις.)
813 722 911 764 Quae
930 721 987 757 hic
1009 722 1053 757 ab
1074 721 1268 768 Epiphanio
1296 725 1496 766 narrantur,
1523 732 1637 768 neque
1664 731 1784 757 secum
1804 731 1863 757 co-

303 777 462 823 haerent,
488 790 555 815 nec
570 790 652 815 cum
673 778 838 815 historiae
853 779 921 814 fide
943 779 1175 815 consentiunt.
1220 779 1472 826 Legitimorum
1497 779 1709 826 principum,
1739 779 1799 825 qui
1819 778 1863 814 de

301 836 395 872 tribu
408 836 515 872 Iudae
529 836 745 884 prodierant,
768 837 895 872 seriem
909 837 1126 872 intercidisse
1140 840 1257 883 putat,
1281 847 1350 882 quo
1366 839 1540 882 tempore,
1568 836 1639 871 imo
1663 834 1770 882 ἐξότε,
1796 835 1864 871 1100

302 897 356 929 001
369 898 600 941 posteaquam
615 893 772 930 Christus
787 893 981 930 Bethleemi
1001 897 1105 929 natus
1129 897 1199 939 est,
1226 893 1332 940 idque
1353 893 1419 928 sub
1441 893 1641 942 Alexandro
1663 893 1863 939 contigisse,

303 951 363 998 qui
378 955 576 999 postremus
592 962 639 987 08
652 952 779 988 illustri
795 962 836 987 ac
851 952 948 998 regia
962 952 1023 986 illa
1037 951 1174 986 familia
1192 950 1275 994 fuit,
1298 950 1445 986 Herodis
1467 953 1503 985 et
1524 950 1676 997 Augusti
1700 951 1863 997 tempori-

302 1009 379 1045 bus.
426 1008 523 1052 Quae
539 1010 658 1045 omnia
670 1010 970 1057 perturbatavsunt
984 1012 1020 1044 et
1042 1007 1274 1054 ἀσύγκλωστα.
1319 1008 1439 1044 Placet
1459 1007 1578 1054 itaque
1598 1007 1766 1055 liquidam
1785 1008 1862 1044 illo-

302 1077 380 1101 rum
396 1070 593 1115 temporum
608 1067 779 1102 rationem
794 1078 841 1102 ex
855 1065 1002 1113 Iosepho
1019 1066 1166 1112 aliisque
1183 1066 1354 1112 colligere.

392 1123 515 1160 Simon
528 1123 695 1160 Ionathae
718 1135 758 1160 ac
779 1123 887 1159 Iudae
906 1122 1132 1159 Macchabaei
1153 1122 1260 1158 frater
1279 1122 1472 1158 Ptolemaei
1493 1122 1615 1169 generi
1633 1122 1768 1158 insidiis
1787 1133 1863 1158 mo-

300 1181 388 1216 ritur
402 1191 495 1217 anno
513 1181 726 1218 Graecorum
744 1181 820 1217 177.
841 1182 858 1216 1
872 1180 1006 1217 Macch.
1023 1191 1099 1228 cap.
1114 1191 1186 1222 xvr,
1205 1180 1275 1222 14.‚
1298 1180 1359 1226 qui
1374 1184 1408 1215 et
1423 1180 1623 1215 sabbaticus
1639 1183 1730 1224 erat,
1754 1190 1864 1226 quan-

302 1249 408 1285 quam
423 1238 591 1286 Iosephus
607 1250 699 1275 811110
714 1238 830 1286 priore
844 1238 880 1273 id
896 1238 1064 1273 accidisse
1079 1237 1270 1284 significet,
1287 1237 1370 1272 dum
1384 1240 1466 1284 post
1479 1237 1633 1273 Simonis
1649 1237 1784 1272 obitum
1799 1248 1863 1273 an-

302 1307 388 1331 num
404 1296 642 1340 sabbaticum,
665 1299 702 1331 et
722 1295 864 1342 quidem
879 1295 974 1331 haud
988 1295 1154 1331 mediocri
1173 1294 1372 1338 intervallo,
1401 1295 1557 1342 coepisse
1572 1295 1693 1330 scribit
1706 1294 1768 1332 lib.
1785 1306 1863 1330 xm.

301 1364 377 1401 cap.
395 1366 452 1391 xv.
487 1354 580 1400 Ergo
598 1364 690 1389 anno
705 1353 839 1400 periodi
853 1353 1010 1388 Iulianae
1025 1352 1145 1395 4579„
1167 1362 1289 1387 mense
1303 1364 1370 1395 11„
1393 1351 1460 1387 hoc
1475 1356 1530 1387 est
1545 1351 1694 1396 Sabatia,
1711 1355 1863 1388 exeunte

300 1412 432 1446 scilicet
447 1410 579 1455 hieme,
594 1414 740 1446 necatus
756 1414 820 1446 est.
867 1410 998 1446 Eodem
1015 1420 1106 1445 anno
1123 1409 1291 1445 successit
1304 1409 1452 1444 Ioannes
1467 1409 1648 1455 Hyrcanas
1665 1409 1740 1444 eius
1754 1409 1861 1446 filius.

300 1467 367 1510 Qui
382 1468 523 1515 quidem
539 1479 620 1503 cum
635 1478 747 1503 annos
764 1479 852 1504 8881
866 1468 1088 1514 imperasset,
1110 1467 1256 1503 moritur
1269 1466 1399 1502 relictis
1413 1479 1436 1501 v
1450 1466 1579 1503 liberis.
1609 1466 1774 1502 Succedit
1786 1466 1862 1502 Ari-

300 1526 460 1561 stobulus
475 1529 563 1561 natu
585 1525 779 1569 maximus,
808 1525 868 1572 qui
882 1525 1016 1571 primus
1031 1524 1170 1571 regium
1186 1524 1255 1559 sibi
1269 1523 1430 1559 diadema
1452 1524 1603 1571 sumpsit
1619 1528 1656 1560 et
1675 1534 1768 1560 anno
1789 1535 1862 1560 uno

300 1583 471 1629 regnavit.
517 1582 593 1625 Quo
609 1586 747 1618 mortuo
763 1582 903 1618 Salome
919 1582 1065 1625 coniux,
1093 1592 1200 1628 quam
1216 1580 1342 1617 Graeci
1362 1581 1597 1617 Alexandram
1616 1585 1760 1625 vocant,
1785 1581 1863 1618 Ari-

300 1640 431 1675 stobuli
446 1640 588 1684 fratres,
610 1651 699 1687 quos
711 1640 770 1675 ille
784 1640 822 1675 in
837 1639 985 1675 vinculis
1006 1638 1190 1682 habuerat,
1213 1638 1334 1680 solvit,
1359 1642 1394 1674 et
1408 1637 1599 1674 Iannaeum
1613 1638 1862 1683 Alexandrum,

301 1697 361 1744 qui
387 1701 422 1733 et
445 1701 559 1734 aetate
580 1701 616 1733 et
637 1697 875 1733 moderatione
894 1697 1096 1744 praestabat
1115 1696 1278 1739 caeteris,
1309 1705 1430 1742 regem
1452 1695 1645 1731 constituit.
1689 1695 1865 1743 Regnavit

299 1754 355 1790 hic
370 1765 481 1791 annos
496 1767 614 1799 xxvn,
641 1755 857 1802 moriturque
873 1754 998 1790 aetatis
1014 1765 1106 1789 811110
1122 1765 1198 1798 81..,
1221 1753 1349 1789 10110110
1371 1763 1451 1788 08111
1474 1763 1587 1789 uxore
1599 1753 1803 1789 Alexandra
1821 1753 1864 1789 li·

299 1812 391 1848 beris
409 1812 545 1848 duobus
562 1813 726 1859 Hyrcano
749 1816 786 1847 et
805 1811 1019 1848 Aristobulo.
1065 1811 1111 1848 At
1137 1810 1338 1848 Alexandra
1357 1821 1468 1848 8111100
1483 1822 1522 1847 18
1543 1821 1693 1858 regnum
1714 1810 1865 1847 admiuiss

299 1869 432 1905 stravit.
477 1869 563 1905 Post
577 1870 678 1905 cuius
693 1870 828 1905 obitum
844 1869 949 1906 ambo
964 1869 1089 1905 fratres
1112 1869 1164 1904 ita
1184 1869 1274 1904 inter
1289 1879 1328 1904 se
1351 1871 1603 1912 convenerunt,
1625 1871 1665 1904 ut
1681 1869 1863 1915 Hyr-canus

298 1926 542 1974 pontificatum
554 1930 704 1970 teneret,
719 1926 944 1962 Aristobuius
956 1937 1115 1973 regnum.
1160 1926 1340 1972 Hyrcanus
1353 1936 1531 1962 summum
1542 1925 1774 1961 sacerdotium
1784 1925 1865 1961 iniit

300 1984 398 2020 Coss.
413 1984 599 2020 Hortensio
616 1987 650 2020 01
664 1984 806 2020 Metello
817 2010 826 2027 ‚
842 1983 902 2030 qui
919 1987 972 2019 001
987 1994 1100 2020 annus
1116 1982 1219 2019 Urbis
1242 1993 1399 2020 noxxov.
1444 1982 1485 2018 In
1508 1993 1614 2030 quem
1635 1983 1720 2018 anui
1737 1983 1790 2018 illi
1806 1990 1863 2019 nx

300 2040 447 2088 Iosepho
464 2041 670 2088 singillatim
681 2042 876 2077 enumerati
890 2040 1063 2084 incidunt,
1079 2040 1111 2076 si
1124 2051 1235 2076 unum
1250 2040 1423 2077 duntaxat
1435 2051 1482 2077 ex
1495 2041 1539 2076 iis
1554 2039 1756 2076 inchoatum
1771 2041 1862 2077 acci-

299 2099 388 2146 pias.
434 2098 497 2134 Est
522 2097 578 2134 hic
594 2109 708 2134 annus
728 2109 799 2146 per.
828 2098 983 2134 Iulianae
1008 2097 1127 2142 4645„
1155 2101 1237 2134 ante
1263 2098 1446 2145 vulgarem
1472 2097 1600 2134 Christi
1626 2098 1779 2133 natalem
1793 2097 1861 2143 68„

298 2155 451 2203 Augusti
467 2166 580 2192 annus
594 2156 745 2204 primus,
767 2156 799 2192 si
814 2166 837 2191 a
850 2156 931 2192 Iulii
945 2155 1103 2191 Caesaris
1118 2166 1204 2191 11000
1224 2154 1422 2199 inchoetur,
1445 2155 1572 2191 accidit
1585 2166 1676 2191 anno
1697 2155 1739 2191 U.
1752 2165 1862 2200 ncox,

299 2213 432 2260 periodi
456 2213 612 2249 Iulianae
625 2213 727 2249 4670.
773 2213 920 2249 Herodis
942 2224 1025 2249 vero
1047 2213 1196 2260 primus,
1226 2223 1294 2260 quo
1323 2213 1455 2248 scilicet
1474 2223 1623 2259 regnum
1645 2223 1667 2247 a
1685 2212 1861 2248 ⁴Romanis

299 2274 507 2307 consecutus
521 2274 591 2315 001,
618 2270 763 2307 incurrit
784 2271 821 2306 in
844 2270 1072 2307 Consulatum
1087 2270 1233 2307 Domitii
1252 2269 1390 2306 Calvini
1410 2273 1445 2305 01
1459 2270 1572 2306 Asinii
1586 2269 1770 2314 Pollionis,
1799 2270 1859 2317 qui

256 2360 264 2369 .
298 2331 353 2365 001
374 2329 420 2365 ab
442 2327 484 2366 U.
501 2327 538 2364 C.
554 2328 649 2372 714„
664 2327 795 2376 period.
818 2328 942 2366 Iulian.
966 2327 1087 2372 4674„
1109 2328 1183 2364 sive
1207 2331 1247 2364 ut
1266 2327 1343 2371 alii,
1363 2327 1519 2375 Agrippa
1533 2330 1569 2362 01
1588 2326 1734 2363 Caninio
1747 2327 1859 2372 coss„

298 2396 368 2434 qao
384 2396 476 2422 auno
491 2384 636 2433 pacifice
651 2395 799 2433 regnare
814 2385 946 2433 coepit,
972 2388 1094 2432 estque
1111 2384 1151 2421 U.
1165 2384 1202 2421 C.
1219 2384 1308 2429 717„
1334 2384 1463 2432 period.
1480 2384 1603 2421 Iulian.
1631 2384 1751 2429 4677„
1777 2388 1859 2421 aute

298 2443 481 2490 vulgarem
508 2441 637 2479 Christi
659 2443 812 2479 natalem
827 2443 883 2479 37.
939 2442 1172 2485 Quamobrem
1199 2441 1390 2478 Alexandri
1414 2441 1508 2477 illius
1536 2442 1652 2477 obitus
1678 2445 1732 2478 tot
1756 2442 1859 2478 annis

299 2500 427 2536 Christi
442 2504 576 2544 ortum,
591 2500 662 2536 imo
679 2503 715 2536 01
729 2499 881 2548 Augusti
896 2503 1001 2548 atque
1016 2500 1162 2536 Herodis
1178 2500 1362 2548 imperium
1385 2499 1587 2542 antecessit,
1611 2502 1732 2535 contra
1753 2510 1858 2547 quam

298 2557 513 2605 Epiphanius
528 2558 678 2605 scripsit.
725 2556 816 2594 Nam
831 2557 994 2593 immanis
1017 2554 1257 2606 ἂναχρονισμὸς
1284 2556 1441 2594 resarciri
1463 2560 1640 2603 utcunque
1662 2557 1805 2604 poterit,
1827 2557 1859 2593 si

298 2616 420 2651 luxata
434 2614 520 2652 haec
536 2619 570 2651 et
586 2615 698 2652 alieno
713 2615 792 2652 loco
807 2615 925 2663 posita
938 2614 1085 2659 dixeris,
1108 2613 1196 2656 ἐξότε
1213 2612 1311 2655 αὐτὸς
1333 2618 1397 2651 etc.
1446 2612 1491 2649 Ut
1511 2614 1562 2649 ita
1576 2614 1718 2650 omuino
1739 2614 1858 2662 legen-

297 2672 378 2707 dum
396 2673 457 2708 sit:
505 2672 638 2708 Διέπεσε
654 2670 717 2720 γὰρ
732 2670 753 2718 ἠ
772 2670 858 2714 τάξις
880 2670 969 2714 ἐξότε
985 2671 1083 2714 aethe
1099 2672 1248 2719 γεννᾶται
1263 2669 1295 2706 ἐν
1311 2669 1459 2719 Βηθλεδμ.
1473 2673 1529 2715 τῆς
1545 2669 1704 2712 Ἰουδαίας
1720 2669 1773 2706 ἐπὶ
1787 2673 1857 2712 τοῖς

297 2730 428 2776 χρόνοις
444 2728 597 2776 Ἡρώδου
611 2732 671 2765 τοῦ
688 2729 848 2776 βασιλέως
861 2729 915 2765 καὶ
929 2728 1122 2777 Αὐγούστου
1138 2732 1197 2764 τοῦ
1213 2727 1388 2776 Ῥωμαίων
1408 2726 1659 2775 αὐτοκράτορος·
1707 2728 1761 2764 καὶ
1780 2726 1856 2774 ἔστη

297 2784 348 2820 ἐπὶ
370 2784 585 2834 Ἀλεξάνδρου
606 2790 666 2822 τοῦ
682 2785 748 2822 ἀπο
764 2786 877 2834 γένους
892 2785 1053 2834 ἱερατικοῦ
1074 2786 1127 2821 καὶ
1149 2785 1318 2833 βασιλικοῦ
1339 2783 1394 2832 ἀφ’
1416 2780 1455 2820 οὗ
1477 2783 1692 2832 Ἀλεξάνδρου
1714 2785 1856 2821 διέπεσεν

298 2838 393 2883 οὗτος
410 2841 429 2877 ὅ
445 2842 584 2890 κλῆρος,
609 2842 675 2879 ἀπὸ
691 2844 823 2892 χρόνων
839 2842 946 2880 αὐτοῦ
957 2854 992 2879 τε
1007 2843 1062 2879 καὶ
1074 2842 1254 2888 nanum,
1277 2844 1333 2888 τῆς
1346 2842 1400 2878 καὶ
1412 2840 1626 2890 ’Λλιξάνδρας
1639 2843 1853 2891 καλουμένης.

296 2898 333 2941 ὃς
349 2899 404 2935 καὶ
420 2897 582 2947 διάδημα,
599 2905 663 2937 ete.
709 2901 782 2938 llas
799 2900 940 2949 quidem
954 2901 1088 2938 ratlone
1104 2901 1219 2937 labem
1231 2900 1326 2937 illam
1337 2899 1488 2948 priorem
1500 2900 1725 2945 evitabimus,
1740 2911 1855 2948 neque

297 2956 486 2993 Alexandri
508 2957 643 2994 exitum
666 2968 746 2995 cum
768 2958 898 2995 Christi
919 2962 997 2995 ortu
1018 2958 1271 3006 copulabimus.
1316 2957 1444 2994 Verum
1461 2956 1540 2993 huic
1555 2958 1772 2995 coniecturae
1793 2969 1854 2995 no-

297 3019 389 3051 strae
411 3025 481 3052 nou
503 3014 690 3051 admodum
717 3015 937 3053 confidimus.
983 3015 1118 3064 Quippe
1146 3015 1183 3052 in
1206 3014 1342 3052 haeresi
1361 3026 1408 3052 u.
1431 3014 1552 3051 eadem
1574 3026 1663 3062 pene
1689 3015 1854 3052 historiae

298 3072 456 3120 σύγχυσις
471 3072 516 3109 ab
532 3071 725 3120 Epiphanio
741 3074 897 3121 repetita.
944 3072 1041 3118 Quas
1056 3078 1096 3111 ut
1106 3077 1282 3122 postremo
1297 3072 1504 3120 castiganda
1518 3072 1693 3118 videatur,
1709 3073 1852 3111 illudta·
