2008 3294
1522 209 1723 247 LXXXVII

384 324 438 364 Ex
459 329 574 364 Fastis
600 308 824 377 Capitolonis.
987 310 990 311 ⁷
1009 310 1062 367 ἐκ
1087 333 1291 381 Epiphanio.
1354 335 1408 370 Ex
1423 335 1537 370 Fastis
1554 335 1690 370 Siculis.

184 419 229 456 33
263 420 302 457 L.
319 419 485 473 Licinius
623 422 660 459 L.
679 407 884 469 Calpurnius
976 422 1121 459 Crassus
1138 429 1172 459 et
1187 425 1266 461 Piso
1354 426 1532 462 Getulicus
1563 430 1598 462 et
1631 427 1692 463 Sa-

1397 484 1500 519 binus

185 533 231 570 34
262 536 328 581 Ap.
355 534 464 571 Iulius
492 534 581 571 Sila-
625 536 662 573 P.
680 537 786 572 Silius
802 537 916 573 Nerva
975 537 1139 576 Silvanus
1156 544 1190 574 et
1203 540 1317 575 Nerva
1352 540 1500 576 Crassus
1517 545 1552 577 et
1565 541 1644 577 Piso

310 602 376 627 nus

187 647 229 684 35
266 648 302 684 C.
314 647 494 713 Rubellius
515 648 580 684 Ge·
629 650 665 686 C.
681 651 801 687 Fufius
825 655 860 689 et
877 650 943 691 Ge·
979 652 1118 689 Gemini
1133 653 1200 688 duo
1353 655 1492 691 Silanus
1510 660 1545 691 et
1556 656 1670 692 Nerva

309 716 426 742 nunus
669 709 786 744 minus
876 729 878 732 >

187 761 232 801 36
265 762 492 799 uvinucius
628 765 664 800 C.
689 765 829 831 Cassius
851 765 942 803 Lon·
977 767 1089 805 Rufus
1108 772 1144 804 et
1157 767 1315 805 Rubellio
1353 769 1522 806 Geminus
1561 775 1596 807 et
1628 771 1695 808 Ge·

323 871 326 876 ,
671 833 786 868 ginus.
894 848 896 851 v
1396 828 1511 862 minus

187 875 231 913 37
266 876 342 913 Tib.
354 877 395 913 V.
595 908 599 912 .
629 879 787 928 Seiana&
826 903 834 906 w
943 915 955 936 „-
1078 883 1132 919 ius
1145 883 1316 930 etLongi-
1350 883 1462 919 Rufus
1486 888 1521 919 et
1539 884 1692 920 Rubelli-

825 947 828 950 ⁴
847 940 859 954 ’·
885 988 922 1006 ι
962 961 974 980 1,
993 971 1003 990 ἱ
1020 950 1087 977 nus
1106 938 1248 991 Cassius
1396 952 1463 976 nus

879 1009 948 1091 ,τῷιῖ

801 1154 840 1199 N
861 1154 894 1198 Ο
916 1154 950 1198 Τ
970 1153 1009 1198 Α
1026 1154 1072 1198 Ε.
1757 1174 1784 1199 p.
1797 1167 1838 1193 95.

467 1234 528 1270 AD
551 1233 793 1270 EXCERPTA
815 1232 1156 1270 CONSULATUUM
1179 1230 1413 1268 COLLEGIA.

250 1324 291 1361 In
307 1323 361 1362 his
378 1336 466 1360 coss.
483 1326 623 1372 paribus
638 1326 808 1362 nonnulla
822 1315 905 1362 sunt
921 1324 1162 1362 observatione
1179 1323 1296 1370 digna.

250 1381 291 1420 Iu
307 1395 354 1419 v1.
371 1381 586 1430 Epiphanius
601 1383 764 1419 Pisonem
780 1396 817 1420 u.
835 1383 1013 1420 consulem
1029 1381 1209 1423 adscribit,
1227 1381 1319 1429 quod
1336 1392 1447 1427 neque
1465 1381 1500 1416 in
1514 1380 1719 1428 Capitolinis

162 1450 275 1486 neque
296 1439 333 1478 in
356 1439 484 1475 Siculis
509 1440 664 1477 additum
685 1444 754 1484 est3
775 1440 838 1477 sed
857 1440 900 1477 ad
924 1439 1030 1476 Gnaei
1051 1439 1223 1475 duntaxat
1243 1438 1380 1473 Pisonis
1403 1438 1639 1480 consulatum,
1663 1439 1723 1485 qui

164 1507 256 1533 anuo
273 1497 368 1533 urbis
385 1508 568 1534 nccxnvn.
586 1498 758 1535 convenit.
789 1497 838 1533 Ac
855 1497 989 1534 videtur
1005 1508 1049 1532 ex
1066 1508 1107 1532 eo
1124 1499 1227 1532 natus
1243 1507 1337 1531 error
1353 1495 1446 1543 quod
1463 1495 1549 1530 alter
1566 1495 1722 1530 eiusdem

163 1553 314 1594 nominis
329 1553 368 1590 L.
385 1553 592 1602 Calpurnius
610 1555 688 1591 Piso
706 1551 1028 1592 Caesoninus-anno
1045 1553 1085 1590 U.
1102 1553 1140 1589 C.
1157 1563 1352 1591 nccxxxix.
1370 1552 1483 1587 fuerit.
1524 1551 1592 1588 Sed
1607 1553 1665 1588 ille
1682 1552 1720 1589 L.

162 1611 274 1656 filius,
290 1615 407 1649 noster
421 1611 477 1648 hic
490 1623 570 1649 vero
587 1611 694 1649 Gnaei
709 1613 843 1651 dicitur.
1028 1605 1037 1610 ’

252 1670 294 1707 In
315 1682 374 1706 vu.
398 1670 581 1707 consulatu
601 1681 782 1718 perperam
803 1669 896 1718 apud
917 1669 1152 1717 Epiphaniam
1172 1667 1208 1704 L.
1233 1667 1358 1703 Caesar
1381 1679 1442 1715 pro
1463 1666 1546 1702 Caio
1569 1668 1723 1714 positum

164 1730 227 1766 est.
258 1721 347 1764 Nam
362 1727 490 1764 Lucius
507 1727 582 1763 eius
597 1727 702 1764 frater
718 1739 789 1783 cos.
806 1727 1026 1774 designatus,
1049 1730 1235 1773 antequam
1255 1726 1500 1773 magistratum
1520 1725 1638 1767 iniret,
1663 1736 1722 1760 ex-

163 1785 291 1821 tinctus
308 1788 372 1823 est.

252 1842 293 1878 In
310 1855 344 1879 x.
361 1841 458 1877 Fasti
473 1841 581 1878 Siculi
597 1846 631 1877 et
646 1841 860 1890 Epiphanius
878 1842 1016 1878 Aelium
1033 1840 1157 1876 Catum
1174 1844 1210 1876 et
1221 1840 1448 1877 Saturninum
1462 1835 1722 1886 praeterierunt.

164 1899 233 1938 Sed
252 1902 289 1936 et
311 1899 440 1942 frustra
461 1899 552 1946 apud
575 1898 807 1947 Epiphanium
829 1900 979 1945 Magnus
1007 1898 1192 1946 Pompeius
1220 1910 1299 1934 cum
1326 1898 1464 1933 Valerio
1493 1897 1721 1944 componitur.

162 1957 243 1994 Fuit
257 1957 353 1997 enim
366 1957 396 1992 is
414 1955 525 1993 Cinna
540 1957 710 2003 Magnus,
727 1968 797 1997 non
813 1957 1011 2004 Pompeius.

252 2014 292 2051 In
317 2026 378 2052 111·
393 2013 515 2049 vitium
539 2014 677 2061 irrepsit
698 2015 826 2060 partim
849 2025 892 2051 ex
915 2013 1060 2049 suffecto
1084 2026 1155 2049 cos,
1177 2013 1291 2049 Atteio
1315 2012 1498 2060 Capitone,
1528 2013 1654 2059 partim
1678 2024 1723 2047 ex

163 2071 348 2108 consulatu
363 2083 435 2108 x1x.
477 2070 564 2107 Cum
586 2071 680 2106 enim
699 2082 791 2107 anno
814 2071 916 2107 Urbis
934 2082 1115 2108 nccnxvu.
1133 2083 1221 2107 coss.
1243 2071 1384 2106 fuerunt
1399 2070 1556 2105 Tiberius
1582 2083 1618 2106 11.
1636 2073 1670 2104 et
1686 2069 1723 2104 C.

161 2128 326 2169 Fonteius
344 2127 484 2176 Capito,
504 2139 596 2164 anno
612 2139 693 2164 vero
710 2139 855 2165 noenu.
877 2128 1044 2164 suffectus
1066 2129 1170 2164 fuerit
1190 2128 1330 2176 Capito,
1355 2128 1415 2174 qui
1429 2127 1552 2162 Fastos
1572 2127 1723 2162 Graecos

163 2185 405 2229 condiderunt,
422 2185 626 2233 Capitonem
642 2197 704 2232 pro
721 2186 894 2228 ordinario
912 2193 1135 2222 numerantes
1151 2198 1230 2222 cum
1246 2186 1323 2222 Tib.
1342 2185 1489 2221 Caesare
1505 2185 1721 2231 copularunt.

253 2243 291 2286 In
301 2255 372 2280 xix.
385 2243 567 2279 consulatu
575 2242 672 2279 Fasti
683 2242 977 2281 SiculiTiberium
985 2243 1167 2280 Caesarem
1180 2257 1218 2280 11.
1232 2247 1267 2278 et
1279 2243 1479 2290 Scipionem
1493 2242 1722 2283 committunt,

162 2299 375 2350 Epiphanius
391 2299 555 2349 Flaccum
577 2304 611 2335 et
630 2299 806 2346 Silanum,
830 2301 889 2349 qui
913 2313 990 2337 esse
1012 2301 1132 2337 debuit
1154 2301 1356 2336 consulatus
1373 2312 1487 2342 xxva,
1511 2311 1602 2334 anno
1620 2298 1721 2332 Urbis

163 2368 346 2396 nccnxxu.
377 2357 472 2393 Idem
488 2357 701 2405 Epiphanius
717 2357 904 2395 Sextorum
925 2358 1073 2395 duorum
1095 2358 1281 2405 collegium
1305 2360 1524 2393 antevertens
1547 2359 1721 2402 expuncto

164 2415 241 2454 Silii
255 2418 290 2451 et
303 2413 423 2451 Planci
444 2415 627 2451 consulatu
649 2414 821 2451 decimum
843 2415 1004 2462 quintum
1024 2426 1045 2451 a
1066 2427 1156 2452 coss.
1174 2416 1333 2462 Augusto
1351 2427 1427 2450 x111.
1446 2416 1480 2448 et
1496 2413 1615 2448 Silano
1633 2423 1722 2446 coss.

163 2473 262 2523 ponit
277 2472 498 2514 consulatum
512 2472 628 2515 illum,
651 2483 732 2507 cum
747 2484 818 2508 xvi.
835 2483 911 2508 esse
927 2472 1093 2509 debuerit.
1125 2473 1214 2509 Tum
1230 2485 1302 2508 xv1.
1317 2471 1403 2506 facit
1423 2470 1627 2518 Pompeium
1648 2469 1723 2504 Ma-

164 2541 274 2578 gnum
297 2533 332 2565 et
345 2529 630 2577 Apuleium,'qui
653 2540 733 2564 cum
755 2529 990 2576 superioribus
1011 2529 1115 2565 iidem
1137 2540 1212 2564 esse
1229 2529 1398 2564 videntur.
1433 2527 1524 2562 Nam
1545 2539 1564 2562 e
1588 2526 1722 2562 duobus

164 2587 282 2624 Se'xtis
303 2587 388 2623 alter
403 2585 589 2635 Pompeius
605 2585 740 2632 Nepos,
763 2586 851 2622 alter
865 2586 1032 2633 Apuleius
1047 2585 1164 2633 Nepos
1186 2586 1379 2633 appellatus
1402 2589 1466 2621 est.
1510 2583 1610 2626 Quod
1631 2583 1722 2619 idem

163 2645 287 2680 vitium
301 2644 340 2680 in
353 2643 468 2690 Fastis
483 2643 609 2679 Siculis
625 2643 786 2679 cernitur.

253 2701 298 2738 In
311 2713 398 2741 nu.
413 2712 476 2748 pro
493 2700 623 2735 Brutus
638 2700 731 2746 apud
745 2698 868 2746 Epiph.
884 2703 920 2735 et
933 2699 1070 2736 Siculos
1085 2699 1208 2735 Fastos
1225 2699 1336 2735 scribe
1353 2699 1496 2734 Drusus.

254 2757 425 2805 Deinceps
442 2768 552 2804 usque
567 2757 612 2793 ad
627 2769 761 2793 xxxvn.
778 2758 999 2792 consulatum
1015 2757 1111 2792 Fasti
1126 2756 1234 2792 Siculi
1249 2767 1319 2791 uno
1339 2766 1430 2791 anno
1453 2755 1620 2791 tardiores
1642 2760 1724 2792 sunt

165 2825 272 2862 quam
286 2813 500 2862 Epiphanius
517 2818 552 2849 et
567 2814 764 2861 Capitolini.
794 2813 884 2848 Puta
898 2814 1053 2849 Taurum
1074 2817 1109 2848 et
1128 2813 1299 2849 Libonem
1320 2813 1358 2849 in
1378 2816 1499 2848 nostra
1522 2814 1610 2849 serie
1627 2827 1722 2850 xxiv.

166 2872 354 2914 collocant,
370 2882 475 2918 quem
491 2872 594 2907 ambo
610 2872 670 2907 isti
681 2883 782 2906 xxm.
792 2897 800 2913 ‚
824 2874 859 2906 et
873 2871 923 2906 ita
938 2871 1111 2918 deinceps.
1143 2870 1250 2907 Cuius
1266 2881 1310 2906 ea
1324 2881 1450 2906 caussa
1465 2874 1518 2906 est
1535 2872 1627 2918 quod
1643 2871 1722 2918 Epi-

165 2927 314 2976 phanius
337 2939 417 2966 cum
438 2929 566 2965 extrito
587 2940 657 2964 uno
680 2928 862 2963 consulum
876 2928 970 2975 pari,
993 2929 1158 2964 nimirum
1179 2928 1264 2963 anni
1277 2927 1380 2964 Urbis
1397 2938 1570 2972 nccnxv„
1594 2929 1723 2964 Tiberii

167 2985 265 3021 Caes.
281 2988 317 3020 et
329 2984 467 3023 Fonteii
482 2985 677 3033 Capitonis,
694 2985 883 3020 Sextorum
898 2985 1046 3020 duorum
1061 2985 1281 3022 consulatum
1295 2986 1537 3032 anticipasset,
1554 2997 1646 3021 anno
1660 2985 1722 3020 Ur-

167 3043 220 3078 bis
237 3052 423 3086 nccuvx„
445 3043 504 3095 qui
527 3043 686 3090 sequenti
707 3042 941 3089 competebat,
962 3041 1042 3079 huic
1065 3042 1130 3090 ipsi
1146 3052 1328 3081 nccnxvu.
1351 3043 1556 3091 Pompeium
1579 3047 1614 3078 et
1630 3043 1723 3089 Apu-
