2008 3294
1545 142 1695 180 chxv

144 267 223 295 vm.
238 253 390 293 Nimeno
407 253 596 290 catholicos
612 252 649 289 iu
664 252 730 288 liar
745 251 885 290 Iudaico
899 249 1030 298 pascha
1046 250 1257 292 celebrasse3
1276 260 1358 286 cum
1370 252 1445 285 tam
1458 247 1575 284 Iudaei
1590 257 1697 294 quam

145 323 266 349 eornm
288 311 443 348 asseclae
465 309 769 352 Quartodecimum
791 306 838 345 eir
858 307 1035 354 Calippica
1056 307 1197 353 periodo
1221 305 1331 343 Niean
1353 317 1457 343 suum
1481 306 1521 342 in
1542 304 1698 351 Aprilem

145 367 361 410 diffuderint,
384 370 420 403 et
442 367 563 405 eodem
587 378 655 413 quo
678 366 839 403 catholici
851 375 972 401 mense
989 364 1186 400 celebritate
1201 374 1267 399 sua
1281 364 1394 399 functi
1415 363 1496 399 sint.
1544 361 1644 405 Quod
1666 361 1698 397 si

144 425 256 465 civilis
278 425 487 471 aequinoctii
509 424 696 461 terminum
713 433 734 459 a
749 422 918 469 Sosigene
933 432 974 458 ae
991 421 1138 456 Caesare
1153 421 1382 456 constitutum
1397 419 1507 456 veteri
1521 418 1696 466 Calippico

144 482 292 518 Iudaeos
308 481 513 529 praetulisse
529 481 606 528 quis
623 481 730 524 dicat,
746 480 863 519 citima
877 479 1016 517 illorum
1031 479 1215 514 neomenia
1227 482 1262 514 et
1273 478 1407 514 decima
1418 480 1543 524 quarta
1553 474 1697 523 pascha-

144 539 187 574 lis
202 549 273 576 uno
288 542 426 575 tantum
441 538 495 574 die
511 538 780 585 promovebitur,
798 536 982 573 neomenia
996 535 1136 582 quidem
1152 535 1197 570 ad
1212 535 1331 570 Martii
1345 547 1420 577 ιιι,
1441 534 1699 580 decimaquarta

143 607 226 632 vero
242 595 286 632 ad
300 596 419 634 Martii
434 608 526 638 xxv„
550 606 620 642 quo
644 595 699 631 die
722 593 816 631 civili
837 593 883 631 ab
904 592 992 630 Iulio
1008 591 1156 629 Caesare
1180 592 1439 641 aequinoctium
1457 590 1612 628 defixum
1634 594 1697 628 eet.

144 652 241 689 Unde
256 645 365 690 nihilo
380 653 497 688 minus
514 653 618 698 cyclis
631 663 706 688 vm.
719 661 759 687 ac
776 649 1017 689 mammonin
1030 649 1140 685 Nisan
1158 650 1193 685 in
1202 650 1366 696 Aprilem,
1382 660 1453 685 non
1468 649 1505 684 in
1520 648 1696 690 Martium,

143 713 324 756 congruet.
354 710 462 756 Atqui
475 709 561 745 illud
576 710 666 754 inter
682 719 803 745 omnes
817 707 993 750 convenit,
1015 706 1223 742 Iudaeorum
1246 718 1317 742 nv.
1336 704 1536 753 paschalem
1555 705 1622 741 sub
1638 703 1696 741 Ni-

143 767 242 805 caeni
252 766 391 804 concilii
401 770 538 813 tempus
551 766 658 812 cyclis
670 766 738 803 illis
751 764 1007 814 aequinoctium
1019 763 1134 799 triduo
1147 774 1186 799 ac
1197 763 1302 798 biduo
1315 763 1448 799 circiter
1460 762 1696 805 antevenisse,

143 827 183 859 nt
205 826 258 861 ost
280 834 302 862 a,
317 823 417 860 nobis
432 824 468 859 in
485 823 632 860 diatriba
646 823 689 861 de
704 822 836 861 domini
849 821 1010 869 passione
1026 821 1247 857 declaratum.
1289 819 1403 862 Quare
1418 820 1508 856 falsa
1523 823 1576 855 est
1591 819 1698 855 Scali-
1754 843 1760 849 -

143 880 218 926 geri
233 881 447 924 coniectura,
469 891 558 927 quae
576 879 712 919 Iudaeis
726 883 760 915 et
775 877 1171 926 Τισσαρεςιαιδειιατὶταις
1189 877 1406 924 Galippicum
1421 887 1554 912 annum
1570 880 1605 911 et
1618 876 1696 912 Ale-

145 937 336 975 xandream
350 937 531 984 periodum
553 937 701 984 affingit.
746 936 850 973 Falsa
864 935 989 974 itidem·
1001 935 1156 972 eiusdem
1171 934 1410 971 Alexandreae
1426 933 1556 981 periodi
1572 933 1698 969 descri-

143 994 235 1041 ptio,
257 1005 348 1041 quae
362 994 423 1032 lib.
436 1006 473 1031 ιι.
490 993 532 1030 de
547 993 691 1031 Emend.
709 1003 788 1041 pag.
802 992 858 1031 63.
873 992 1092 1040 proponitur;
1114 996 1284 1039 quatenus
1305 991 1453 1027 Iudaeos
1473 991 1570 1028 illam
1584 991 1698 1037 ipsam

144 1051 188 1087 ad
205 1051 342 1090 civilem
358 1061 460 1089 usum
483 1050 763 1089 accommodasse
786 1053 900 1098 putat,
924 1061 968 1086 ex
992 1060 1104 1096 eaque
1125 1049 1267 1085 Iudaica
1288 1047 1470 1096 paschata,
1493 1048 1698 1094 praesertim

145 1119 233 1154 quae
261 1107 418 1145 christus
441 1107 602 1145 dominus
627 1107 728 1150 obiit,
750 1107 810 1144 lib.
823 1119 870 1143 vr.
887 1106 928 1143 de
946 1106 1196 1144 Emendatione
1212 1106 1424 1153 Temporum
1453 1106 1556 1141 certis
1578 1105 1699 1141 chara·

144 1165 295 1201 cteribus
311 1164 484 1212 designat.
529 1164 618 1201 Nam
633 1165 671 1201 in
685 1165 744 1201 illo
759 1164 942 1207 laterculo,
958 1164 1057 1210 cyclo
1073 1163 1226 1200 Nicaeno
1243 1175 1318 1199 vm.
1334 1167 1508 1206 currente,
1532 1174 1624 1198 anno
1639 1174 1698 1209 pe-

143 1222 232 1259 riodi
246 1234 330 1266 xlv..
344 1221 454 1260 Niean
469 1221 648 1260 Martii-11.
666 1221 850 1269 competit,
865 1232 946 1258 curn
961 1221 1009 1257 sit
1023 1231 1136 1257 annus
1153 1220 1347 1257 eommunis
1363 1219 1583 1267 ὗπερήμιροςς
1598 1220 1698 1255 cuins

144 1279 235 1316 Tisri
254 1279 331 1318 iniit
349 1279 444 1327 Sept.
457 1291 534 1323 au„
555 1279 653 1326 cyclo
666 1291 728 1317 vu.
745 1278 908 1316 Nicaeno.
953 1278 1027 1315 Hoc
1051 1289 1132 1315 vero
1155 1277 1363 1316 Iudaeorum
1387 1278 1698 1315 vetustissimorum

145 1336 320 1373 autoritati
334 1336 540 1383 refragatur.
584 1336 640 1374 Ex
659 1336 786 1383 quibus
802 1339 960 1373 constare
975 1335 1060 1373 illud
1076 1335 1409 1377 demonstravimus,
1425 1334 1699 1382 decimumquar-

144 1397 216 1430 tam
231 1393 340 1431 Niean
355 1403 535 1440 nunquam
550 1405 611 1441 per
625 1394 686 1430 illa
699 1397 856 1440 tempora
871 1393 981 1430 civilis
998 1393 1209 1440 aequinoctii
1225 1393 1452 1439 praevertisse
1467 1392 1570 1428 diem.
1606 1391 1698 1434 Quo-

145 1451 238 1489 circa
253 1461 334 1486 cum
349 1450 607 1498 aequinoctium
621 1450 721 1487 civile
737 1449 953 1498 Calippicum
967 1451 1004 1487 in
1021 1462 1118 1487 xxvi.
1134 1450 1253 1486 Martii
1267 1450 1478 1493 constiterit,
1501 1461 1571 1486 non
1586 1450 1701 1496 potuit

146 1508 330 1545 neomenia
343 1507 454 1545 Nisan
469 1512 550 1545 ante
563 1508 682 1544 Martii
694 1519 771 1544 xm.
792 1507 964 1550 accidere,
987 1508 1167 1554 multoque
1190 1507 1306 1543 minus
1330 1507 1374 1543 ad
1396 1518 1530 1543 nonum
1551 1507 1699 1544 trannin

147 1565 255 1608 diem,
270 1568 312 1601 nt
325 1577 397 1602 xxv,
412 1565 450 1603 in
465 1565 668 1603 vicesimum
683 1565 875 1601 secundum
889 1565 1089 1601 incurreret.
1118 1564 1217 1607 Quod
1231 1564 1323 1601 idern
1339 1568 1375 1600 et
1388 1564 1431 1600 de
1447 1565 1545 1611 cyclo
1561 1576 1632 1601 m.
1649 1564 1699 1600 di·

146 1621 294 1660 cendum
309 1626 373 1659 est.
405 1621 591 1670 Propterea
606 1621 777 1669 paschalis
798 1622 859 1658 illa
880 1621 1060 1670 διαστροφὴ
1083 1615 1219 1658 Iudaeis
1241 1632 1282 1656 ac
1298 1621 1699 1667 Τισσαρεσκαιδεκατίταις

146 1679 263 1716 oblata
277 1683 348 1722 est,
369 1682 409 1717 ut
429 1689 549 1715 eorum
564 1679 821 1725 decimaquarta
835 1678 1007 1726 paschalis
1023 1679 1280 1725 aequinoctium
1297 1683 1541 1726 praeverteret,
1563 1690 1607 1715 ex
1631 1679 1698 1715 alio

146 1737 241 1783 cyclo
257 1746 392 1773 eunove
409 1747 514 1783 quam
529 1735 706 1783 Calippico
727 1747 871 1773 manare
893 1735 1029 1779 debuit;
1053 1735 1224 1772 eiusmodi
1246 1736 1394 1778 scilieet,
1417 1736 1455 1772 in
1477 1747 1546 1784 quo
1569 1736 1699 1773 lunaria

146 1792 461 1835 enneadecaeteris,
477 1793 628 1836 Iuliana,
654 1792 720 1831 hoe
735 1797 790 1829 est
804 1792 996 1840 cslippicn,
1018 1794 1123 1839 longe
1139 1794 1253 1830 minor
1272 1797 1382 1836 esset;
1406 1793 1456 1829 uti
1477 1804 1582 1840 supra
1596 1793 1699 1829 fusis-

145 1850 461 1897 sime¹disputstum
476 1850 514 1886 in
529 1849 771 1888 dissertatione
785 1850 845 1886 illa
861 1850 902 1885 de
922 1861 1014 1887 anno
1037 1850 1202 1903 Iudai-co„
1233 1849 1416 1888 Neminem
1438 1850 1525 1887 adeo
1548 1851 1700 1896 pervica-

146 1918 222 1945 cem
235 1918 278 1946 ac
293 1906 462 1954 scaligeri
475 1906 669 1944 studiosum
685 1907 821 1944 confido
836 1907 929 1950 tore,
945 1907 1150 1954 quinarum
1164 1905 1250 1950 is'ta,
1268 1918 1357 1955 quae
1372 1907 1408 1943 in
1424 1907 1484 1944 illo
1500 1907 1543 1943 de
1556 1907 1700 1950 Quarta·

146 1963 336 2003 decimis
351 1964 463 2012 capite
477 1964 614 2011 posuit,
635 1964 830 2011 pugnantia
852 1968 886 2000 et
905 1965 1079 2003 contraris
1093 1974 1171 2002 ease
1184 1963 1352 2003 fateatur:
1374 1964 1538 2002 nimirum
1552 1964 1699 2001 Iudaeos

146 2021 361 2069 Calippicnm
376 2021 460 2059 anni
474 2021 617 2059 modum
633 2021 776 2068 eiusque
791 2021 972 2068 periodum
986 2021 1033 2061 ab
1044 2021 1148 2060 annis
1165 2021 1317 2070 amplius
1328 2022 1492 2060 trecentis
1506 2027 1586 2060 ante
1601 2027 1698 2059 nata-

144 2079 214 2117 lem
229 2077 360 2117 domini
375 2077 420 2116 ad
434 2089 566 2116 annum
583 2087 748 2116 occxuv.
766 2083 846 2125 post
862 2078 1012 2115 eundem
1027 2071 1230 2126 uiurpasse,
1252 2082 1288 2115 et
1304 2079 1384 2115 illos
1401 2077 1625 2117 nihilominus
1642 2091 1699 2125 cy-

146 2135 214 2173 011·-
224 2133 385 2173 nicaenis
401 2147 476 2172 vm.
493 2146 534 2171 ae
549 2147 622 2171 ιιι.
638 2134 747 2171 Nisan
764 2147 868 2173 suum
882 2136 1000 2172 Martii
1012 2127 1046 2173 ν’.
1064 2138 1168 2183 atque
1181 2131 1229 2173 'v''r.
1244 2136 1413 2183 coepisse.
1445 2135 1544 2178 Quod
1560 2137 1700 2173 nonnisi

145 2204 191 2230 ex
212 2192 471 2231 neomeniarum
493 2193 731 2229 antecessione
750 2203 790 2230 ac
812 2193 926 2229 lunari
947 2192 1127 2239 προηγήσει
1150 2193 1306 2229 accidere
1328 2194 1451 2240 potuit.
1497 2193 1700 2231 Cuiusmodi

146 2250 277 2286 nullam
289 2249 484 2296 Oalippicus
501 2259 613 2285 annus
629 2250 798 2295 agnoscit.
820 2250 894 2286 Hoc
911 2250 1115 2296 opinionum
1127 2250 1449 2297 divinationumque
1465 2249 1630 2286 conflictu
1645 2249 1698 2287 his

146 2306 335 2345 eruieaimi
348 2306 498 2355 stuporis
513 2309 722 2352 argumenta
736 2305 974 2353 Scaligeriana
990 2308 1104 2343 omnis
1118 2307 1274 2344 doctrina
1289 2307 1414 2343 referta
1435 2310 1497 2343 est.
1544 2307 1699 2349 Quorum

146 2375 210 2402 noa
225 2363 374 2411 sparsim
387 2362 441 2402 his
456 2363 495 2399 iu
511 2362 894 2405 Animadversionibus,
917 2368 1022 2410 prout
1036 2375 1113 2400 sese
1130 2365 1267 2400 occasio
1283 2363 1394 2406 dedit,
1410 2364 1585 2410 specimen
1601 2375 1698 2410 prae-

147 2420 302 2459 hunnum
316 2420 450 2467 reliqua
465 2431 568 2456 suum
584 2430 624 2454 ac
640 2420 865 2466 praecipuum
881 2431 967 2467 opus
984 2425 1179 2467 expectant.

354 2579 413 2617 Dr:
436 2579 615 2616 DUPLICI
639 2578 782 2615 GYCLO
806 2579 864 2615 ET
886 2579 1256 2616 EMBOLISMORUM
1278 2579 1487 2616 RATIONE.

235 2647 373 2695 Duplex
389 2648 482 2694 apud
497 2652 629 2684 veteres
646 2647 798 2693 computi
814 2648 1000 2693 magistros
1017 2648 1100 2683 olim
1117 2648 1233 2693 cyclus
1257 2648 1389 2691 extitit,
1412 2660 1502 2684 cum.
1516 2651 1613 2686 aurei
1634 2662 1696 2688 nu-

147 2704 236 2741 meri
247 2704 348 2742 tutis
363 2705 650 2747 adscriberentur,
667 2705 754 2740 alter
770 2704 1110 2746 decemnovennalis,
1127 2705 1213 2740 alter
1227 2705 1370 2742 lunaris.
1395 2705 1696 2745 Decemnovenna-

148 2760 203 2803 lis,
218 2765 258 2796 ut
270 2760 366 2799 Beda
379 2762 517 2808 saepius
532 2762 670 2803 incolat,
687 2761 731 2795 ad
747 2760 948 2796 methodum
961 2760 1294 2806 quartadecimarum
1308 2761 1525 2808 paschalium
1535 2765 1697 2801 inventus

150 2820 219 2859 eet,
241 2820 282 2853 nt
300 2821 395 2855 statu
412 2818 468 2858 die
485 2819 640 2866 quolibet
655 2829 746 2853 anno
766 2829 827 2863 per
844 2818 963 2853 orbem
985 2818 1146 2852 redirent.
1188 2818 1298 2854 Huius
1321 2819 1460 2856 initium
1482 2824 1551 2864 est,
1575 2826 1696 2858 autore

150 2872 265 2916 Beda,
285 2884 306 2909 a
326 2874 482 2920 paschali
505 2887 642 2917 mense,
668 2874 734 2910 hoc
759 2878 811 2909 est
833 2886 854 2909 a
877 2874 994 2909 citime
1018 2875 1183 2917 termino,
1206 2876 1266 2921 qui
1288 2880 1342 2912 est
1363 2889 1427 2914 xu.
1442 2877 1586 2913 Kalend.
1601 2880 1696 2924 Apr..

150 2929 268 2966 Martii
281 2941 353 2965 ιιι.
398 2929 504 2967 Cuius
527 2933 659 2978 primus
677 2943 788 2966 annus
809 2942 952 2965 aureum
974 2943 1158 2966 numerum
1178 2931 1282 2968 habet
1296 2945 1369 2969 nx.
1389 2934 1522 2980 initque
1544 2946 1588 2969 ex
1613 2947 1644 2970 a.
1662 2937 1693 2971 d.

152 2986 237 3032 prid.
251 2985 340 3025 Non.
356 2986 450 3034 Apin,
471 2987 543 3025 sive
558 2989 686 3035 Aprilis
705 3001 761 3031 ιν.,
785 2989 840 3024 cui
862 2989 898 3024 in
918 2992 1030 3023 vetere
1052 2988 1258 3025 Kalendario
1280 2990 1474 3037 adscriptus
1496 2996 1549 3027 est
1570 3003 1694 3028 aureus
