2008 3294
307 220 475 258 ccxnvl

308 324 401 371 quod
420 323 704 359 remittendorum
723 326 933 370 potestatem
953 327 1175 371 peccatorum
1197 322 1452 370 chorepiscopis
1475 323 1599 359 adimit
1619 333 1661 359 ac
1683 323 1769 371 solis
1791 324 1862 371 epi·

308 381 422 428 scopis
438 381 577 423 tribuit,
595 391 664 426 quo
679 391 787 416 sensu
802 380 933 417 dictum
947 381 995 417 sit
1007 381 1112 428 paulo
1127 383 1210 427 post
1224 379 1392 421 declarat:
1407 377 1488 418 εΌτι
1503 378 1535 414 οἱ
1548 379 1639 427 ἱερεῖς
1656 379 1694 414 οὗ
1711 380 1863 417 δύνανται

308 437 460 485 δέχεσθαι
475 437 671 484 λογισμοὺς,
695 437 749 472 καὶ
772 436 897 484 ἀφιέναι
920 436 1095 486 ἁμαρτίας,
1120 435 1147 471 εἰ
1171 436 1216 484 μὴ
1239 435 1456 484 ἐκχωρηθῶσι
1476 439 1580 473 ταῦτα
1602 434 1692 484 παρὰ
1713 439 1774 472 τοῦ
1794 435 1862 473 lxt-

307 495 444 530 σκόπου.
475 494 556 530 Non
565 501 711 541 possunt
721 496 934 538 sacerdotes,
949 501 987 530 ut
999 507 1060 530 nec
1077 495 1329 541 chorepiscopi,
1345 496 1570 540 confessiones
1583 497 1740 541 excipere
1761 506 1863 542 neque

301 558 453 599 peccata
468 554 652 593 remittere,
670 554 738 586 nisi
753 553 796 587 ab
813 554 969 599 episcopo
978 557 1179 599 potestatem
1189 554 1291 598 prius
1305 553 1573 597 impetraverint.
1610 551 1726 599 Atque
1739 550 1807 588 hoo
1821 551 1864 589 de

176 625 205 650 p.
216 617 277 644 281.
311 609 452 656 publica
462 609 716 655 poenitentium
725 609 1004 647 reconciliatione
1015 609 1237 656 potissimum
1248 607 1514 654 intelligendum
1528 611 1598 652 est,
1614 619 1722 656 quam
1736 608 1782 644 ab
1793 609 1865 656 epi-

309 677 414 713 scopo
429 666 536 701 tribui
551 676 703 702 canones
718 666 975 713 praescribunt:
997 667 1093 702 velut
1106 666 1144 701 in
1157 664 1380 711 Carthagm.
1394 663 1480 704 cm.
1487 677 1600 703 xxxa.
1633 665 1677 702 Ut
1684 666 1864 712 presbyter

307 724 493 759 inconsulto
505 725 663 769 episeopo
676 735 740 758 non
750 724 947 759 reconciliet
950 726 1184 770 poenitentem.
1209 721 1280 758 Leo
1297 732 1436 769 quoque
1446 721 1609 761 Pontifex
1620 721 1683 770 Ep.
1691 734 1864 760 amm.

307 781 397 816 inter
412 791 471 823 ea,
495 791 585 826 quae
601 780 668 816 soli
682 781 845 827 episcopo
861 791 1044 823 concessa,
1067 779 1314 826 chorepiscopo
1330 783 1460 825 negata
1474 779 1576 824 dicit,
1595 779 1663 816 hoc
1679 780 1796 827 ipsum
1810 790 1864 816 re-

310 841 445 872 censet:
485 837 621 883 Neque,
643 837 775 884 inquit,
793 838 933 884 publice
956 839 1088 884 quidem
1111 840 1148 871 in
1170 839 1275 872 missa
1297 848 1482 882 quenquam
1501 839 1722 883 poenitentem
1747 849 1865 872 recou-

310 896 445 929 ciliare.
491 893 592 936 Quod
618 904 689 930 una
714 905 793 930 cum
819 895 964 930 caeteris
990 895 1027 929 in
1054 894 1236 941 epistolam
1261 904 1364 929 suam
1386 893 1566 931 Damasus
1586 897 1634 929 'ex
1657 893 1719 929 illa
1739 893 1866 931 Leonis

310 952 498 988 transtulit.

399 1007 487 1044 Mihi
501 1014 582 1044 vero
598 1008 923 1056 chorepiscoporum
941 1010 1038 1055 origo
1054 1008 1177 1044 iisdem
1200 1019 1246 1043 ex
1269 1007 1404 1043 caussis
1426 1007 1638 1054 profluxisse
1650 1007 1797 1051 videtur,
1819 1008 1866 1044 ob

311 1077 398 1112 quas
413 1065 645 1102 Alexandriae
659 1065 869 1108 Laurarum,
893 1066 967 1102 sive
990 1066 1217 1102 ecclesiarum
1239 1065 1428 1102 divisiones
1449 1065 1630 1101 institutas
1650 1063 1867 1114 Epiphanius

310 1123 446 1165 scribit,
466 1122 655 1168 itidemque
678 1122 810 1159 Romae
827 1122 1023 1158 Christiana
1038 1123 1137 1169 plebs
1153 1123 1189 1158 in
1204 1122 1325 1158 titulos
1341 1122 1524 1157 distributa
1537 1121 1615 1159 fuit.
1663 1121 1752 1158 Cum
1773 1122 1867 1159 enim

313 1179 470 1226 episcopi
491 1179 628 1215 urbana
642 1180 742 1226 plebe
763 1180 917 1226 regenda
930 1179 1172 1226 pascendaque
1193 1179 1356 1223 districti,
1376 1180 1413 1215 in
1435 1189 1540 1226 agros
1560 1189 1744 1216 excurrere
1763 1182 1870 1226 atque

312 1237 546 1272 ecclesiastica
561 1247 707 1272 munera
722 1241 757 1271 et
771 1240 992 1273 sacramenta
1005 1236 1191 1272 rusticanis
1206 1235 1406 1272 hominibus
1429 1236 1630 1283 impendere
1650 1237 1768 1273 minus
1787 1247 1867 1284 poa-

312 1298 405 1337 sent,
420 1294 568 1330 vicarios
585 1293 707 1329 eodem
723 1293 988 1341 chorepiscopos
1004 1294 1220 1340 allegabant,
1234 1293 1272 1329 in
1288 1303 1376 1340 quos
1392 1303 1559 1340 magnam
1574 1293 1660 1331 iuris
1670 1293 1868 1341 potestatis-

310 1363 378 1398 que
394 1362 479 1387 suae
493 1354 628 1398 partem
643 1351 886 1394 transferrent,
909 1351 1087 1387 nonnullis
1103 1351 1235 1386 scilicet
1249 1351 1404 1397 exceptis
1420 1362 1463 1386 ac
1477 1351 1546 1387 sibi
1559 1351 1760 1394 reservatis,
1782 1361 1866 1398 quo-

310 1420 388 1444 rum
403 1419 488 1444 usus
505 1419 544 1443 ac
557 1408 688 1444 functio
704 1409 821 1444 minus
837 1411 992 1454 urgeret3
1009 1418 1100 1455 quae
1115 1408 1160 1444 ab
1171 1407 1288 1444 Leone
1303 1411 1339 1444 et
1352 1408 1412 1444 illo
1424 1407 1578 1444 Damaso
1592 1418 1867 1445 commemoran-

310 1470 376 1500 tur.
423 1465 658 1507 Quamobrem
681 1465 924 1512 antiquissima
946 1476 1024 1502 esse
1040 1465 1143 1500 debet
1157 1464 1484 1512 chorepiscoporum
1499 1466 1690 1509 institutio,
1712 1465 1868 1513 adeoque

311 1524 420 1558 altera
433 1522 494 1557 illa
508 1522 689 1558 titulorum
704 1523 741 1558 in
757 1523 901 1558 urbibus
918 1522 1087 1558 divisione
1101 1523 1279 1558 vetustior.
1307 1522 1489 1570 Siquidem
1502 1523 1601 1559 initio
1618 1533 1709 1559 unus
1725 1521 1867 1570 oppida-

310 1580 365 1615 nis
389 1580 552 1616 omnibus
575 1591 638 1626 par
661 1591 736 1615 esse
759 1583 893 1627 poterat
916 1580 1111 1626 episcopus.
1155 1579 1245 1615 Hinc
1266 1583 1321 1616 est
1343 1579 1437 1626 quod
1451 1580 1488 1616 in
1503 1579 1672 1616 Neocaes.
1689 1579 1775 1617 Gau.
1788 1591 1866 1616 m.

311 1648 420 1673 unum
436 1637 607 1673 duntaxat
622 1637 718 1672 urbis
735 1636 886 1684 κυριακὸν
903 1637 1112 1680 nominatur,
1132 1637 1171 1672 in
1193 1647 1262 1683 quo
1277 1637 1409 1673 vicanis
1426 1637 1656 1684 presbyteris,
1678 1637 1868 1684 praesenti·

310 1695 377 1730 bus
391 1694 521 1729 urbicis
530 1721 539 1738 ,
556 1695 664 1730 sacris
682 1695 817 1741 operari
831 1706 902 1730 non
916 1694 1008 1730 licet.
1035 1694 1149 1742 Atque
1165 1693 1250 1730 haec
1265 1693 1451 1741 Epiphanii
1464 1698 1539 1731 tam
1554 1698 1718 1730 accurata
1732 1693 1775 1730 de
1790 1694 1869 1730 Ale-

311 1751 502 1787 xandrinae
518 1752 684 1787 ecclesiae
699 1752 855 1798 pluribus
872 1751 1026 1787 ecclesiis
1042 1752 1237 1787 observatio
1252 1762 1327 1788 rem
1342 1762 1407 1788 nec
1423 1752 1508 1788 alibi
1528 1752 1677 1798 passim,
1697 1762 1763 1787 nec
1785 1751 1869 1788 olim

312 1812 515 1856 usurpatam
537 1819 577 1844 ac
593 1813 767 1856 receptam
782 1809 891 1845 fuisse
907 1809 1132 1844 demonstrat.
1167 1808 1214 1844 At
1224 1809 1260 1844 in
1272 1809 1366 1855 agris
1378 1809 1618 1856 paroeciarum
1629 1809 1870 1844 eeclesiarum·

312 1877 379 1912 que
395 1866 542 1902 divortia
555 1867 716 1913 primitus
732 1867 891 1902 instituta
906 1878 1009 1902 nemo
1024 1866 1176 1913 prudens
1197 1866 1387 1912 negaverit.
1432 1865 1566 1908 Quibus
1587 1865 1869 1902 administrandis

311 1933 353 1958 ac
369 1922 603 1969 gubernandis
619 1923 872 1970 chorepiscopi,
893 1930 1061 1971 tanquam
1076 1924 1166 1958 ruris
1181 1923 1355 1970 episcopi,
1377 1923 1567 1970 praepositi
1580 1926 1680 1966 suut,
1700 1934 1781 1960 cum
1795 1933 1869 1960 am·

312 1980 470 2026 piissima
484 1980 660 2025 quondam
670 2007 678 2023 ,
695 1986 735 2015 ut
748 1980 912 2022 vidimus,
932 1980 1098 2016 facultate
1114 1981 1314 2027 optimaque
1329 1981 1420 2028 lege.
1453 1979 1566 2023 Quam
1580 1979 1703 2016 deinde
1718 1983 1868 2027 potesta-

312 2042 383 2072 tem
417 2037 572 2083 episcopi
600 2037 909 2083 constringendam
938 2048 980 2073 ac
1008 2038 1109 2073 certis
1132 2037 1388 2073 conditionibus
1412 2036 1671 2084 temperandam
1693 2039 1869 2084 putarunt,

313 2094 420 2129 donec
437 2094 627 2140 episcopali
643 2094 812 2139 dignitate
827 2106 868 2129 ac
885 2094 1143 2130 consecratione
1162 2094 1290 2140 privati
1310 2094 1478 2141 primum,
1502 2093 1624 2129 deinde
1644 2104 1787 2140 prorsus
1808 2093 1868 2130 ab·

312 2151 427 2197 rogati
443 2150 595 2187 fuerunt.
643 2150 708 2186 Pro
730 2151 772 2186 iis
794 2151 887 2186 enim
903 2149 1107 2197 πιριοδιυτὰς
1130 2150 1239 2186 creari
1252 2150 1488 2186 Laodicenum
1506 2151 1692 2186 concilium
1708 2150 1868 2194 decrevit,

314 2219 402 2255 quos
423 2207 548 2244 Latina
570 2208 806 2255 interpretatio
829 2210 1024 2243 visitatores
1045 2208 1206 2255 appellat.
1238 2207 1440 2250 circatores,
1456 2211 1517 2243 aut
1531 2208 1731 2243 lustratores
1745 2218 1868 2244 vocare

313 2266 427 2313 possis
437 2291 446 2309 ,
462 2269 502 2300 ut
516 2268 570 2300 est
584 2265 621 2300 in
639 2264 817 2301 Glossario
835 2265 909 2301 Vet.
925 2264 1113 2301 Baisamon
1128 2264 1171 2300 ad
1187 2264 1325 2301 Laudic.
1341 2264 1424 2302 Gan.
1441 2264 1538 2301 iilum
1554 2276 1638 2301 nvn.
1662 2264 1868 2312 Πιριοδουταὶ

314 2323 352 2357 et
366 2321 441 2357 εἰσιν
459 2320 489 2356 ot
505 2322 645 2369 σήμερον
662 2321 927 2368 προβαλλόμενοι
943 2321 1032 2370 παρὰ
1047 2323 1113 2357 τῶν
1130 2319 1317 2357 intendam
1333 2318 1476 2368 ἴξοιρχοι.
1507 2316 1608 2358 Οὗτοι
1624 2319 1687 2369 γὰρ
1703 2322 1868 2370 περιοδεύ-

314 2391 386 2414 ουσι
402 2379 456 2414 καὶ
471 2377 659 2425 δπιτηροῦσι
673 2376 714 2413 τά
730 2378 852 2426 ψυχικὰ
867 2377 1064 2425 σφάλματα,
1081 2378 1134 2414 καὶ
1150 2378 1378 2425 καταρτίζουσι
1393 2377 1468 2419 τοὺς
1485 2378 1628 2419 πιστούς.
1665 2379 1704 2415 In
1720 2379 1868 2416 concilio

314 2436 520 2473 Chalcedon.
538 2437 613 2471 Act.
631 2448 677 2472 ιν.
693 2434 711 2472 ὃ
727 2435 964 2482 ιῦλαβίστατος
986 2435 1201 2483 πρισβύτιρος
1222 2435 1275 2471 καὶ
1298 2435 1502 2483 πιριοδιυτής
1519 2434 1742 2482 ’Δλίξανδροᾳ
1780 2436 1868 2473 Item

314 2495 389 2530 Act.
404 2506 437 2529 x.
454 2494 490 2529 in
506 2493 622 2529 libello
639 2497 759 2529 contra
774 2493 871 2529 lbsm
888 2504 908 2529 a
925 2493 1056 2529 clericis
1083 2492 1265 2528 Edessenis
1287 2493 1420 2529 oblato:
1464 2491 1637 2527 Banrtov
1653 2504 1723 2528 τινα
1737 2490 1868 2540 δπίῤῥη-

315 2563 371 2586 τον
388 2547 505 2597 ἄνδρα,
523 2545 562 2584 οὗ
579 2549 694 2590 πάντες
711 2549 741 2585 οῖ
757 2552 971 2598 συγκωμῆται
987 2549 1188 2596 κατιβόησαν
1205 2547 1378 2597 ὶγγράφως
1394 2548 1448 2585 καὶ
1462 2547 1618 2597 ἀγράφως
1643 2548 1792 2596 μοιχείαν
1814 2549 1868 2584 καὶ

315 2606 565 2654 ἁρσινοκοιτίαν,
582 2605 805 2654 ἔχιιροτόνησι
821 2606 1037 2654 πρισβύτιρον
1057 2606 1111 2642 καὶ
1133 2606 1348 2654 ’captabunt-hv.
1387 2605 1439 2643 lbi
1449 2612 1710 2653 procuratorem
1725 2605 1868 2643 Latinus

315 2666 483 2712 interpres
499 2664 617 2707 vertit,
633 2665 717 2700 aiibi
734 2667 957 2700 circuito-rem.
981 2663 1061 2700 Fuit
1077 2664 1184 2711 igitur
1205 2662 1408 2712 πιριοδιυτὴς
1423 2662 1614 2711 presbyter,
1630 2666 1666 2699 et
1679 2663 1819 2710 quidem
1835 2662 1866 2699 iv

317 2722 440 2767 κώμαις
457 2720 700 2768 chorepiscopo
717 2722 937 2758 substitutus.
969 2721 1152 2757 Caeterum
1167 2731 1247 2757 cum
1263 2720 1516 2757 ecclesiasticae
1531 2730 1615 2767 opes
1631 2730 1671 2755 ac
1687 2721 1867 2767 pecuniae,

316 2789 405 2825 quae
421 2788 551 2823 magna
566 2789 610 2814 ex
627 2782 722 2825 parte
737 2779 774 2814 in
789 2789 872 2814 usna
889 2788 1081 2826 pauperum
1103 2778 1379 2821 insumebantur,
1401 2777 1537 2813 rusticis
1560 2787 1698 2824 quoque
1718 2777 1868 2824 praediis

317 2835 584 2878 continerentur,
606 2835 686 2871 inde
707 2835 838 2872 iactum
862 2835 1008 2871 arbitror
1030 2839 1069 2871 ut
1087 2845 1205 2871 earum
1221 2845 1334 2871 rerum
1351 2834 1482 2871 curatio
1498 2832 1752 2881 chorepiscopis
1768 2845 1867 2872 man-

317 2892 465 2928 daretur.
511 2892 679 2934 Quocirca
700 2892 882 2939 peculiaris
898 2889 982 2928 haec
997 2892 1152 2940 ipsorum
1166 2892 1297 2927 functio
1313 2890 1394 2934 tuin
1416 2894 1454 2926 nt
1468 2889 1634 2927 Neocaes.
1651 2890 1773 2928 Canen
1789 2902 1864 2928 xm.

316 2949 488 2984 admonet.
519 2948 571 2984 Ad
588 2959 690 2994 quem
706 2947 896 2985 Balsamon
913 2947 952 2983 τὰ
968 2948 1103 2995 suptar&
1119 2947 1173 2983 καὶ
1189 2945 1341 2995 πτωχικὰ
1355 2946 1511 2995 χρήματα
1527 2946 1721 2995 dispensari
1735 2948 1780 2984 ab
1795 2948 1864 2984 illia

184 3027 210 3052 ρ.
224 3018 282 3045 m,
316 3006 469 3041 adnotat.
515 3004 668 3040 Zonaras
693 3016 846 3057 quoque:
871 3005 927 3046 τὰς
950 3004 1013 3052 γὰρ
1037 3006 1102 3040 τῶν
1115 3003 1311 3050 ἐκκλησιῶν,
1337 2998 1382 3038 ὧν
1398 2999 1611 3050 προίσταντο,
1629 3005 1807 3052 προςόδους
1823 3002 1865 3044 εἰς

319 3062 473 3109 πτωχοὺς
490 3059 670 3096 ἀναλίσκειν
687 3061 826 3107 ὤφιιλον
844 3062 896 3098 καὶ
913 3061 1120 3109 προνοίῐοθσιι
1135 3060 1254 3099 αὐτῶν.
1287 3060 1377 3098 Tum
1392 3070 1472 3098 vero
1488 3060 1678 3098 Damasum
1694 3061 1764 3098 Sed
1773 3063 1865 3108 quia,
