2008 3294
325 201 523 239 CLXXXII

323 306 386 341 ubi
406 305 498 340 diem
517 304 650 339 festum
671 303 878 339 Iudaeorum
898 304 1072 347 nominat;
1096 314 1248 351 quocum
1270 303 1420 339 alterum
1439 304 1562 351 capitis
1577 316 1625 340 vr.
1649 314 1738 340 com.
1750 303 1784 340 4.
1801 314 1883 340 oon·

323 362 454 405 fundit,
470 365 551 396 ante
567 361 660 407 quod
675 361 984 407 multiplicaturum
998 372 1129 408 panum
1142 360 1342 407 prodigium
1357 360 1489 397 accidit.
1513 361 1575 396 His
1592 361 1727 396 duobus
1744 361 1886 396 subiicit

324 419 362 453 τὸ
381 411 622 465 σταυρῶσιμον.
668 418 778 453 Miror
792 417 885 453 huuc
898 417 1031 454 Irenaei
1044 419 1161 454 locum
1177 429 1249 452 non
1265 417 1351 452 satis
1368 416 1592 464 expendisse,
1613 418 1673 465 qui
1693 417 1884 454 secundum

323 475 456 523 pascha
472 487 518 510 ex
532 475 627 510 illius
645 476 830 510 autoritate
845 475 1061 511 constituunt
1074 475 1168 510 istud
1183 475 1319 521 ipsum,
1341 479 1383 509 de
1404 486 1474 521 quo
1489 475 1609 511 Ioann.
1626 486 1701 522 cap.
1714 487 1747 510 v.
1778 474 1832 510 Ita
1849 478 1886 510 ut

324 533 467 568 tertium
482 533 528 567 sit
543 533 642 567 cuius
658 532 837 568 Ioann.v1.
852 533 983 568 mentio
1003 532 1055 569 fit.
1103 532 1242 578 Etenim
1263 532 1294 566 si
1317 531 1385 566 duo
1405 531 1492 567 haee
1512 532 1604 567 festa
1625 532 1786 567 distincta
1809 542 1886 568 esse

325 590 529 625 credidisset
544 590 724 632 Irenaeus,
746 600 828 625 cum
847 590 975 636 triplex
994 589 1166 625 duntaxat
1179 587 1310 635 pascha
1322 588 1574 635 praedicationi
1592 589 1774 633 tribueret,
1797 600 1886 624 nun-

326 659 431 695 quam
446 648 543 694 prius
558 647 645 682 illud
660 647 788 682 festum
803 646 925 682 hann.
938 660 970 683 v.
986 646 1117 694 pascha
1133 657 1210 680 esse
1226 645 1383 682 dixisset.
1430 645 1499 681 Sed
1518 646 1650 693 largius
1670 650 1792 694 peccat
1806 647 1887 693 Epi-

324 705 475 752 phanius
484 731 493 748 ‚
511 705 684 751 quinum.
696 716 779 740 xxv.
794 705 946 751 primum
960 703 1091 750 pascha
1105 703 1235 738 festum
1249 702 1336 738 illud
1350 702 1451 746 facit,
1469 703 1507 738 in
1523 714 1592 750 quo
1607 704 1819 740 vociferatus
1835 707 1889 740 est

326 762 500 805 Christus,
514 764 547 796 si
557 764 632 808 quie
642 763 715 796 sitit
728 763 847 796 veniat
859 762 910 796 ad
923 773 974 795 me
991 767 1023 795 et
1037 761 1141 796 bibat.
1164 759 1359 802 Ioann.v11‚
1375 758 1430 795 37.
1474 759 1630 796 Alterum
1644 771 1744 804 vero,
1759 761 1802 797 de
1817 773 1886 809 quo

325 821 362 855 in
378 819 498 855 eodem
515 829 590 866 cap.
608 814 712 861 dixit,
735 831 800 852 non
815 819 962 854 ascendo
979 819 1028 852 ad
1043 819 1131 852 diem
1137 820 1264 863 festum
1280 820 1391 852 istum.
1437 816 1478 851 In
1497 827 1565 863 quo
1583 818 1689 854 etiam
1704 829 1783 854 cum
1798 818 1888 854 Pha·

324 877 430 912 risaei
445 875 735 923 comprehendere
749 875 850 910 illum
866 878 1049 922 cuperent,
1073 878 1170 909 metu
1184 874 1335 920 repressi
1351 877 1452 916 sunt,
1474 884 1563 910 com.
1575 874 1631 924 44.
1678 875 1792 912 Multa
1806 879 1890 912 sunt

326 945 348 968 a
364 934 594 969 sanctissimis
609 933 767 980 patribus
790 943 1043 978 nonnunquam
1065 942 1190 987 parum
1205 942 1286 966 vere
1310 934 1510 978 attenteque
1527 926 1678 978 ¹„scriptm
1701 943 1790 979 quae
1812 933 1888 981 qui-

327 991 404 1026 dem
420 995 595 1037 praestare
611 991 715 1033 velle,
738 989 893 1036 religiosi
907 989 1074 1032 fortasse,
1099 988 1159 1024 sed
1181 999 1305 1035 parum
1327 987 1506 1034 prudentis
1522 998 1599 1024 esse
1614 989 1772 1035 arbitror,
1785 990 1887 1027 vehe-

325 1049 477 1083 mentius
494 1051 612 1083 autem
628 1058 810 1089 accusare,
825 1057 940 1093 neque
955 1046 1111 1092 religiosi
1126 1056 1240 1092 neque
1255 1045 1444 1092 prudentis.
1489 1044 1562 1081 Nos
1579 1056 1637 1089 ea,
1661 1057 1731 1093 qua
1744 1058 1808 1094 par
1823 1051 1888 1092 est,

326 1105 562 1141 moderatione
578 1105 615 1140 in
631 1105 828 1140 divinorum
843 1103 1042 1146 hominum,
1065 1103 1126 1138 sed
1141 1102 1340 1145 hominum,
1364 1113 1497 1137 errores
1522 1112 1562 1138 ac
1584 1103 1704 1150 lapsus
1725 1115 1798 1140 non
1815 1108 1888 1142 tam

324 1163 548 1209 inquirimus,
573 1172 679 1208 quam
701 1161 836 1196 oblatos
851 1161 942 1196 ultro
970 1171 1010 1195 ac
1032 1160 1088 1195 vel
1110 1160 1228 1195 invitis
1252 1162 1490 1202 occurrentes,
1521 1171 1565 1194 ne
1592 1160 1648 1195 cui
1669 1160 1785 1197 fraudi
1805 1162 1886 1206 sint,

324 1219 572 1267 patefacimus,
595 1219 685 1254 tueri
707 1222 823 1253 autem
847 1229 888 1253 ac
909 1217 1092 1252 defendere
1114 1216 1223 1252 nihilo
1239 1217 1354 1263 magis
1372 1227 1476 1263 quam
1493 1227 1615 1253 eorum
1629 1217 1729 1261 vitia,
1753 1219 1784 1254 si
1799 1230 1888 1267 quae

324 1277 472 1319 fuerint,
487 1276 616 1311 imitari
632 1275 810 1311 debemus.
835 1274 1014 1310 Eiusmodi
1030 1274 1163 1310 suntin
1179 1273 1244 1309 hoc
1260 1274 1427 1321 scriptore
1443 1278 1563 1309 nostro
1578 1274 1727 1310 fortasse
1742 1276 1890 1313 nimium

326 1335 446 1369 multa.
465 1333 532 1368 Sed
544 1334 634 1368 inter
647 1343 688 1367 ea
699 1331 785 1367 nihil
798 1332 913 1367 minus
927 1331 1216 1367 dissimulandum
1230 1335 1284 1366 est
1295 1341 1400 1377 quam
1411 1332 1472 1366 illa
1483 1331 1691 1378 paschatum
1701 1332 1887 1370 distinctio.

324 1392 479 1427 Primum
502 1391 594 1426 enim
618 1389 685 1424 duo
708 1390 783 1432 illa,
806 1399 895 1436 quae
912 1399 987 1435 cap.
1002 1401 1062 1424 v11.
1080 1399 1101 1424 a
1125 1387 1262 1424 christo
1285 1389 1516 1436 pronunciata
1539 1389 1709 1433 dicuntur,
1731 1389 1775 1425 ad
1796 1391 1889 1427 idem

325 1449 453 1484 festum
470 1448 626 1483 attinent.
667 1447 799 1482 Deinde
821 1457 891 1481 non
914 1446 1001 1481 illud
1023 1444 1154 1493 pascha
1172 1445 1299 1489 fuisse,
1323 1445 1383 1481 sed
1399 1447 1631 1493 scenopegiae
1646 1446 1774 1483 festum
1790 1447 1892 1485 docet

326 1517 415 1541 com.
430 1505 462 1541 2.
486 1505 603 1540 Tertio
618 1508 840 1551 praepostere
855 1502 939 1539 haec
955 1503 1171 1550 Epiphanius
1188 1503 1331 1550 accepit.
1362 1501 1453 1538 Nam
1470 1513 1558 1550 quae
1574 1504 1685 1551 primo
1701 1505 1779 1541 loco
1795 1505 1888 1541 dicta

325 1566 514 1604 memorat,
535 1566 686 1596 exeunte
706 1562 814 1604 festo,
836 1572 924 1608 quae
941 1561 1134 1607 posteriora
1148 1561 1261 1607 ponit,
1285 1564 1365 1595 ante
1385 1560 1516 1596 festum
1530 1565 1699 1608 usurpata
1713 1561 1886 1609 leguntur.

327 1619 456 1655 Omitto
473 1622 625 1661 caetera;
642 1630 704 1654 nec
720 1619 814 1654 enim
828 1618 1019 1653 falsitatem
1034 1618 1132 1653 illam
1147 1617 1340 1653 accuratius
1358 1617 1442 1653 libet
1456 1619 1628 1666 persequi.

418 1676 588 1719 Quocirca
604 1676 705 1712 nobis
721 1676 790 1711 alia
806 1676 952 1711 duorum
968 1674 1173 1722 paschatum
1187 1674 1456 1710 ordinandorum
1466 1675 1619 1711 ineunda
1629 1675 1718 1711 ratio
1732 1679 1796 1712 est.
1820 1675 1891 1713 Sed

326 1735 422 1781 prius
439 1737 544 1781 caput
565 1734 682 1781 ipsum
705 1733 919 1780 quaestionis
940 1732 1163 1775 intuendum,
1186 1732 1279 1768 unde
1302 1732 1417 1779 quarti
1438 1731 1614 1779 paschatis
1634 1733 1892 1770 firmamentum

327 1792 466 1838 petitur.
499 1790 604 1834 Cum,
628 1795 666 1826 ut
683 1795 762 1826 ante
780 1790 948 1833 diximus,
965 1789 1114 1825 Ioannes
1131 1790 1287 1825 exactius
1304 1789 1449 1825 caeteris
1464 1789 1575 1825 tribus
1590 1789 1757 1837 paschata
1772 1790 1892 1827 distin-

327 1848 419 1883 xerit
435 1859 479 1883 ex
496 1848 572 1883 eius
587 1849 811 1895 potissimum
827 1847 1012 1883 autoritate
1028 1847 1217 1894 digerenda
1233 1851 1314 1883 sunt
1328 1850 1496 1894 tempora.
1528 1846 1641 1890 Quare
1665 1845 1696 1883 si
1716 1847 1745 1883 is
1770 1858 1846 1896 cap.
1858 1860 1891 1884 v.

325 1906 406 1943 festi
427 1905 568 1940 nomine
590 1904 721 1952 pascha
742 1904 967 1951 significarit,
996 1904 1037 1939 de
1064 1916 1102 1941 rv
1123 1908 1164 1940 ut
1190 1905 1376 1940 minimum
1402 1902 1628 1951 paschatibus
1657 1904 1814 1941 confecta
1835 1915 1892 1941 res

329 1963 410 2008 erit3
434 1961 606 2008 siquidem
624 1973 704 1997 cum
718 1960 886 2009 paschate
902 1971 976 2008 cap.
989 1973 1036 1998 vr.
1053 1972 1143 1998 com.
1157 1960 1188 1997 3.
1206 1962 1348 1997 minime
1364 1960 1607 1997 confundatur.
1636 1961 1690 1997 Ad
1704 1960 1790 1998 haee
1806 1972 1890 2009 quo-

328 2020 423 2055 niam
446 2019 645 2066 prodigium
667 2018 769 2062 illud,
792 2029 860 2065 quo
877 2029 899 2053 v
915 2017 1096 2054 homiuum
1118 2018 1227 2053 millia
1247 2018 1398 2065 panibus
1415 2030 1437 2054 v
1454 2021 1488 2053 et
1503 2018 1639 2054 duobus
1659 2018 1813 2065 piscibus
1837 2029 1892 2055 sa-

329 2077 473 2119 turavit,
496 2075 588 2111 idem
605 2076 748 2111 omnino
765 2080 833 2118 est,
860 2075 951 2121 quod
968 2079 1002 2110 et
1017 2074 1140 2110 Matth.
1158 2085 1231 2122 cap.
1246 2087 1316 2111 xrv.
1335 2078 1371 2110 et
1392 2075 1500 2111 Marc.
1516 2087 1564 2112 vr.
1587 2081 1622 2111 et
1637 2074 1750 2111 Lucae
1767 2087 1816 2113 rx.
1835 2076 1903 2116 des

330 2134 501 2177 scribitur,
519 2143 661 2168 necesse
678 2137 731 2168 est
746 2131 875 2179 pascha
891 2132 991 2175 illud,
1008 2136 1089 2167 ante
1107 2131 1199 2179 quod
1215 2132 1440 2175 miraculum,
1457 2132 1586 2167 Ioanne
1602 2135 1711 2176 teste,
1731 2133 1890 2181 contigit,

331 2191 505 2226 diversum
522 2190 567 2226 ab
583 2201 624 2225 eo
641 2200 718 2225 esse
734 2189 826 2237 quod
842 2189 947 2224 tacite
971 2200 992 2225 a
1013 2189 1124 2225 tribus
1146 2189 1214 2225 illis
1236 2188 1460 2236 evangelistis
1484 2189 1700 2236 exprimitur,
1723 2200 1803 2226 cum
1826 2191 1892 2227 sei-

328 2249 410 2284 licet
422 2247 578 2283 Christus
595 2258 656 2295 per
671 2251 748 2283 sata
764 2257 843 2282 curn
861 2246 1038 2294 discipulis
1055 2246 1262 2290 ambulavit3
1279 2246 1370 2293 quod
1387 2245 1505 2293 utique
1521 2250 1602 2294 post
1614 2246 1746 2294 pascha
1761 2247 1893 2284 factum

331 2309 401 2348 est,
420 2305 483 2341 hoc
501 2309 555 2340 est
570 2305 716 2340 sabbato
733 2304 988 2351 deuteroproto.
1017 2304 1127 2350 Igitur
1143 2303 1174 2339 si
1189 2303 1255 2339 iter
1268 2303 1354 2339 illud
1370 2313 1430 2350 per
1446 2309 1582 2350 segetes
1599 2307 1798 2351 susceptum
1813 2308 1894 2353 post

332 2363 424 2398 aliud
439 2361 586 2410 pascha,
610 2373 715 2409 quam
734 2361 825 2408 quod
842 2371 863 2396 a
878 2361 1053 2409 baptismo
1070 2361 1269 2408 proximum
1286 2363 1353 2404 est,
1375 2359 1508 2404 incidit,
1532 2361 1653 2408 procul
1669 2361 1773 2397 dubio
1789 2362 1892 2409 plura

332 2420 441 2455 tribus
458 2418 625 2467 paschata
642 2419 882 2455 constituenda
898 2422 989 2455 sunt,
1038 2417 1100 2454 Sin
1118 2418 1293 2454 conciliari
1309 2418 1377 2454 ista
1400 2421 1561 2466 possunt,
1585 2421 1623 2453 ut
1645 2429 1758 2465 neque
1779 2418 1889 2455 festus

333 2478 388 2512 ille
406 2477 477 2512 dies
495 2477 614 2513 Ioann.
630 2489 661 2512 v.
678 2475 808 2524 pascha
824 2477 886 2519 sit,
911 2479 946 2511 et
964 2475 1150 2511 sabbatum
1166 2474 1447 2523 deuteroproton,
1471 2474 1512 2511 de
1529 2485 1598 2522 quo
1614 2474 1726 2511 Lucas
1744 2485 1818 2523 cap.
1832 2488 1890 2520 vr„

333 2535 450 2570 statim
466 2538 546 2581 post
561 2534 711 2581 primum
727 2532 859 2581 pascha
874 2533 1096 2577 successerit,
1116 2530 1202 2568 nihil
1218 2532 1359 2568 omnino
1376 2531 1418 2567 de
1434 2543 1468 2568 ιν
1484 2531 1689 2580 paschatum
1711 2532 1890 2569 intervallo

333 2591 457 2627 confici
472 2594 599 2638 potest.
628 2590 717 2627 Nam
735 2589 827 2638 quod
844 2590 887 2626 ad
903 2590 1032 2626 festum
1049 2582 1140 2626 dlem
1156 2602 1188 2626 v.
1200 2588 1320 2626 Ioann.
1337 2599 1411 2637 cap.
1427 2591 1576 2638 spectat,
1593 2589 1693 2625 multi
1709 2593 1743 2625 et
1758 2590 1891 2636 gravis·

333 2649 410 2683 simi
429 2653 542 2695 patres
559 2651 690 2695 negant
706 2648 747 2683 de
763 2646 928 2695 paschate
945 2647 1100 2684 locutum
1115 2646 1298 2692 Ioannem,
1314 2645 1374 2683 sed
1390 2645 1449 2682 alii
1463 2649 1705 2694 pentecosten,
1722 2647 1782 2682 alii
1797 2647 1891 2683 aliud

333 2706 459 2740 sentum
478 2705 685 2752 intelligunt.
718 2704 817 2748 Quod
833 2710 948 2741 autem
964 2704 1097 2741 Irenaei
1113 2703 1351 2740 testimonium
1365 2702 1517 2746 affertur,
1533 2702 1602 2739 iam
1619 2713 1640 2738 a
1655 2703 1755 2739 nobis
1772 2707 1891 2740 contra

334 2763 425 2797 illius
442 2763 659 2798 autoritatem
678 2763 927 2810 praescriptum
945 2766 1015 2806 est,
1033 2761 1124 2809 quod
1140 2761 1170 2797 is
1187 2761 1320 2798 nullum
1334 2759 1427 2797 aliud
1438 2758 1568 2808 pascha
1580 2760 1769 2796 secundum
1782 2772 1890 2809 agno·

335 2820 420 2854 verit
438 2831 541 2865 quam
560 2819 651 2867 quod
669 2831 715 2855 vr.
733 2819 844 2867 capite
862 2822 1167 2862 commemoratum
1190 2829 1339 2866 quocum
1355 2817 1483 2854 festum
1500 2817 1599 2853 illum
1615 2817 1707 2854 diem
1722 2817 1841 2855 Ioann.
1856 2831 1887 2855 v.

334 2876 536 2912 confuderit.
563 2876 676 2918 Quare
689 2875 752 2912 hoc
766 2877 881 2924 ipsum
895 2876 962 2912 illis
975 2875 1119 2924 pascha,
1137 2875 1229 2923 quod
1241 2874 1359 2912 loann.
1368 2887 1400 2911 v.
1415 2874 1551 2921 legitur,
1568 2874 1669 2910 facile
1685 2875 1888 2920 remiserim,

335 2933 416 2969 dnm
434 2944 477 2968 ex
497 2933 626 2968 lrensel
643 2934 814 2969 sententia
830 2944 1050 2982 nequaquam
1068 2944 1089 2969 a
1104 2933 1292 2981 posteriore
1308 2931 1524 2975 discernant,
1540 2942 1653 2979 neque
1668 2932 1769 2979 plura
1784 2942 1889 2980 quam

335 2990 393 3026 ills
409 2988 571 3037 paschata
589 2988 722 3025 Christo
740 2991 903 3027 trlbusnt,
936 2990 1074 3027 Atenim
1099 2990 1166 3026 tria
1186 2993 1322 3026 tantum
1344 2990 1442 3025 erent
1464 2988 1554 3024 festa
1570 2989 1695 3036 quibus
1711 2989 1834 3025 sistere
1850 2999 1888 3025 se

336 3047 582 3094 Hierosolymis
608 3047 775 3094 oportuit,
798 3046 941 3094 pascha,
965 3050 1163 3094 pentecoste
1185 3050 1218 3083 ot
1239 3045 1456 3094 scenopegia.
1504 3046 1589 3082 Cum
1613 3056 1696 3093 ergo
1718 3057 1827 3083 unum
1842 3057 1887 3083 ex
