2008 3294
209 1500 236 1525 p.
250 1493 308 1520 457.

209 1614 236 1640 p.
249 1607 310 1635 458.

208 1729 236 1754 p.
250 1722 307 1749 191.

209 2472 236 2498 p.
252 2464 306 2493 m.

345 189 472 226 CLXX

344 294 421 328 citis
438 293 482 328 ad
497 303 598 327 suam
613 293 711 327 illam
726 292 941 339 probandam
955 294 1164 328 sententiam
1180 292 1296 335 affert,
1318 292 1453 328 nullum
1468 292 1647 328 dubitandi
1661 294 1776 328 locum
1790 295 1892 329 relin-

344 355 464 396 quunt.
488 350 696 384 Statuebant
710 349 805 384 enim
820 350 972 385 seniores
987 350 1039 385 ilii
1052 354 1133 397 post
1143 349 1368 385 commissum
1381 349 1638 396 aequinoctium
1649 350 1692 385 ad
1704 361 1892 398 vesperam,

344 419 412 453 quo
429 411 583 453 tempore
597 407 684 440 luna
697 406 736 441 in
751 407 859 442 altero
875 407 1090 454 aequinoctio
1108 419 1126 442 e
1141 407 1284 453 regione
1302 406 1413 442 solem
1433 407 1590 453 respicit,
1611 406 1668 451 τὴν
1690 408 1757 441 τῶν
1779 407 1893 454 διαβα-

343 463 462 509 τηρίων
478 462 602 509 ἑορτὴν,
618 461 684 498 hoc
701 467 754 498 est
766 463 896 510 pascha
908 464 1086 499 Iudaicum
1103 465 1162 510 agi
1177 463 1312 499 debere.
1358 462 1434 499 Hoc
1449 467 1567 499 antem
1589 476 1661 500 xiv.
1677 465 1764 499 luna.
1776 464 1822 499 ad
1835 474 1893 500 ve-

343 531 480 567 speram
503 520 714 555 celebratum
735 523 801 556 est.
845 520 938 567 Ergo
960 532 1031 556 x1v.
1055 522 1092 556 in
1115 521 1231 567 ipsum
1255 520 1515 566 aequinoctium
1537 521 1660 556 cadere
1683 520 1801 564 debet,
1822 532 1894 557 non

341 577 561 624 praecedere3
584 577 667 623 quis.
682 576 763 624 μετὰ
777 576 834 622 τὴν
850 576 1032 624 ἰσημερίαν,
1054 582 1094 613 ut
1108 578 1247 624 saepius
1263 577 1403 624 repetit,
1423 577 1561 613 Iudaico
1581 576 1713 624 pascha
1726 588 1894 625 peragen-

343 634 426 670 dum
441 638 506 671 est.
531 634 619 669 Cum
629 634 739 680 igitur
749 634 785 670 id
797 635 889 681 qnod
899 635 1036 670 dixerat
1048 646 1092 670 ex
1105 635 1312 670 Iudaeorum
1324 634 1503 670 doctorum
1517 635 1689 670 sententia
1701 635 1895 682 profectum

341 695 489 734 asserat,
506 691 624 727 Iudaei
637 703 741 738 porro
757 704 828 728 xrv.
844 696 975 738 negent
986 696 1067 728 ante
1079 691 1338 738 aequinoctium
1349 690 1455 727 indici
1465 702 1587 738 posse,
1602 691 1826 728 manifestum
1841 695 1896 728 est

342 749 542 784 Anatolium
557 749 649 784 nolle
664 761 736 785 xxv.
754 753 833 784 ante
848 749 964 796 ipsum
979 749 1190 795 aequinoctii
1201 749 1293 783 diem
1308 751 1470 784 statuere.
1492 748 1697 784 Praesertim
1709 759 1788 784 cum
1800 748 1895 785 Chri·

343 806 457 841 stiana
468 817 540 842 xrv.
553 817 598 840 ex
610 806 849 842 vetustissima
860 807 1044 841 traditione
1056 807 1092 841 in
1105 805 1363 853 aequinoctium
1377 806 1493 852 ipsum
1501 832 1509 848 ‚
1525 817 1597 841 non
1609 809 1689 841 ante
1701 805 1793 841 hunc
1804 805 1895 842 diem

341 863 493 898 incidere
509 862 640 898 debeat.
687 862 855 905 Quocirca.
869 864 996 898 vitiosa
1012 867 1065 898 est
1078 864 1222 909 vulgata
1236 863 1296 897 illa
1310 863 1413 898 lectio
1436 861 1509 897 κατ’
1526 861 1643 909 αὐτὴν,
1667 866 1702 898 et
1721 861 1794 898 κατ’
1811 862 1892 898 αὐτὸ

342 919 613 956 rescribendum.
651 920 752 955 Hunc
770 921 920 955 Anatolii
933 921 1050 955 locum
1065 921 1275 955 novissimus
1291 920 1459 966 interpres
1476 919 1572 966 (nm
1587 920 1629 954 fle
1643 919 1785 955 Ruffino
1800 923 1895 967 post-

342 977 486 1012 modum
501 979 663 1023 agemus)
679 987 892 1024 magnopere
908 977 1117 1024 depravavit.
1163 977 1222 1012 Sic
1238 977 1331 1012 enim
1346 977 1464 1011 vertit:
1499 977 1716 1023 Quapropter
1730 979 1788 1022 qm·
1795 980 1895 1024 prin-

343 1036 584 1080 cipiumpn‘mi
597 1037 719 1069 mensis
734 1037 770 1069 in
785 1036 844 1069 illo
860 1046 956 1071 xxvr.
972 1036 1026 1069 die
1037 1034 1246 1069 Phamenoth
1259 1046 1328 1069 esse
1334 1039 1478 1080 putant,
1495 1035 1545 1068 ad
1558 1045 1630 1070 xsv.
1645 1035 1732 1069 diem
1741 1036 1896 1080 pro-sime

341 1092 522 1126 secundum
536 1092 629 1125 illum
636 1094 764 1136 festum
774 1091 958 1137 paschatis
974 1092 1211 1126 celebrandum
1226 1097 1393 1133 etamunt,
1418 1102 1471 1126 eos
1486 1090 1693 1126 veliementer
1707 1102 1829 1126 errare
1844 1092 1895 1126 ds*-

343 1150 457 1183 cimus.
480 1147 621 1183 Putavit
632 1149 724 1194 αὐτῷ
736 1148 781 1182 ad
797 1159 891 1183 xxvr.
905 1147 994 1184 diem
1007 1149 1178 1195 pertinere
1186 1175 1194 1191 ,
1211 1159 1291 1183 cum
1303 1147 1344 1183 de
1356 1150 1533 1195 postremo
1546 1147 1705 1194 signiferi
1716 1150 1895 1194 segmento

342 1205 389 1240 sit
402 1205 653 1252 accipiendum.
702 1204 935 1246 Quamobrem
956 1216 1001 1240 ex
1022 1205 1205 1252 disputatis
1225 1204 1393 1240 hactenus
1414 1208 1557 1252 apparet
1574 1205 1726 1251 primum
1741 1215 1896 1240 mensem

341 1262 544 1309 Tropicum,
561 1262 633 1297 sive
650 1262 779 1309 Κριῶνα
794 1261 850 1297 hic
866 1262 911 1297 ab
926 1262 1086 1298 Anatolio
1102 1263 1260 1309 intelligi.
1287 1262 1407 1309 Neque
1423 1262 1516 1297 enim
1530 1262 1663 1297 lunaris
1679 1273 1757 1297 esse
1770 1265 1896 1309 potest,

341 1331 420 1354 cum
441 1320 478 1354 in
494 1319 730 1354 Alexandrino
752 1319 849 1365 cyclo
873 1320 1056 1356 neomenia
1077 1320 1181 1367 primi
1202 1320 1334 1355 mensis
1357 1320 1455 1366 cyclo
1470 1319 1583 1366 primo
1604 1319 1650 1355 sit
1663 1319 1895 1357 Martiixxm.

340 1376 431 1412 Nam
447 1375 673 1412 Alexandrini
695 1376 786 1422 cycli
807 1387 920 1411 annus
941 1377 1073 1422 primus
1096 1376 1295 1424 paschalem
1317 1377 1538 1412 neomeniam
1554 1377 1598 1412 ab
1613 1375 1680 1412 hoc
1695 1376 1750 1412 die
1763 1376 1895 1423 incipit,

340 1434 543 1469 Latinorum
567 1445 648 1468 vero
671 1437 754 1480 post
773 1433 1049 1470 Alexandrinum
1069 1439 1248 1481 receptum
1268 1434 1401 1481 primus
1422 1435 1542 1480 cyclus
1563 1434 1642 1469 iniit
1655 1433 1737 1480 Apr.
1749 1445 1815 1477 1v.,
1837 1434 1897 1480 qui

343 1494 396 1526 est
410 1490 667 1526 Alexandrinus
683 1491 800 1537 cyclus
816 1491 976 1534 ultimus,
997 1494 1037 1526 ut
1052 1491 1152 1535 alibi,
1176 1491 1239 1527 deo
1257 1491 1378 1534 dante,
1401 1491 1513 1527 fusius
1530 1491 1742 1527 docebimus.
1774 1490 1848 1536 [Sic
1863 1494 1898 1527 et

342 1548 548 1584 Ambrosius
563 1548 601 1583 in
617 1548 764 1595 epistola
779 1548 823 1583 ad
834 1548 1003 1583 Aemiliae
1019 1548 1217 1595 episcopos:
1235 1549 1368 1583 Incidit
1378 1555 1488 1584 autem
1503 1551 1625 1583 mensis
1641 1561 1705 1583 non
1717 1550 1898 1584 secundam

342 1607 518 1652 eulqarem
533 1618 642 1648 usum,
665 1607 728 1640 sed
740 1607 921 1640 secundum
938 1607 1205 1641 consuetudinem
1219 1608 1409 1652 peritorum
1433 1606 1476 1640 ab
1499 1608 1726 1652 aequinoctio,
1748 1617 1804 1653 qm
1826 1607 1898 1643 dise

343 1670 395 1698 est
414 1664 609 1698 duodecimo
625 1662 710 1698 Kal.
723 1663 814 1709 Apr.
831 1668 864 1698 et
874 1665 1000 1709 finitur
1019 1665 1194 1698 undecimo
1210 1663 1295 1698 Kal.
1312 1663 1401 1699 Mai.
1448 1663 1536 1698 Inde
1558 1666 1702 1698 maxime
1723 1666 1818 1699 intra
1838 1662 1899 1700 Ises

343 1724 486 1766 triyinta
502 1726 536 1755 et
548 1733 647 1755 unum
664 1721 738 1755 dies
752 1732 856 1766 saepe
871 1720 1036 1756 celebrati
1043 1720 1203 1767 paschae
1219 1702 1320 1765 ἀίει]
1362 1719 1450 1755 Cum
1470 1720 1578 1767 igitur
1598 1720 1783 1756 neomenia
1794 1720 1898 1768 primi

342 1778 473 1813 mensis
496 1778 629 1813 lunaris
654 1788 696 1813 ea
718 1778 779 1820 sit,
803 1787 893 1824 quae
915 1780 996 1824 post
1018 1778 1275 1824 aequinoctium
1296 1777 1455 1824 proxime
1481 1777 1647 1824 sequitur,
1671 1780 1816 1825 apparet
1836 1787 1898 1813 eur

342 1834 570 1870 Alexandrini
586 1838 621 1870 et
635 1845 696 1870 eos
713 1834 823 1870 secuti
838 1834 983 1870 Nicaeni
997 1837 1114 1881 patres
1131 1836 1267 1881 cyclum
1282 1847 1306 1872 1.
1327 1834 1444 1870 Martii
1458 1846 1563 1872 xxm.
1583 1834 1783 1878 statuerint,
1805 1834 1897 1881 quod

342 1892 500 1927 videlicet
514 1891 667 1927 Anatolii
681 1895 964 1938 caeterorumque
981 1891 1152 1938 paschalis
1173 1892 1262 1938 cycli
1285 1891 1501 1929 conditorum
1515 1891 1572 1927 vel
1592 1894 1748 1938 tempore
1762 1891 1819 1927 vel
1839 1891 1896 1927 de·

342 1953 435 1984 creto
451 1948 663 1995 aequinoctii
678 1947 777 1983 sedes
794 1952 887 1983 esset
901 1949 1019 1983 Martii
1034 1959 1121 1984 xxn.
1153 1948 1251 1984 Unde
1266 1948 1348 1984 licet
1363 1947 1620 1995 aequinoctium
1633 1947 1672 1984 in
1687 1959 1759 1984 xxr.
1775 1952 1897 1995 postea

342 2006 532 2048 transierit,
554 2016 618 2041 nec
634 2005 752 2040 citima
767 2005 952 2041 neomenia
973 2017 1060 2041 xxn.
1077 2005 1195 2041 Martii
1212 2003 1414 2051 contigerit,
1435 2003 1660 2040 nihilominus
1677 2005 1813 2051 cyclum
1827 2006 1896 2053 pri-

342 2074 440 2099 mum
462 2062 570 2099 veteri
592 2062 743 2098 statione
765 2074 836 2098 non
860 2062 1088 2098 dimoverant.
1135 2061 1248 2105 Quare
1270 2061 1455 2098 neomenia
1475 2060 1643 2104 Krionos,
1671 2062 1743 2097 sive
1765 2063 1895 2100 mensis

342 2121 446 2168 primi
461 2120 584 2155 solaris
601 2123 655 2155 est
675 2119 814 2155 citimus
836 2120 1006 2155 terminus
1029 2118 1219 2166 paschalis,
1243 2119 1316 2155 sive
1339 2130 1430 2162 xiv„
1456 2128 1544 2164 quae
1568 2129 1614 2154 ex
1633 2118 1787 2155 Anatolii
1808 2121 1894 2156 scito

342 2177 503 2213 convenit
517 2177 615 2223 cyclo
629 2188 661 2213 v.
694 2176 782 2212 Nam
799 2176 917 2223 cyclus
934 2175 1276 2219 decemnovennalis,
1293 2176 1366 2211 sive
1382 2174 1572 2222 paschalis,
1589 2178 1709 2211 autore
1724 2175 1836 2220 Beda,
1852 2177 1896 2213 ad

343 2234 510 2270 terminos
526 2234 600 2270 sive
617 2233 769 2269 decimas
785 2237 924 2280 quartas
941 2234 1078 2270 lunares
1094 2232 1355 2280 investigandas
1371 2232 1652 2268 accommodatus
1672 2236 1741 2277 est,
1764 2233 1816 2269 uti
1838 2245 1895 2281 cy-

343 2292 418 2327 clus
435 2291 567 2327 lunaris
583 2290 626 2326 ad
643 2291 830 2327 novilunia.
876 2290 1025 2338 Ideoque
1042 2291 1164 2327 merito
1180 2290 1311 2338 primus
1328 2288 1500 2337 paschalis
1515 2290 1644 2325 mensis
1660 2300 1681 2324 a
1695 2290 1809 2337 prima
1823 2302 1894 2327 xiv.

344 2349 472 2396 coepit,
494 2347 558 2385 hoc
582 2351 637 2384 eet
658 2348 703 2384 ab
725 2348 935 2396 aequinoctii
955 2348 1026 2391 die,
1048 2347 1142 2395 quod
1164 2347 1344 2383 Anatolius
1366 2347 1402 2382 iu
1421 2346 1535 2383 Martii
1551 2358 1637 2383 xxxx.
1659 2348 1894 2385 constituerat.

343 2406 493 2453 Indeque
509 2409 647 2442 constat
661 2416 732 2442 non
748 2406 784 2442 in
801 2405 962 2442 omnibus
977 2405 1150 2453 paschalis
1165 2405 1296 2441 mensis
1312 2403 1432 2440 diebus
1448 2402 1579 2451 pascha
1599 2404 1764 2440 celebrari
1778 2416 1894 2452 posse,

342 2463 404 2499 sed
419 2463 639 2499 neomeniam
655 2463 730 2499 eius
741 2463 874 2511 excipi,
890 2473 978 2510 quse
992 2467 1060 2506 est,
1076 2462 1129 2498 uti
1140 2462 1229 2506 dixi,
1246 2473 1316 2498 xiv.
1329 2461 1416 2508 cycli
1428 2473 1459 2497 v.
1484 2459 1582 2504 Quod
1594 2461 1708 2508 ipsum
1721 2466 1757 2497 et
1768 2462 1894 2498 Anato-

342 2522 409 2557 lius
426 2520 572 2565 indicat,
595 2531 676 2557 cnm
692 2531 752 2556 eos
769 2519 986 2568 reprehendit
1001 2520 1061 2567 qui
1076 2520 1111 2555 in
1129 2519 1296 2567 superiori
1312 2521 1510 2566 segmento,
1535 2517 1626 2565 quod
1649 2518 1810 2555 ultimum
1831 2523 1894 2563 est,

343 2578 493 2625 primum
509 2588 666 2614 mensem
683 2582 718 2614 et
734 2589 803 2614 siv.
820 2578 978 2614 lunarem
994 2577 1175 2613 collocant.
1210 2575 1432 2623 Consequens
1448 2574 1541 2611 enim
1557 2578 1610 2610 est
1625 2574 1777 2611 decimas
1793 2586 1894 2623 quar-

344 2640 397 2670 iss
413 2635 551 2671 lunares
569 2646 690 2671 omnes
705 2635 796 2671 intra
812 2634 915 2682 primi
931 2634 1060 2671 mensis
1077 2632 1246 2682 epocham
1261 2633 1422 2670 coerceri.
1458 2630 1556 2675 Quod
1573 2642 1652 2668 cum
1666 2631 1764 2668 Beda
1777 2633 1894 2669 minus

344 2692 662 2735 animadvertisset,
682 2692 772 2728 falso
795 2691 939 2728 credidit
954 2691 1152 2728 Anatolium
1174 2700 1252 2727 eam
1272 2689 1374 2738 primi
1388 2689 1517 2726 mensis
1533 2690 1750 2726 neomeniam
1767 2691 1894 2726 consti-

344 2748 468 2792 tuisse,
484 2749 520 2785 in
537 2758 641 2796 quam
660 2749 816 2785 citimum
832 2748 962 2797 pascha
976 2748 1187 2785 conveniret.
1219 2746 1307 2783 Nam
1324 2746 1382 2794 qui
1396 2749 1504 2793 negat
1518 2757 1587 2783 xxv.
1600 2746 1797 2793 paschalem
1813 2751 1893 2783 ante

344 2805 480 2841 initium
498 2806 600 2853 primi
617 2807 747 2842 mensis
766 2806 933 2850 incidere,
957 2805 1060 2853 idque
1081 2805 1195 2853 ipsum
1217 2804 1347 2840 mensis
1368 2803 1503 2840 initium
1521 2803 1654 2840 alisi.
1670 2803 1762 2849 figit,
1785 2804 1893 2840 maui-

343 2862 431 2898 ieste
447 2862 605 2910 prohibet
619 2863 696 2911 ipso
713 2863 843 2899 mensis
866 2863 963 2899 initio
986 2861 1117 2911 pascha
1138 2861 1320 2905 celebras-13
1342 2858 1434 2909 qnod
1456 2859 1485 2896 ei
1506 2859 1583 2905 flat,
1605 2861 1676 2896 iam
1698 2872 1770 2898 xiv.
1795 2866 1894 2897 extra

343 2919 467 2967 prioris
485 2920 612 2955 mensis
628 2920 716 2956 iines
733 2920 849 2967 egredi
867 2925 902 2956 et
918 2921 953 2956 in
970 2920 1129 2956 ultimum
1144 2918 1240 2955 reiici
1254 2927 1396 2956 necesse
1410 2916 1467 2953 sit.

434 2974 523 3011 Nem
546 2976 638 3023 quod
661 2978 878 3024 aequinoctio
900 2977 1044 3013 biduum
1066 2976 1171 3012 tribui
1195 2979 1353 3023 oportere
1367 2978 1502 3018 narrat,
1524 2973 1634 3021 eoque
1650 2975 1709 3021 qui
1725 2974 1893 3022 posterior

345 3037 398 3069 est
413 3032 467 3069 dis
483 3032 611 3080 paseha
627 3034 809 3078 celebrari,
834 3034 875 3070 de
897 3044 966 3081 quo
983 3038 1016 3070 et
1032 3033 1237 3070 Anatolium
1246 3031 1341 3080 loqui
1356 3035 1471 3080 putat,
1496 3042 1614 3068 verum
1634 3032 1670 3067 id
1685 3032 1825 3079 quidem
1841 3036 1894 3069 est
