2008 3294
1551 202 1693 238 CLXXI

148 306 405 353 aequinoctium
425 304 647 352 μετεμπτώσει
669 306 706 340 in
729 308 931 352 sequentem
951 304 1044 340 diem
1065 316 1265 349 excurrere,
1289 306 1351 342 sed
1373 317 1418 341 ex
1440 306 1612 341 ambobus
1633 317 1695 352 po-

147 363 239 399 litice
256 363 300 398 ad
315 363 525 410 aequinoctii
539 362 673 405 sedem,
697 363 848 409 annique
870 361 1043 401 cardinem
1067 362 1123 398 ille
1147 362 1310 410 deligitur
1327 363 1365 398 in
1381 375 1449 409 quo
1463 363 1646 411 praecipue
1662 367 1696 398 et

146 420 304 455 maxima
317 419 482 467 temporis
497 423 595 467 parte
611 420 750 455 retineri
765 419 923 462 creditur,
944 429 1014 455 non
1036 419 1066 454 is
1087 419 1124 454 in
1147 430 1252 466 quem
1273 421 1444 466 evagandi
1457 420 1598 456 licentia
1610 431 1695 468 pau-

145 477 246 512 latim
261 476 457 520 effunditur,
480 487 543 511 nec
559 476 596 511 in
613 487 654 511 eo
670 480 788 512 tamen
803 475 930 512 diutius
945 476 1120 519 consistit,
1141 487 1261 512 verum
1277 477 1537 513 intercalatione
1549 477 1695 514 subinde

146 533 240 569 velut
255 533 405 581 quodam
420 533 540 569 fraeno
557 537 746 570 revocatur.
779 532 981 570 Cuiusmodi
996 543 1041 567 ex
1057 533 1210 568 Anatolii
1225 534 1386 580 opinione
1401 547 1488 570 xxxx.
1504 535 1621 570 Martii
1634 545 1695 570 ex·

146 591 258 627 titisse
274 589 369 626 Beda
383 593 512 627 narrat.
559 589 657 632 Quod
680 602 780 626 secus
801 601 839 626 se
859 589 974 626 habet.
1020 589 1161 636 Alioqui
1176 590 1207 625 si
1221 591 1422 638 plerumque
1438 592 1475 627 in
1491 604 1563 628 xxx.
1577 592 1696 629 Martii

146 647 404 695 aequinoctium
419 647 659 691 contineretur,
683 659 723 683 ac
745 647 885 683 nonnisi
904 646 1056 683 secundo
1072 647 1128 682 vel
1142 648 1243 683 tertio
1259 651 1340 695 post
1354 649 1528 684 bisextum
1544 660 1635 685 anno
1652 649 1696 685 ad

145 716 233 742 xxxx.
247 704 442 747 accederet,
458 704 528 740 imo
541 716 622 740 vero
635 715 679 740 ne
690 707 838 752 utroque
847 705 908 740 illo
920 715 1010 740 anno
1023 704 1163 751 quidem
1175 705 1285 740 civilis
1299 705 1366 740 diei
1377 709 1487 740 metas
1500 707 1695 753 attingeret,

145 760 211 797 hoc
227 759 366 797 estnon
381 761 472 797 ultra
486 762 636 797 mediam
651 765 789 798 noctem
805 773 836 798 a.
849 761 882 797 d.
897 773 945 798 xx.
958 760 1035 798 Kal.
1046 761 1129 809 Apr.
1145 773 1327 808 nunquam
1339 762 1520 798 Anatolius
1534 776 1619 800 xxxx.
1634 775 1695 811 po-

144 818 214 854 tius
229 829 335 866 quam
351 831 423 856 xxx.
438 819 523 854 anni
539 819 715 856 cardinem
730 830 771 855 ac
784 818 983 867 paschalem
1002 819 1190 854 termmum
1211 819 1435 866 assignasset.
1467 819 1695 862 Quemadmo-

146 875 228 911 dum
242 874 309 911 hoc
319 878 474 924 tempore
486 881 565 924 post
579 876 827 924 Gregorianam
841 876 1076 912 recensionem
1085 902 1094 919 ‚
1109 876 1192 911 licet
1205 877 1464 923 aequinoctium
1480 877 1562 911 κατὰ
1579 877 1695 924 μετέμ-

145 943 268 967 πτωσιν
280 933 318 968 in
330 933 504 980 aequabili
515 945 607 970 anno
619 934 664 970 ad
675 933 825 970 mediam
835 933 907 969 sere
921 936 1059 969 noctem
1069 959 1078 977 ,
1095 943 1184 980 quae
1200 945 1287 969 xxxx.
1303 933 1493 977 antecedit,
1508 935 1696 981 perveniat,

144 988 368 1026 nihilominus
383 990 419 1026 in
435 1003 507 1027 xxx.
525 991 679 1027 defixum
700 994 770 1034 est,
792 990 884 1038 quod
907 1001 987 1026 eum
1007 989 1101 1026 diem
1123 994 1197 1026 toto
1218 990 1291 1026 fere
1313 990 1446 1026 Iuliano
1468 991 1695 1038 quadriennio

143 1047 321 1093 percurrit.
373 1047 451 1083 Non
467 1051 522 1084 est
535 1048 642 1095 igitur
659 1047 884 1084 dubitandum
900 1047 984 1095 quin
999 1047 1179 1083 Anatolius
1195 1060 1243 1084 xx.
1255 1047 1330 1083 Kal.
1342 1048 1423 1095 Apr.
1440 1049 1696 1095 aequinoctium

144 1103 244 1139 civile
267 1105 427 1140 statuerit
447 1105 490 1140 ad
512 1116 593 1141 eum
612 1105 772 1148 modum,
796 1115 866 1152 quo
889 1107 970 1152 post
990 1103 1183 1140 Nicaenum
1206 1105 1391 1141 concilium
1411 1105 1448 1141 in
1473 1117 1534 1142 xxx.
1549 1106 1694 1142 Kalend.

144 1161 352 1197 translatum
368 1165 438 1204 est;
459 1162 545 1198 adeo
565 1165 604 1198 ut
623 1163 719 1198 nulla
740 1173 812 1199 xxv.
829 1162 930 1204 luna,
951 1172 1040 1208 quae
1056 1165 1137 1197 ante
1159 1174 1207 1199 xx.
1222 1161 1299 1197 Kal.
1316 1162 1503 1206 accideret,
1523 1163 1695 1210 paschalia

143 1216 338 1254 haberetur.
370 1218 408 1254 Id
425 1219 516 1255 enim
532 1219 684 1254 Anatolii
699 1219 804 1254 verba
818 1218 1043 1254 disertissime
1057 1222 1238 1255 testantur.

234 1275 327 1310 Sane
343 1276 373 1311 si
388 1276 539 1312 mediam
561 1277 644 1312 anni
663 1276 787 1323 tropici
807 1276 956 1312 formam
978 1276 1166 1323 sequimur,
1189 1276 1383 1312 cuiusmodi
1404 1282 1459 1312 est
1472 1277 1696 1325 Alphonsma,

144 1342 233 1378 quae
250 1333 392 1368 caeteris
409 1334 639 1380 anteponitur,
661 1333 814 1370 Anatolii
835 1337 990 1380 tempore
1010 1334 1268 1380 aequinoctium
1283 1335 1463 1382 utriusque
1479 1335 1548 1371 diei
1561 1339 1696 1383 partem

144 1401 190 1424 ex
205 1400 316 1436 aequo
332 1390 400 1425 sibi
415 1389 629 1427 vendicabat.
660 1390 759 1426 Vixit
779 1390 873 1426 cuim
893 1390 1008 1426 medio
1031 1391 1102 1426 rere
1125 1391 1227 1426 tertio
1249 1396 1330 1439 post
1349 1395 1462 1428 ortum
1479 1392 1606 1428 Christi
1621 1404 1696 1428 sae-

143 1447 234 1484 culo.
267 1446 422 1494 Cumque
438 1458 529 1483 anuo
547 1446 674 1483 Christi
689 1457 747 1484 cc.
765 1443 1022 1495 aequinoctium
1037 1459 1182 1484 vernum
1197 1449 1383 1496 contigerit
1396 1450 1512 1485 Martii
1527 1462 1616 1492 xxx.,
1635 1450 1695 1485 ho-

143 1503 190 1538 ris
207 1503 239 1546 7,
259 1503 316 1546 16,
336 1501 412 1540 133¹
428 1507 508 1552 post
522 1505 716 1548 meridiem,
733 1516 824 1540 anno
839 1516 920 1540 vero
938 1515 1020 1542 ccc.
1034 1506 1152 1542 Martii
1169 1518 1243 1549 xx.,
1263 1505 1358 1542 horis
1378 1507 1435 1549 13,
1452 1505 1524 1550 22¹,
1541 1505 1641 1543 53.''=
1665 1509 1696 1543 si

144 1571 327 1596 excessum
342 1560 595 1608 Alphonsinum
612 1573 654 1598 ex
671 1573 782 1609 aequo
797 1562 972 1610 partiaris,
994 1563 1149 1598 invenies
1171 1573 1193 1598 a
1211 1563 1354 1599 meridie
1368 1563 1478 1599 formo
1494 1576 1566 1600 xxx.
1580 1565 1697 1600 Martii

142 1617 187 1652 ad
201 1618 380 1654 meridiem
396 1630 482 1655 xxxx.
495 1619 752 1666 aequinoctium
769 1620 859 1655 ultro
879 1620 1033 1667 citroque
1050 1631 1276 1657 commeasse.
1300 1621 1369 1657 Sed
1381 1621 1563 1656 Anatolius
1579 1622 1696 1669 aequi-

142 1675 297 1710 noctium
318 1675 420 1719 illud,
445 1675 536 1723 quod
560 1687 582 1711 a
602 1676 792 1712 maioribus
816 1681 1011 1725 acceperat,
1034 1677 1071 1712 in
1092 1689 1181 1714 xxxx.
1197 1678 1356 1722 retinnit,
1379 1689 1462 1714 cum
1475 1679 1695 1715 Ptolomaeus

142 1734 216 1767 toto
231 1735 312 1767 ante
327 1733 468 1768 saeculo
478 1744 624 1768 vernum
641 1734 898 1780 aequinoctium
914 1747 1000 1770 xxxx.
1012 1735 1130 1770 Martii
1144 1735 1180 1770 in
1196 1735 1339 1770 meridie
1354 1735 1588 1780 observasset,
1604 1748 1695 1772 anno

143 1788 269 1824 Christi
285 1799 382 1833 σιμ,
404 1790 569 1825 δὶεοιιῦὶ.
615 1789 662 1826 Ut
676 1790 741 1826 hac
755 1791 888 1826 ratione
903 1792 994 1827 inter
1009 1791 1187 1828 meridiem
1203 1805 1289 1828 xxxx.
1306 1796 1341 1828 et
1356 1804 1456 1829 xxm.
1474 1794 1696 1840 progredere·

142 1849 209 1882 tur.
234 1845 334 1889 Quod
350 1847 381 1882 si
395 1846 598 1883 Ptolemaici
613 1851 648 1883 et
659 1847 867 1895 Hipparchei
883 1849 965 1884 anni
980 1849 1145 1892 formam,
1162 1860 1251 1896 quae
1268 1859 1350 1885 ccc.
1363 1850 1464 1885 annis
1480 1850 1571 1886 diem
1587 1862 1696 1886 unum

142 1903 296 1949 perimit,
311 1903 491 1940 Anatolius
507 1905 692 1952 amplexus
708 1905 768 1948 sit,
785 1916 864 1940 cum
877 1905 1056 1952 προήγησις
1068 1907 1147 1954 plus
1163 1907 1278 1942 minus
1295 1917 1465 1942 annorum
1482 1910 1620 1943 centum
1635 1907 1695 1943 ho-

142 1970 199 1995 ras
220 1971 294 1996 vxxx.
316 1961 485 2008 postulet,
512 1962 668 1997 invenies
690 1962 841 1998 Anatolii
863 1974 948 1998 aevo
972 1963 1230 2010 aequinoctium
1255 1964 1291 1999 in
1318 1975 1410 2000 anno
1438 1965 1592 2000 bisextili
1615 1977 1696 2000 con-

141 2017 262 2064 tigisse
285 2020 363 2053 octo
387 2018 520 2054 circiter
542 2019 636 2054 horis
661 2023 741 2054 ante
763 2019 942 2055 meridiem
965 2020 1033 2056 diei
1049 2032 1136 2056 xxxx.
1158 2021 1371 2068 proindeque
1395 2022 1584 2058 bellissime
1604 2022 1696 2058 hunc

140 2075 255 2122 ipsum
272 2074 363 2110 diem
379 2075 515 2111 civilem
535 2076 754 2123 aequinoctio
775 2077 1030 2123 praestitutum.
1063 2077 1217 2113 Tametsi
1238 2077 1313 2113 fieri
1333 2082 1448 2125 potest
1468 2084 1507 2115 ut
1527 2081 1696 2127 tropicam

140 2131 235 2167 illam
259 2131 490 2179 προέμπτωσιν
510 2133 650 2180 penitus
671 2133 957 2176 dissimulaverit,
981 2138 1020 2170 ut
1042 2138 1122 2182 post
1143 2135 1333 2171 Nicaenum
1356 2137 1542 2172 concilium
1565 2138 1697 2184 aliquot

141 2188 288 2224 saeculis
302 2188 499 2235 ignoratam
514 2201 591 2226 esse
606 2194 757 2234 constat,
774 2195 808 2226 et
824 2191 868 2226 ab
883 2192 961 2238 ipso
977 2191 1075 2227 Beda
1089 2193 1290 2239 praecipue,
1307 2194 1367 2240 qui
1380 2198 1563 2240 propterea
1577 2195 1695 2229 multis

140 2245 251 2280 modis
266 2245 497 2283 hallucinatus
513 2251 577 2284 est.
624 2247 715 2284 Nam
737 2259 782 2283 ex
806 2248 926 2284 eadem
947 2248 1134 2296 hypothesi
1149 2249 1264 2285 Bedae
1285 2251 1423 2286 saeculo
1440 2252 1695 2297 aequinoctium

139 2303 281 2350 longius
302 2314 325 2338 a
339 2315 427 2340 xxxx.
445 2309 635 2340 recesserat
661 2308 696 2340 et
716 2305 760 2340 ad
784 2317 883 2342 xvxxx.
907 2313 1122 2352 pervenerat.
1165 2307 1210 2342 Et
1229 2312 1348 2342 tamen
1370 2309 1415 2342 ad
1435 2307 1696 2354 horologiorum

139 2370 423 2408 gnomonumque
446 2361 550 2411 fidem
573 2366 756 2409 provocat,
781 2366 819 2398 ut
841 2363 1100 2409 aequinoctium
1122 2363 1284 2400 Nicaenis
1307 2365 1392 2411 ipsis
1417 2365 1613 2400 cardinibus
1636 2365 1695 2399 ad-

139 2418 276 2454 scribat.

183 2555 382 2592 INSIGNIS
399 2555 568 2599 ERROR,
586 2556 670 2592 IMO
688 2556 925 2600 HAERESIS,
945 2556 1192 2593 SCOTORUM
1209 2558 1412 2601 MAXIME,
1431 2559 1494 2594 EX
1514 2559 1658 2595 FALSA

184 2611 365 2661 RUEFINI
385 2612 806 2649 INTERPRETATIONE
829 2613 952 2650 NATA
974 2614 1291 2657 DEGMRATUR,
1314 2615 1372 2650 ΕΤ
1395 2615 1648 2652 ANATOLIUS

626 2671 657 2706 A
680 2670 914 2706 CALUMNIA
936 2670 1205 2707 LIBERATUR.

230 2758 358 2797 Verum
377 2764 417 2797 nt
438 2765 511 2797 tam
527 2762 698 2798 absurdae
719 2762 1008 2808 interpretationis
1027 2762 1218 2808 errorisque
1235 2763 1368 2798 fontem
1380 2764 1591 2811 aperiamus,
1608 2766 1693 2801 scito

142 2827 214 2851 non
234 2819 308 2852 tam
324 2828 401 2855 eam
411 2818 527 2855 Bedae
538 2819 688 2855 hominis
701 2819 926 2854 eruditissimi
948 2822 983 2853 et
1003 2819 1040 2854 in
1061 2830 1102 2854 eo
1124 2830 1251 2866 genere
1267 2821 1547 2857 exercitatissimi
1557 2823 1693 2870 culpam

144 2883 237 2916 esse,
253 2873 313 2920 qui
323 2874 472 2911 Anatolii
489 2875 622 2912 Graeca
636 2887 708 2911 non
723 2876 869 2919 viderat,
885 2887 991 2922 quam
1006 2876 1140 2911 Ruffini
1155 2877 1349 2924 scriptoris,
1364 2882 1404 2913 ut
1419 2890 1539 2915 omnes
1556 2885 1693 2923 norunt,

143 2928 365 2976 ineptissimi,
381 2931 440 2977 qui
455 2932 489 2968 in
500 2933 702 2968 mutilandis
715 2932 1010 2980 depravandi-sque
1022 2937 1178 2969 veterum
1190 2934 1325 2981 scriptis
1339 2936 1456 2982 potius
1472 2947 1576 2982 quam
1591 2937 1694 2972 inter-

143 2986 324 3031 pretendit
333 2987 453 3024 stilum
467 2999 570 3025 auum
585 2990 751 3025 exercuit.
795 2990 860 3024 Hic
881 2990 974 3025 enim
998 3001 1043 3025 ex
1059 2990 1210 3026 Anatolii
1224 2992 1338 3027 verbis
1361 2993 1528 3028 nonnulla
1543 2995 1694 3035 sustulit,

145 3037 235 3091 quae
252 3045 326 3078 tam
342 3042 458 3081 Bedae
481 3057 586 3094 quam
606 3047 684 3082 aliis
706 3046 912 3094 quibusdam
934 3048 1125 3094 turpissimi
1141 3049 1266 3084 erroris
1281 3050 1499 3086 occasionem
1517 3050 1692 3086 dederunt.

1732 2088 1759 2114 p.
1773 2081 1832 2107 19³.
