2008 3294
1576 189 1685 225 CXLI

132 298 336 333 neomeniae
352 297 491 333 lunares
507 296 544 331 in
561 307 608 331 ιι.
621 295 701 331 Iulii
716 299 752 332 et
766 307 827 333 vu.
840 294 978 333 Octobr.
994 293 1212 337 incidissent,
1237 303 1327 340 quae
1343 296 1397 329 est
1411 292 1611 340 olympinae
1626 303 1686 339 pe-

132 355 221 390 riodi
232 358 331 390 vetus
347 352 494 402 epocha,
511 364 557 388 ex
569 352 705 400 Galippi
719 351 928 400 praescripto
945 351 1126 398 periodum
1146 354 1373 386 retexuerunt
1393 361 1590 397 novamque
1605 361 1686 385 con-

133 411 293 447 diderunt
307 411 352 447 ab
368 421 460 447 anno
475 409 536 445 illo
552 410 685 456 periodi
699 409 764 446 Iul.
778 408 891 452 4402„
905 408 1005 444 ouius
1021 407 1190 455 epocham
1205 407 1390 445 vn.Octbr.
1407 407 1462 443 die
1477 407 1685 444 defixerunt.

132 468 245 511 Quare
256 468 464 504 Macedones
476 467 747 514 Hyperboretaei
758 470 832 503 tam
842 465 1018 514 popularis
1033 475 1138 511 quam
1153 466 1285 501 lunaris
1301 465 1523 501 neomeniam
1537 477 1598 501 vn.
1611 464 1686 501 Oct.

131 524 348 562 inchoarunt.
373 525 458 560 Ideo
473 525 601 559 solaris
617 527 702 559 anni
714 524 1105 570 Syromacedonicifinis
1119 525 1156 557 in
1175 523 1328 558 Octobris
1338 534 1386 559 vr.
1401 524 1542 565 incidi&
1559 534 1686 559 eonn-

132 594 194 629 que
217 594 327 618 annus
341 583 526 629 popularis
547 594 716 628 nunquam
739 582 894 628 hosfinee
914 580 1157 616 antenor-rebat.
1189 580 1282 615 Haec
1299 579 1457 626 Scaliger
1472 580 1528 626 (de
1542 579 1686 615 Emona.

131 640 252 687 Temp.
266 651 305 676 ιι.
314 665 323 683 ,
339 651 373 686 p.
387 639 441 674 91.
457 638 502 674 cf.
518 649 550 682 v,
566 650 600 685 p.
613 638 720 685 339.),
738 639 799 686 qui
813 638 995 685 antiquum
1009 636 1095 672 illud
1111 647 1215 672 suum
1230 637 1392 672 obtinens
1408 637 1430 672 l.
1443 649 1476 672 v.
1490 636 1557 673 hoc
1570 638 1688 684 ipsum

133 697 264 732 evertit.
307 696 435 732 Scribit
449 696 543 733 enim
558 696 721 731 ultimum
737 695 860 731 solaris
875 694 960 731 anni
974 693 1282 740 Syromacedonici
1297 693 1389 729 diem
1404 694 1513 730 fuisse
1529 694 1688 730 Octobris

131 766 210 797 vra,
233 765 275 789 eo
297 753 391 800 quod
406 753 704 800 Hyperboretaeus
720 752 964 788 Macedonicus
979 752 1016 787 in
1032 763 1066 787 x.
1078 750 1157 786 Iulii
1172 751 1361 788 incidisset.
1392 752 1514 798 Itaque
1536 752 1688 798 primurn

132 811 348 847 novilunium
365 810 524 846 Octobris
540 823 615 847 vm.
633 811 802 857 congruit.
848 809 920 846 Sed>
936 809 1094 856 imperite
1114 808 1230 844 facere
1246 809 1407 851 Iudaeos,
1431 810 1493 855 qui
1513 820 1605 844 anuo
1626 809 1687 844 illo

133 880 155 903 a
175 868 426 904 Macedonibus
449 870 590 915 accepto
611 868 763 915 primum
783 867 999 903 novilunium
1022 869 1127 912 atque
1152 866 1236 903 anni
1256 866 1312 901 sui
1335 866 1526 912 aequabilis
1550 867 1689 901 initium

133 926 210 973 ipso
227 925 282 961 die
297 937 372 961 vm.
387 924 545 960 Octobris
563 925 784 960 constituant.
808 923 912 961 Vides
929 934 1033 972 quam
1048 923 1215 971 perplexe
1230 923 1268 958 in
1282 921 1348 958 hac
1364 922 1520 958 doctrina
1532 928 1689 958 versetur

134 983 303 1030 Scaliger,
326 985 434 1028 utque
453 982 489 1017 in
506 982 627 1017 eodem
644 993 747 1029 opere
762 991 851 1029 quae
865 981 970 1028 paulo
986 985 1066 1017 aute
1083 979 1264 1016 definierat
1278 980 1459 1015 contrariis
1475 980 1620 1016 decretis
1636 992 1688 1016 re-

133 1040 241 1076 fellat.
272 1039 363 1075 Nam
378 1040 481 1075 modo
497 1039 700 1075 neomenias
714 1039 907 1087 aequabilis
923 1042 959 1074 et
972 1038 1150 1085 popularis
1167 1037 1251 1073 anni
1265 1041 1416 1072 veterem
1431 1037 1469 1072 in
1485 1038 1591 1072 situm
1608 1049 1688 1073 con-

133 1097 286 1141 ciliatas,
307 1095 373 1132 hoc
398 1100 452 1132 est
471 1108 492 1131 a
506 1096 635 1132 x.1ulii
649 1095 694 1131 ad
708 1107 776 1139 rx„
799 1099 836 1131 et
850 1096 895 1131 ab
911 1107 986 1131 vm.
1003 1095 1047 1130 ad
1063 1107 1124 1131 vn.
1139 1094 1213 1130 Oct.
1229 1094 1406 1130 traductas
1422 1095 1563 1137 asserit,
1584 1095 1687 1130 modo

132 1155 255 1190 iisdem
270 1155 307 1190 in
324 1154 445 1189 diebus
466 1154 608 1197 retinet,
632 1163 672 1188 ac
693 1163 812 1188 secum
833 1152 1051 1188 disconvenit
1072 1151 1192 1187 ordine
1211 1155 1295 1187 toto.
1342 1151 1442 1194 Quod
1458 1151 1598 1198 quidem
1612 1156 1688 1188 toto

134 1211 199 1248 hoc
215 1213 252 1247 in
269 1223 387 1259 opere,
409 1215 444 1246 et
458 1212 495 1246 in
510 1211 602 1257 Isag.
616 1210 764 1253 Canon„
781 1211 923 1246 solenne
939 1209 1072 1246 homiui
1087 1220 1128 1244 ac
1143 1213 1347 1257 perpetuum
1362 1214 1431 1252 est3
1447 1209 1550 1256 idque
1566 1221 1689 1256 prope—

134 1269 244 1313 diem,
268 1269 299 1304 si
314 1267 476 1304 dominus
493 1267 638 1310 dederit,
662 1278 726 1302 suo
742 1278 783 1302 ac
798 1267 938 1315 proprio
952 1267 1042 1302 libro
1059 1267 1392 1309 demonstrabimus,
1415 1277 1520 1313 quem
1540 1267 1611 1302 iam
1627 1267 1690 1302 du·

135 1327 218 1362 dum
233 1327 270 1362 in
283 1325 447 1362 manibus
462 1324 643 1360 habemus.
687 1325 802 1371 Atque
824 1323 896 1368 hic,
920 1325 971 1360 uti
991 1335 1111 1371 spero,
1132 1324 1252 1359 lectori
1267 1323 1372 1359 fidem
1390 1323 1512 1367 faciet,
1534 1335 1626 1371 quse
1647 1324 1690 1359 de
1714 1351 1722 1357 ,

135 1384 291 1420 doctriua
302 1387 501 1430 temporum
523 1393 544 1418 a
566 1382 743 1429 Scaligero
767 1382 966 1428 excogitata
986 1385 1154 1428 tantoque
1175 1381 1309 1417 ambitu
1330 1392 1371 1416 ac
1393 1392 1523 1429 pompa
1545 1392 1626 1417 cum
1644 1382 1689 1416 ab

133 1442 211 1488 ipso
228 1440 484 1483 commendata,
505 1435 579 1475 tum
602 1439 778 1475 fautorum
799 1443 836 1474 et
855 1439 1104 1474 admiratorum
1121 1439 1196 1474 eius
1210 1439 1339 1486 plausu
1354 1442 1504 1486 excepta
1527 1443 1624 1482 sunt,
1648 1450 1690 1474 ea

133 1498 240 1542 falsa,
261 1498 397 1545 inepta,
421 1494 606 1543 ἀλογίστως
629 1501 665 1532 et
688 1494 928 1537 ἀναποδείκτως
951 1495 1063 1532 effusa
1086 1507 1180 1539 esse,
1207 1507 1320 1542 neque
1344 1496 1531 1543 quiequam
1554 1499 1691 1543 praeter

136 1556 289 1603 speciem
303 1558 339 1591 et
354 1554 620 1590 ostentationem
631 1553 769 1589 habere.
793 1554 1009 1600 Argumeuto
1026 1553 1073 1589 sit
1083 1553 1197 1588 Attica
1210 1554 1272 1588 illa
1286 1553 1465 1600 periodus,
1482 1564 1588 1600 qnam
1604 1553 1690 1588 adeo

136 1613 288 1660 gloriose
303 1616 339 1648 et
353 1612 542 1648 insolenter
555 1611 728 1654 venditat3
748 1611 848 1646 cuius
863 1622 929 1646 nos
944 1611 1111 1657 ineptiam
1127 1616 1161 1646 et
1175 1610 1427 1658 παραλογισμὶιν
1443 1610 1639 1646 deteximus
1653 1611 1691 1646 iu

135 1670 228 1706 notis
244 1670 288 1705 ad
303 1668 543 1705 Themistium.
588 1668 736 1715 Reliqua
757 1668 853 1715 operi
872 1668 923 1703 illi
943 1679 1160 1704 reservamus
1182 1668 1220 1703 in
1241 1679 1311 1715 quo
1334 1671 1370 1703 et
1384 1668 1426 1703 de
1441 1667 1580 1704 Iudaico
1597 1678 1690 1704 anuo

135 1727 294 1774 pluribus
310 1727 553 1774 disputabitur,
576 1730 610 1762 et
623 1725 684 1761 illa
701 1725 824 1761 Graeci
839 1725 922 1760 anui
936 1725 1050 1760 forma
1065 1736 1106 1760 ac
1121 1725 1253 1773 periodi
1269 1725 1492 1772 Olympiacae
1508 1725 1690 1772 descriptio

135 1785 321 1821 refelletur.
350 1783 463 1831 Atqui
477 1783 559 1819 ficto
581 1783 642 1819 illo
657 1783 839 1829 utriusque
853 1785 1020 1818 contextu
1035 1782 1132 1818 velut
1145 1782 1372 1819 fundamento
1389 1783 1503 1819 omnis
1519 1782 1562 1818 de
1576 1788 1691 1818 vetere

135 1853 228 1877 auno
240 1841 380 1877 Iudaico
393 1840 548 1876 doctrina
559 1840 742 1875 stabilitur.
765 1840 855 1883 Non,
870 1840 1024 1886 inquam,
1041 1840 1180 1875 aliunde
1192 1839 1371 1886 Scaligero
1384 1843 1532 1883 constat,
1543 1840 1690 1875 Iudaeos

133 1899 266 1946 aliquot
278 1901 358 1934 ante
367 1897 544 1934 Christum
556 1897 706 1933 saeculis
717 1896 885 1944 epocham
899 1897 981 1933 anni
993 1897 1059 1939 sui,
1072 1897 1144 1932 sive
1152 1896 1366 1944 Tekupham,
1381 1897 1455 1934 Oct.
1463 1909 1524 1934 vn.
1537 1897 1691 1933 defixam

134 1955 327 1999 habuisses
338 1965 444 2002 quam
467 1954 560 2002 quod
583 1965 628 1989 ex
650 1954 783 2001 periodi
805 1954 958 1990 Graecae
980 1954 1157 2001 popularis
1180 1965 1221 1990 ac
1239 1954 1486 1991 Macedonicae
1508 1955 1690 1990 ratiocinio

136 2015 279 2060 quartus
297 2011 428 2048 mensis
445 2012 623 2059 popularis
641 2012 678 2047 iu
699 2012 800 2047 illum
815 2011 906 2047 diem
921 2011 1089 2047 incideret
1102 2022 1144 2047 eo
1161 2022 1270 2054 auno,
1286 2023 1357 2058 quo
1376 2012 1691 2059 Syromacedonica

134 2070 295 2118 periodus
316 2073 370 2106 est
389 2068 580 2108 instituta..
608 2068 677 2104 Sed
699 2079 780 2104 cum
791 2069 914 2104 multa
928 2069 1000 2104 sint
1013 2069 1050 2104 in
1064 2072 1140 2104 tota
1154 2068 1220 2104 hac
1237 2069 1407 2116 Scaligeri
1423 2070 1586 2117 opinione
1609 2081 1690 2106 con-

134 2126 295 2170 futanda,
317 2137 427 2174 eaque
443 2136 500 2162 res
521 2126 717 2172 longiorem
739 2137 780 2161 ac
803 2125 1025 2173 praecipuam
1040 2126 1312 2173 disputationem
1335 2127 1454 2173 exigat
1474 2131 1525 2170 et,
1547 2131 1588 2163 ut
1606 2127 1691 2172 dixi,

136 2185 232 2220 brevi
254 2186 480 2220 consecutura
501 2184 563 2230 sit,
585 2195 667 2227 nos,
689 2183 782 2230 quod
801 2183 839 2219 in
861 2183 950 2218 libro
963 2183 1024 2219 illo
1041 2184 1343 2226 demonstrabitur,
1364 2184 1492 2220 falsam
1512 2196 1589 2221 esse
1608 2186 1693 2221 suni

134 2243 228 2278 iuius
247 2241 426 2277 Graeciae
440 2240 656 2277 Macedonici
671 2244 881 2276 structuram
895 2240 1144 2288 pertendimus.
1179 2241 1358 2288 Negamus
1374 2246 1552 2286 constare,
1573 2246 1691 2277 utrum

135 2310 228 2335 anno
243 2299 304 2335 illo
319 2309 391 2346 per.
403 2297 574 2335 1uL4402.
590 2298 768 2345 popularis
781 2302 816 2333 et
826 2298 1020 2344 aequabilis
1031 2297 1352 2345 Syromacedouum
1364 2299 1496 2334 mensis
1507 2299 1544 2334 in
1556 2311 1616 2334 vn.
1630 2303 1692 2334 aut

135 2363 211 2393 vni.
219 2356 294 2392 Oct.
305 2355 496 2392 incurrerit.
514 2354 693 2401 Negamus
705 2358 886 2402 praeterea
895 2354 1040 2391 Iudaeos
1052 2356 1229 2391 cardinem
1239 2356 1340 2391 illum
1351 2356 1436 2391 anni
1447 2356 1570 2391 solaris
1583 2367 1691 2402 agno-

134 2414 228 2450 visse
237 2440 246 2458 ‚
263 2417 324 2448 aut
337 2413 374 2448 in
389 2422 431 2449 eo
446 2413 635 2448 collocasse
650 2411 864 2459 Tekupham.
892 2411 1072 2459 Negamus
1088 2424 1220 2448 annum
1236 2413 1328 2459 apud
1345 2412 1496 2448 Graecos
1511 2417 1571 2448 aut
1585 2413 1691 2460 Syro-

135 2471 342 2506 macedonas
357 2470 559 2517 popularem
576 2469 747 2504 eiusmodi
761 2469 886 2512 fuisse,
903 2471 1043 2516 qualem
1059 2481 1103 2505 ex
1120 2470 1261 2505 officina
1276 2481 1340 2505 sua
1354 2469 1514 2516 procudit
1523 2469 1691 2517 Scaliger.

135 2528 228 2564 Intro
241 2527 355 2574 magis
367 2530 402 2564 et
415 2527 453 2563 in
464 2538 581 2563 urcem
591 2527 704 2573 ipsam
718 2527 930 2572 quaestionis
945 2527 1074 2562 involo.
1097 2526 1196 2572 Nego
1213 2530 1345 2562 certum
1361 2538 1456 2569 esse,
1471 2538 1558 2562 num
1572 2527 1691 2564 Iudaei

137 2583 312 2632 Galippica
322 2584 383 2620 illa
393 2585 506 2620 lunari
517 2585 573 2619 vel
584 2583 898 2630 Syromacedonica
907 2584 1021 2619 forma
1031 2595 1188 2630 unquam
1200 2584 1253 2618 usi
1265 2583 1403 2618 fuerint.
1427 2583 1502 2626 Quo
1517 2585 1690 2621 labefacto

137 2651 181 2677 ae
197 2642 354 2678 confulso
371 2645 506 2681 caetera
520 2651 609 2688 quae
624 2641 706 2675 huic
719 2640 915 2675 innituntur
929 2644 1092 2676 corruant
1106 2651 1250 2676 necesse
1265 2645 1330 2676 est.
1359 2641 1497 2677 Etenim
1512 2643 1689 2679 undenam

139 2697 316 2744 Scaligero
327 2702 545 2746 compertum
561 2701 614 2733 est
625 2697 770 2733 Iudaeos
782 2698 940 2732 lunarem
951 2696 1088 2744 Galippi
1098 2697 1279 2743 periodum
1289 2698 1327 2732 in
1338 2698 1475 2734 civilem
1487 2710 1592 2735 usum
1603 2701 1690 2736 asci-

138 2755 255 2790 visse?
285 2755 415 2802 Opinor
435 2766 546 2792 unum
561 2755 646 2790 illud
661 2757 906 2801 argumentum
923 2757 992 2797 est,
1015 2754 1109 2800 quod
1123 2754 1225 2790 annis
1244 2754 1453 2791 Graecorum
1466 2759 1540 2792 tam
1553 2758 1689 2793 Macca-

140 2812 306 2847 haeorum
317 2812 413 2856 libri,
426 2823 536 2860 *quam
546 2811 714 2859 Iosephus
727 2822 768 2846 ac
779 2811 904 2857 reliqui
913 2810 1132 2846 Iudaicarum
1143 2822 1257 2847 rerum
1273 2812 1456 2859 scriptores
1471 2814 1527 2849 usi
1541 2815 1622 2850 sint.
1644 2816 1691 2850 At

142 2868 220 2914 quis
236 2879 280 2904 ex
296 2878 337 2904 eo
346 2870 542 2905 necessario
555 2870 699 2916 colligat
709 2868 792 2904 anni
804 2868 1067 2914 dispositionem
1082 2868 1194 2915 ipsam
1205 2868 1350 2905 Iudaeos
1362 2875 1570 2918 usurpasse?
1592 2873 1691 2908 Licet

141 2925 236 2960 enim
250 2935 368 2961 aeram
382 2926 455 2962 sive
464 2926 637 2974 epocham
651 2927 765 2973 ipsam
781 2936 822 2960 ac
833 2925 992 2969 titulum,
1007 2925 1098 2960 unde
1112 2925 1237 2961 Graeci
1247 2937 1419 2963 annorum
1431 2939 1573 2965 suorum
1584 2931 1689 2976 prim·

143 2982 239 3017 ordia
261 2982 478 3029 repetebant,
493 2983 720 3019 adhibuerint
740 2983 876 3026 Iudaei,
900 2993 980 3018 cum
1003 2982 1215 3019 Graecorum
1236 2995 1292 3020 res
1313 2988 1448 3031 gestas,
1470 2987 1527 3021 vel
1547 2998 1690 3022 suorum

143 3049 223 3075 cum
240 3038 381 3075 Graecis
395 3040 588 3087 implicatas
604 3041 873 3088 perscriberent,
892 3039 1000 3076 nihilo
1015 3044 1133 3077 tamen
1149 3042 1275 3078 certius
1291 3043 1407 3089 colligi
1423 3048 1537 3090 potest
1551 3044 1689 3079 illorum

1723 829 1750 854 p,
1765 822 1823 848 158.
