2008 3294
139 1051 168 1077 p.
186 1044 244 1070 367.

272 180 477 218 GCCXXIV

271 308 336 332 nec
347 298 385 332 in
400 297 567 343 profanos
584 296 798 331 dividendae.
845 297 916 331 Has
933 297 1098 344 reliquias
1115 298 1278 344 Carthag.
1296 299 1458 344 Synodus
1483 305 1702 336 sacramenta
1718 306 1830 344 vocat,

273 355 367 400 quod
390 366 435 389 ex
458 354 528 388 illis
552 358 772 388 sacramenta
794 353 928 397 fierent,
953 355 1003 390 uti
1026 367 1091 390 nos
1115 356 1245 390 hostias
1269 357 1375 401 vulgo
1400 355 1456 396 τὰς
1482 357 1624 403 μερίδας,
1650 358 1723 392 sive
1742 370 1830 404 par-

274 414 409 454 ticulas,
434 413 539 446 etiam
558 415 639 446 ante
656 412 954 446 consecrationem
971 414 1198 459 appellamus
1246 411 1454 459 Quanquam
1473 420 1506 448 et
1524 420 1742 449 sacramenta
1757 417 1830 450 scio

273 470 379 504 etiam
402 469 562 503 absolute
586 479 648 514 pro
672 469 885 514 quibuslibet
908 470 1064 515 mysticis
1089 470 1200 516 signis
1227 471 1388 515 usurpari
1412 470 1569 517 adeoque
1593 483 1655 518 pro
1681 472 1765 513 sale,
1790 483 1830 506 ac

273 526 431 568 caeteris,
448 536 537 571 quae
555 525 816 560 catechumenis
830 525 1009 562 dabantur.
1023 528 1113 572 Aug.
1134 527 1205 562 Lib.
1223 540 1260 562 11.
1279 527 1320 561 de
1338 528 1470 563 Peccat.
1488 529 1620 563 meritis
1637 539 1711 575 cap.
1728 541 1830 563 xxvr:

275 584 323 618 Et
344 585 433 630 quod
457 585 644 628 accipiunt,
669 585 820 629 quamvis
844 595 908 617 non
931 587 978 618 sit
1000 596 1122 630 corpus
1147 584 1278 617 Christi
1300 584 1357 628 (de
1382 585 1639 620 catechumenis
1664 586 1832 632 loquitur)

273 647 427 675 sanetum
452 646 637 682 esttamen,
662 646 695 674 et
707 643 871 682 sanctius,
895 653 994 686 quam
1011 643 1080 676 cibi
1102 642 1219 686 quibua
1244 642 1379 683 alimur,
1411 645 1567 686 quoniam
1583 650 1833 677 sacramentum

275 706 331 733 est.
379 698 477 740 Quae
500 697 690 743 Augustini
713 697 820 732 verba
843 701 958 732 utrum
981 698 1025 732 ad
1060 709 1186 744 panem
1220 699 1427 744 vinumque,
1463 709 1504 733 ex
1531 710 1599 744 quo
1625 699 1834 734 eucharistia

274 755 434 790 confecta
444 755 518 801 jani
536 759 623 797 erat,
647 754 767 789 referri
783 754 942 798 debeant,
966 755 1191 801 cogitandum
1209 756 1360 801 amplius
1377 762 1439 791 est.
1487 755 1575 790 Cum
1590 757 1698 801 igitur
1713 757 1833 792 fideles

275 813 395 847 eadem
420 812 542 847 diebus
567 812 730 846 omnibus
755 809 980 854 sacramenta,
1005 811 1070 846 hoc
1095 817 1147 846 est
1171 811 1433 854 eucharistiam,
1463 823 1553 859 quae
1568 811 1731 848 'fidelium
1758 825 1834 860 pro-

274 870 350 915 pria
384 874 448 911 est,
482 875 668 915 usurpent,
703 880 774 904 non
809 869 936 904 debent
971 870 1086 911 (aiunt
1109 869 1401 915 Carthaginenses
1425 870 1560 915 Patres)
1596 870 1835 906 catechumeni

275 927 413 973 propria
438 926 568 961 ordinis
593 927 648 961 sui
671 937 713 962 ac
735 930 848 962 status
873 931 1093 962 sacramenta
1108 931 1255 970 mutare,
1278 938 1391 972 neque
1409 927 1541 973 aliquid
1565 931 1702 973 praeter
1725 928 1834 963 salem

275 984 442 1030 accipere.
774 978 781 983 ’
1455 1018 1460 1023 .

371 1037 422 1074 Τὰ
438 1040 474 1074 δὲ
498 1038 586 1075 ἄλλα
611 1042 797 1087 μυστήρια]
826 1041 934 1076 Caute
957 1051 998 1076 ac
1022 1041 1271 1087 circumspecte
1295 1040 1337 1075 de
1362 1041 1589 1076 sacramentis
1610 1045 1645 1076 et
1666 1041 1837 1076 inferiori-

276 1098 342 1132 bus
364 1099 542 1144 mysteriis
558 1099 772 1133 mentionem
787 1099 953 1144 aspergit.
1001 1099 1052 1133 Ita
1069 1099 1263 1144 complures
1281 1104 1436 1133 veterum
1453 1109 1531 1133 cum
1549 1098 1591 1133 de
1607 1099 1836 1134 sacramentis

276 1166 468 1202 eorumque
492 1155 614 1191 formis
649 1155 836 1197 disserunt,
868 1155 1026 1190 consulto
1053 1166 1123 1189 rem
1148 1156 1348 1198 obscurant,
1384 1166 1496 1201 neque
1521 1156 1625 1202 plena
1649 1161 1837 1202 apertaque

275 1224 359 1248 voce
398 1213 584 1248 declarant.
633 1213 758 1255 Pauca,
794 1222 884 1258 quae
920 1212 963 1246 ad
997 1223 1139 1247 manum
1174 1212 1277 1247 modo
1313 1218 1404 1255 sunt,
1441 1213 1605 1258 exempla
1634 1213 1835 1259 producam.

276 1272 424 1317 August.
442 1270 503 1316 Ep.
521 1281 604 1305 nvn.
622 1270 672 1304 ·ad
699 1270 916 1304 Dardanum:
941 1269 1045 1303 Nosti
1080 1275 1190 1303 autem
1214 1273 1249 1304 in
1275 1283 1336 1316 quo
1360 1272 1535 1311 sacrificio
1561 1271 1717 1313 dicatur,
1746 1271 1837 1305 (ἴνα-

279 1331 348 1363 tias
372 1340 516 1374 aqamas
540 1330 671 1363 domino
697 1329 756 1362 deo
788 1334 911 1362 nostro.
959 1327 1183 1361 Innocentius
1207 1328 1341 1374 primus
1365 1327 1428 1373 Ep.
1445 1339 1469 1362 1.
1498 1327 1540 1361 ad
1566 1327 1770 1363 Decentium
1796 1327 1838 1362 de

277 1385 502 1420 Sacramento
527 1384 827 1420 Confirmationis:
862 1384 973 1418 Verba
998 1397 1074 1419 vero
1100 1386 1214 1419 dicere
1239 1397 1303 1419 non
1320 1396 1470 1430 possum,
1496 1397 1535 1419 ue
1559 1388 1671 1430 maqis
1687 1386 1838 1431 prodere

277 1444 410 1485 videar,
445 1454 538 1488 quem
574 1444 623 1477 ad
656 1442 931 1476 consultationem
966 1443 1180 1487 respondere.
1233 1441 1291 1476 Sic
1328 1440 1540 1488 Epiphanius
1575 1442 1761 1488 aliquoties
1796 1441 1838 1476 de

278 1499 485 1535 eucharistia
507 1498 627 1534 timide
652 1499 868 1545 obscureque
891 1499 1027 1533 locutus
1051 1502 1114 1533 est.

369 1555 446 1590 Ἐπὶ
470 1555 505 1590 δὲ
529 1558 594 1590 τῶν
618 1555 908 1600 τελευτησάντων.]
955 1556 1006 1591 De
1030 1555 1247 1590 orationibus
1272 1560 1307 1590 et
1331 1556 1522 1598 sacrificiis,
1548 1567 1636 1602 quae
1660 1567 1722 1602 pro
1746 1567 1838 1591 mor-

278 1614 350 1648 tuis
371 1614 417 1649 ab
444 1614 590 1649 ecclesia
613 1613 832 1648 celebrantur
855 1613 1005 1659 insignis
1029 1623 1070 1648 ac
1094 1613 1330 1648 memorabilis
1347 1612 1402 1648 hic
1426 1614 1523 1648 locus
1540 1618 1604 1649 est.
1633 1613 1703 1648 Sed
1728 1613 1838 1648 multo

278 1671 374 1717 copie
381 1671 455 1706 sius
469 1675 573 1717 atque
587 1670 786 1716 expressius
798 1670 834 1704 in
849 1670 1077 1705 Aerianornm
1090 1669 1225 1705 haeresi
1237 1670 1340 1705 ritum
1353 1670 1451 1705 illum
1464 1671 1630 1705 ecclesiae
1642 1674 1839 1717 pertractat,

279 1739 368 1774 quae
391 1734 446 1764 est
467 1728 560 1765 haer.
578 1739 682 1763 mxxv.
706 1739 741 1763 n.
758 1739 819 1763 vu.
865 1726 956 1762 Nam
979 1726 1102 1762 Acrius
1127 1727 1266 1771 eodem,
1292 1738 1360 1774 quo
1384 1727 1551 1762 haeretici
1574 1728 1698 1770 nostri,
1721 1727 1839 1763 furore

279 1786 502 1832 amentiaque
526 1786 676 1832 percitus
699 1790 919 1820 mortuorum
935 1784 980 1819 ad
995 1786 1103 1819 altare
1120 1785 1504 1828 commemorationem,
1528 1785 1676 1831 fusaque
1692 1795 1754 1831 pro
1769 1784 1839 1819 illis

280 1854 399 1890 preces
424 1848 458 1878 et
480 1842 652 1878 sacrificia
675 1841 868 1885 deridebat,
893 1846 1015 1877 contra
1032 1853 1136 1888 quem
1154 1842 1368 1889 Epiphanius
1385 1842 1659 1877 luculentissime
1675 1841 1839 1888 disputat.

280 1898 412 1946 Ὠφελέῖ
437 1899 482 1946 δὲ,
507 1900 631 1947 inquit,
656 1898 710 1933 καὶ
733 1898 753 1943 ἡ
779 1898 858 1946 ὑπὲρ
876 1897 985 1934 ἀυτῶν
1010 1899 1176 1946 γινομένη,
1201 1897 1227 1933 εἰ
1251 1898 1304 1933 καὶ
1328 1898 1369 1934 τὰ
1393 1898 1457 1933 ὅλα
1480 1900 1546 1933 τῶν
1571 1897 1771 1946 αἰτιαμάτων
1796 1898 1840 1946 μὴ

281 1956 480 1992 ἁποκόπτοιε
509 1958 606 1998 Quae
624 1969 692 2003 pro
715 1959 838 1992 mortui
861 1959 1098 2003 concipiuntur
1134 1969 1270 2003 preces,
1305 1959 1350 1991 iis
1372 1957 1473 1992 utiles
1496 1963 1588 1999 eunt,
1621 1960 1754 1991 tametsi
1775 1969 1841 1991 non

280 2026 393 2050 omnes
414 2015 536 2061 culpas
559 2017 767 2059 extinquant.
815 2013 914 2056 Quod
937 2014 1095 2061 pluribus
1131 2014 1315 2060 exequitur
1339 2015 1488 2060 August.
1520 2014 1580 2049 lib.
1605 2013 1647 2048 de
1671 2023 1754 2048 cura
1777 2025 1839 2060 pro

281 2071 533 2118 Mort.Ag0nd.
557 2082 631 2118 cap.
649 2083 686 2114 r.,
721 2071 781 2106 ubi
816 2081 989 2117 quaenam
1024 2076 1247 2117 peccatorum
1283 2081 1413 2117 genera
1448 2071 1483 2106 in
1508 2072 1654 2106 mortuis
1679 2070 1840 2116 precibus

281 2130 350 2165 iilis
372 2133 409 2165 et
422 2128 601 2164 sacrificiis
617 2128 752 2175 expiari
766 2128 916 2174 possint,
945 2127 1113 2163 edisserit.
1160 2127 1203 2163 Et
1218 2129 1322 2174 paulo
1339 2132 1431 2169 ante,
1457 2128 1500 2161 In
1516 2127 1840 2170 Macchabaeorum,

281 2187 406 2234 inquit,
442 2174 540 2221 libris
575 2186 714 2232 leyimuc
748 2186 894 2220 oblatum
927 2197 992 2231 pro
1015 2187 1154 2220 mortuas
1177 2186 1396 2231 sucrificium.
1442 2183 1512 2219 Sed
1534 2187 1597 2219 etsi
1620 2196 1781 2230 nusquam
1804 2187 1840 2219 iu

282 2247 465 2291 seripturis
488 2244 653 2279 veteribus
676 2245 806 2278 omnino
829 2243 1008 2287 leqeretur,
1044 2254 1107 2276 non
1129 2254 1244 2288 pareva
1270 2249 1318 2277 est
1339 2245 1519 2276 universae
1543 2242 1719 2285 ecclesiae,
1755 2254 1841 2288 quae

282 2305 318 2336 in
342 2301 410 2337 Ιιαο
434 2302 670 2337 consuetudine
694 2301 805 2335 claret
826 2301 1027 2341 auctoritas,
1051 2298 1110 2334 uba·
1132 2301 1168 2333 in
1187 2299 1348 2345 precibus
1371 2301 1572 2341 sacerdotis,
1597 2311 1683 2345 quae
1708 2300 1839 2334 domino

283 2360 343 2394 deo
368 2360 417 2394 ad
438 2359 510 2404 ejus
534 2359 647 2393 altare
660 2359 867 2405 finduntur,
890 2358 997 2391 locum
1020 2368 1114 2390 suum
1130 2356 1231 2391 habet
1247 2358 1348 2390 etiam
1365 2357 1607 2391 commendatio
1624 2363 1839 2393 mortuorum.

282 2415 326 2451 itt
349 2425 424 2462 cap.
448 2416 515 2451 ult:
542 2415 639 2456 Quae
663 2426 737 2450 cum
759 2417 811 2450 ita
834 2416 912 2457 elnt,
936 2426 1000 2448 non
1023 2415 1246 2448 mationem-s
1274 2414 1323 2448 ad
1338 2419 1492 2456 mortuos,
1504 2426 1571 2460 pro
1588 2414 1704 2459 quibus
1721 2425 1839 2448 curam

281 2476 440 2518 sperimus,
461 2475 650 2520 pervenire,
676 2474 743 2507 nini
765 2472 853 2519 quod
869 2483 936 2519 pro
961 2474 1010 2506 eia
1039 2473 1109 2505 eive
1133 2471 1269 2513 altaria,
1292 2473 1365 2506 eive
1389 2473 1588 2514 orationum,
1612 2473 1683 2506 sive
1707 2471 1841 2506 eleemo-

283 2543 444 2575 synarum
467 2531 655 2576 sacrificiis
678 2530 858 2565 solenniter
881 2529 1124 2576 supplicamus,
1149 2530 1301 2574 quamvis
1326 2540 1390 2563 non
1407 2540 1476 2574 pro
1493 2520 1610 2574 quibua
1624 2530 1716 2574 fiunt
1736 2530 1839 2563 omni·

284 2589 343 2622 buc
363 2591 513 2634 prosint,
536 2589 597 2623 ced
620 2590 665 2622 iis
689 2593 834 2630 tantum,
869 2586 987 2633 quibus
1010 2587 1088 2621 dum
1111 2587 1226 2620 vivunt
1259 2591 1481 2632 comparatur
1511 2592 1547 2620 ut
1571 2587 1715 2631 prosint.
1759 2583 1839 2621 Fre·

285 2645 515 2691 quentis-lma
538 2648 590 2682 est
612 2649 647 2680 et
681 2644 775 2680 iliius
811 2642 1072 2679 consuetudinis
1107 2642 1197 2690 apud
1222 2642 1435 2689 Cyprianum
1460 2642 1600 2678 mentio.
1649 2641 1694 2677 Ut
1715 2642 1751 2678 in
1776 2642 1838 2689 Ep.

286 2713 394 2746 bxvt„
418 2704 453 2738 in
478 2713 548 2749 qua
571 2701 747 2738 decretum
771 2702 820 2737 sit
842 2701 879 2737 in
892 2700 1065 2737 Concilio:
1096 2699 1139 2735 Ut
1160 2702 1191 2735 si
1206 2703 1279 2746 qula
1295 2704 1439 2735 moriem
1456 2701 1615 2735 clericum
1632 2705 1771 2735 tutorem
1786 2713 1839 2735 re-

286 2760 445 2805 liquisset,
471 2772 534 2794 non
559 2762 739 2806 offerretur
756 2771 823 2806 pro
841 2771 887 2801 eo,
913 2770 972 2793 nec
988 2759 1198 2804 sacraficium
1211 2771 1276 2804 pro
1294 2759 1491 2793 dormitione
1508 2757 1579 2802 ejun
1595 2757 1840 2792 celebraretur.

286 2815 455 2863 vetatque
479 2827 561 2851 mox
586 2816 861 2863 deprecationem
899 2826 960 2862 pro
997 2825 1038 2851 eo
1063 2815 1170 2851 unam
1195 2815 1237 2850 ad
1263 2815 1372 2851 altare
1394 2813 1479 2850 fleri.
1526 2812 1669 2849 Tertuil.
1694 2813 1736 2850 de
1760 2814 1838 2851 Gor.

286 2873 360 2910 ml.
383 2883 458 2920 cap.
476 2884 533 2909 1112
563 2873 757 2909 Oblationes
775 2886 842 2920 pro
867 2874 1049 2918 defunctio,
1082 2884 1148 2920 pro
1172 2874 1359 2916 natalitiis,
1395 2883 1510 2908 atenim
1536 2872 1590 2906 die
1605 2873 1776 2917 jacimus,
1805 2875 1840 2906 et

286 2930 370 2967 alibi
394 2920 509 2978 nepe.
556 2927 727 2966 Eusebius
751 2930 810 2966 iib.
827 2942 873 2967 xv.
898 2930 940 2966 de
957 2930 1035 2965 Vita
1051 2929 1280 2971 Constantini,
1316 2940 1395 2966 cum
1419 2927 1460 2965 de
1477 2928 1551 2975 ejus
1566 2928 1686 2965 funere
1702 2928 1837 2964 scribitz

289 2985 328 3022 τά
351 2998 384 3022 τι
408 2990 463 3033 τῆς
487 2985 594 3023 tvotou
619 2985 767 3032 λατρείας
792 2986 823 3022 δῖ
846 2986 954 3034 εὐχῶν
977 2984 1188 3034 ἀνεπλήρουν.
1238 2985 1391 3033 Λατριίαν
1416 2986 1567 3032 appellat
1590 2986 1708 3021 altaris
1732 2985 1837 3020 sacri-

287 3044 418 3082 tioium.
462 3045 546 3082 Mox
572 3044 630 3077 obv
655 3044 814 3090 κλαυθμῷ
839 3044 873 3080 zi
899 3043 1008 3079 πλέονι
1033 3045 1088 3084 τὰς
1112 3041 1210 3090 ιῦχὰς
1234 3042 1312 3089 (vulp
1336 3045 1391 3086 τῆς
1415 3042 1575 3088 βασιλέως
1601 3042 1707 3088 ψυχῆς
1730 3039 1837 3076 ἀπεδί-
