2008 3294
210 1474 236 1499 p.
250 1466 309 1494 2⁹3.

346 211 476 248 GCLVI

345 326 434 361 quae
450 326 471 349 a
485 315 610 362 ieiunis
627 313 715 348 obiri
731 314 908 356 solebant,
925 313 966 348 de
983 313 1109 360 quibus
1125 313 1218 348 alibi.
1265 312 1340 347 Iam
1357 313 1565 359 μεσαζόντων
1581 315 1647 347 τῶν
1664 311 1797 359 ἀζύμων
1812 311 1899 348 nihil

344 373 437 407 aliud
454 376 506 406 est
529 381 634 416 quam
646 371 722 416 ipso
736 370 790 404 die
803 381 1022 415 azymorum:
1039 371 1130 413 sive,
1142 369 1184 404 'ut
1200 370 1346 404 Hebraei
1363 369 1491 404 dicunt.
1534 371 1645 410 nvn
1669 371 1808 412 0252.
1839 369 1898 404 Sic

344 430 437 464 enim
453 439 620 474 usurpare
637 429 726 462 solet
741 426 966 473 Epiphanius.
997 427 1051 463 Ita
1065 439 1160 462 num.
1173 439 1235 462 111.
1254 426 1353 472 μέσον
1370 423 1481 472 ἄγεται
1496 426 1534 460 τὸ
1552 426 1649 473 θῦμα.
1680 426 1724 461 Et
1739 426 1900 474 μεσωζού-

345 498 402 529 σης
420 487 485 519 τῶν
503 485 562 519 δύο
579 485 712 532 δρόμων
729 484 843 524 νυκτός
859 496 894 518 τε
909 484 963 518 καὶ
977 483 1116 531 ἡμέρας,
1133 488 1173 519 ut
1189 495 1251 518 suo
1269 485 1345 518 loco
1362 483 1527 520 dicemus.
1565 483 1777 530 chronologi
1791 483 1901 518 nostri

343 543 519 577 labentem
535 542 624 576 diem
637 569 645 584 ‚
663 545 725 576 aut
740 552 871 576 annum
888 542 1075 588 appellant.

434 598 475 634 N.
493 611 541 635 11.
572 597 633 632 Ἐκ
649 599 746 644 τριῶν
763 598 826 645 γὰρ
843 598 1061 644 sevior-natm]
1107 599 1214 645 Atqui
1235 598 1303 633 duo
1326 601 1461 633 tantum
1479 597 1535 633 hic
1551 602 1668 645 aperte
1684 609 1726 633 ac
1741 598 1901 633 distincte

344 660 612 699 commemorat,
629 656 713 690 solis
730 667 870 691 cursum
891 659 1032 703 propter
1047 656 1259 691 dominicum
1278 655 1386 698 diem,
1402 658 1438 689 et
1451 655 1609 690 lunarem
1625 656 1670 690 ob
1686 667 1757 691 xrv.
1769 656 1900 690 lunam.

345 713 440 756 Quae
464 718 499 748 et
521 713 726 748 Ambrosius
750 713 898 759 epistola
921 713 966 748 ad
988 714 1170 759 episcopos
1187 713 1354 747 Aemiliae
1378 712 1583 759 complexus
1608 716 1676 748 est:
1721 713 1800 747 Duo
1814 718 1901 754 sunt,

345 771 476 816 inquit,
493 772 706 805 observanda
722 773 760 804 in
774 771 974 805 solennitate
988 770 1164 816 paschate,-
1188 771 1448 815 quartadecima
1465 771 1564 812 luna,
1582 776 1615 804 et
1622 773 1756 816 prr-'mue
1769 772 1902 813 mensis,

344 832 402 874 qui
417 830 544 863 dicitur
559 828 742 864 Novarum.
767 828 897 863 Verum
912 828 949 862 in
964 828 1070 862 solari
1085 838 1189 862 cursu
1206 827 1273 861 duo
1291 828 1520 870 continentur,
1534 827 1668 873 primus
1683 827 1813 862 mensis
1829 827 1902 862 sive

345 885 604 931 aequinoctium
627 889 662 920 et
679 885 775 920 feria.
823 884 936 927 Quare
951 885 1018 920 tria
1033 884 1116 919 haec
1134 884 1343 919 celebritatis
1359 884 1452 919 illius
1467 885 1565 920 velut
1579 880 1723 928 οὗσιώδη
1739 884 1904 919 discernit

345 943 564 988 explicatque
586 942 730 977 Haeresi
753 954 784 977 1..
808 953 904 978 num.
921 954 974 978 ιιι.
1022 941 1360 984 Quartamdecimam
1384 942 1487 976 lunae
1510 941 1617 984 diem,
1645 940 1903 987 aequinoctium

344 1011 489 1034 vernum
499 1026 508 1042 ‚
525 1003 560 1034 et
575 999 795 1035 dominicam.

435 1054 544 1103 ‘'Oret-:p
561 1057 650 1103 παρὰ
671 1059 739 1096 τοῖς
755 1055 923 1097 Ἰουδαίοις
948 1056 987 1090 οὖ
1012 1055 1226 1103 φυλάσσεται]
1273 1056 1323 1091 De
1345 1067 1415 1102 quo
1436 1055 1635 1103 frequentes
1655 1055 1904 1091 catholicorum

345 1115 470 1160 partim
486 1114 647 1160 querelae
662 1114 826 1149 adversus
844 1113 1059 1149 Christianos
1077 1114 1311 1156 Iudaizantes,
1333 1113 1460 1159 partim
1482 1114 1519 1148 in
1540 1113 1619 1148 illos
1642 1113 1738 1160 ipsos
1757 1112 1903 1148 Iudaeos

344 1172 597 1207 insultationes.
628 1171 715 1206 Vide
736 1170 956 1206 Constantini
976 1172 1128 1218 Augusti
1151 1171 1367 1217 Rescriptum
1392 1170 1435 1205 ad
1453 1169 1666 1206 Christianos
1690 1181 1735 1205 ex
1751 1169 1904 1205 Nicaena

345 1228 491 1274 synodo.
514 1228 644 1263 Extant
659 1235 694 1263 et
707 1233 841 1263 veteres
857 1239 1025 1271 canones,
1043 1229 1170 1275 quibus
1185 1228 1393 1262 nominatim
1408 1228 1503 1263 istud
1515 1228 1661 1263 vetitum
1677 1231 1742 1264 est.
1767 1227 1820 1263 De
1837 1236 1905 1274 qua

345 1298 381 1320 re
396 1286 439 1321 ad
455 1286 621 1321 Haeresin
639 1298 685 1320 u.
702 1287 738 1320 in
755 1285 904 1320 diatriba
919 1285 961 1320 de
977 1285 1183 1320 Iudaeorum
1200 1295 1293 1320 anno
1310 1285 1450 1331 copiose
1467 1285 1631 1322 diximus

436 1343 496 1377 Καὶ
513 1340 595 1389 μετὰ
611 1344 676 1376 τῶν
693 1341 848 1390 ἐχθρῶν.]
871 1342 1031 1378 Fortasse
1047 1343 1116 1389 leg.
1133 1342 1186 1377 καὶ
1202 1341 1230 1377 εἰ
1245 1340 1326 1389 μετά
1342 1347 1404 1377 etc.
1428 1342 1609 1378 Sententia
1624 1353 1706 1378 vero
1722 1352 1767 1377 ex
1780 1340 1906 1377 Latina

344 1401 626 1447 interpretatione
641 1400 825 1446 perspicua
840 1404 902 1435 est.

437 1457 496 1491 Καὶ
513 1456 591 1491 ὅταν
609 1456 700 1490 αὐτοὶ
718 1456 901 1503 nevernum]
940 1456 1019 1492 Non
1036 1457 1129 1503 quod
1145 1469 1215 1493 xxv.
1230 1457 1338 1492 Nisan
1354 1457 1584 1492 ieiunaverint
1599 1458 1728 1504 (neque
1743 1457 1837 1493 enim
1852 1457 1904 1492 in·

344 1521 396 1550 ter
420 1515 492 1550 dies
517 1518 691 1557 nvwn,
714 1514 787 1549 sive
810 1514 1034 1560 angariarum
1056 1514 1234 1560 refertur),
1258 1514 1320 1550 sed
1344 1514 1436 1561 quod
1459 1518 1582 1550 exacto
1604 1515 1664 1550 illo
1680 1515 1757 1561 ipso
1773 1514 1828 1550 die
1843 1524 1903 1561 pa-

346 1572 501 1607 schalem
515 1582 646 1618 agnum
660 1582 738 1606 cum
753 1571 885 1617 azymis
898 1575 933 1606 et
943 1571 1090 1606 lactucis
1102 1572 1299 1618 agrestibus
1313 1571 1543 1615 comederent,
1554 1571 1746 1615 Exodxrr„
1758 1570 1790 1607 8.
1803 1576 1838 1607 et
1852 1571 1904 1607 18.

345 1630 452 1665 Erant
468 1630 561 1664 enim
578 1639 701 1674 azyma
716 1629 885 1664 moeroris
898 1639 938 1663 ac
951 1629 1065 1664 luctus
1076 1628 1255 1665 indicium.
1280 1629 1402 1675 Itaque
1417 1629 1604 1665 Deuteron.
1616 1641 1698 1672 xv1.,
1714 1628 1746 1664 3.
1762 1632 1905 1664 vocatur

345 1693 413 1730 ³:3⁷
436 1668 552 1733 DNS,
572 1689 680 1733 panis
697 1688 906 1732 afflictionis.
941 1685 1156 1732 Epiphanius
1173 1689 1290 1721 autem
1307 1697 1378 1723 xiv.
1392 1686 1501 1722 Nisan
1518 1686 1670 1733 πένθιμον
1685 1685 1777 1722 diem
1792 1685 1905 1722 facere

346 1745 490 1787 videtur,
514 1745 573 1791 qui
590 1744 663 1779 dies
679 1743 920 1790 συνεκδοχικῶς
935 1742 1067 1790 pascha
1083 1743 1272 1787 dicebatur,
1295 1743 1388 1790 quod
1404 1744 1469 1779 sub
1486 1744 1560 1779 eius
1575 1753 1757 1790 vesperam
1773 1747 1915 1790 agnum

346 1803 583 1844 immolarent,
608 1801 815 1847 eodemque,
840 1810 965 1836 occaso
981 1800 1053 1836 iam
1073 1801 1165 1844 sole,
1188 1805 1421 1844 vescerentur,
1445 1799 1711 1848 ἕπιφωσκούσης,
1734 1799 1770 1836 id
1785 1804 1840 1836 est
1852 1801 1906 1836 inv

346 1863 449 1894 eunte
472 1860 542 1894 iam
560 1871 616 1895 xv.
665 1859 776 1901 Quem
800 1858 940 1904 quidem
963 1858 1054 1894 diem
1079 1869 1282 1904 azymorum
1304 1858 1456 1905 primum
1480 1858 1726 1902 nominabant,
1753 1862 1788 1893 et
1814 1857 1906 1893 hunc

346 1918 460 1963 ipsum
476 1917 607 1951 laetum
622 1927 663 1951 ac
680 1916 854 1962 genialem
870 1915 948 1951 illos
963 1914 1128 1951 habuisse
1144 1919 1292 1951 testatur
1314 1914 1545 1962 Epiphanius,
1569 1918 1609 1950 ut
1630 1918 1754 1962 postea
1775 1913 1905 1951 videbi-

347 1985 436 2008 mus.
483 1974 621 2008 Atenim
646 1973 778 2018 azymis
803 1976 937 2019 septem
959 1975 1052 2008 totos
1076 1972 1149 2008 dies
1165 1973 1405 2016 vescebantur,
1429 1972 1567 2008 Denter.
1581 1982 1653 2016 xri„
1672 1971 1725 2010 19.
1758 1971 1810 2008 Ba
1822 1981 1904 2007 vero

347 2041 537 2066 moerorem
564 2041 604 2065 ac
627 2029 799 2064 tristitiam
816 2029 1027 2076 significant.
1073 2029 1307 2065 Nihilominus
1330 2033 1447 2065 tamen
1463 2041 1535 2065 xrv.
1547 2029 1639 2064 diem
1654 2027 1699 2064 ad
1713 2038 1905 2076 vesperam,

347 2092 409 2123 aut
429 2089 605 2123 ineuntem
623 2099 690 2130 xv.‚
713 2086 791 2122 huic
814 2086 942 2122 doloris
966 2086 1215 2133 significationi
1238 2087 1363 2122 eximit
1377 2086 1607 2139 Epiakanius,
1629 2085 1803 2133 renquum
1827 2085 1905 2129 diei,

347 2145 501 2191 adeoque
525 2149 678 2180 caeteros
703 2154 841 2186 omues,
865 2154 1067 2189 azymorum
1089 2154 1155 2179 usu
1179 2147 1400 2178 consecratos
1423 2141 1656 2193 hilaritatibus
1679 2146 1715 2178 et
1737 2143 1904 2180 conviviis

346 2203 512 2238 attribuit.
559 2201 666 2237 Cuius
681 2211 724 2236 ea
739 2211 845 2236 causa
860 2200 955 2236 reddi
972 2204 1104 2247 potest,
1122 2200 1214 2247 quod
1230 2200 1373 2247 epulum
1386 2198 1548 2248 paschale
1563 2210 1643 2236 cum
1658 2200 1793 2247 reliquo
1809 2201 1905 2237 omni

346 2263 532 2306 apparatu,
557 2270 637 2294 cum
657 2258 801 2294 lactucis
824 2258 1022 2304 agrestibus
1046 2257 1087 2293 ad
1105 2267 1246 2303 azymos
1263 2264 1380 2304 paues‘
1388 2255 1570 2300 adhibitis,
1592 2257 1790 2294 luctuosum
1806 2257 1904 2305 quid-

346 2318 424 2353 dam
449 2323 485 2352 et
508 2317 670 2351 acerbum
694 2315 963 2364 representabat.
1009 2313 1109 2357 Quod
1131 2325 1153 2350 a
1173 2314 1285 2362 primo
1303 2314 1358 2350 die
1374 2320 1574 2361 azymorum
1591 2316 1626 2350 et
1640 2314 1904 2362 insequentibus

346 2375 475 2409 aberat.
523 2373 652 2409 Eodem
675 2377 710 2408 et
725 2373 785 2408 illa
801 2373 1046 2419 magistrorum
1064 2372 1260 2407 observatio
1275 2372 1441 2419 pertinet,
1462 2374 1625 2419 septenos
1649 2371 1790 2419 quidem
1811 2374 1903 2408 totos

346 2432 419 2467 dies
442 2431 647 2467 sermentato
663 2430 757 2466 vesci
781 2429 880 2466 nefas
902 2429 1029 2472 ruisse,
1053 2433 1090 2464 at
1112 2429 1254 2465 ineunte
1276 2429 1446 2465 duntaxat
1463 2440 1520 2465 xv.
1537 2432 1571 2464 et
1591 2433 1718 2464 exacta
1732 2440 1817 2472 xrv.,
1840 2427 1904 2465 hoc

347 2494 399 2523 est
416 2490 450 2524 iu
467 2487 622 2535 paschali
637 2488 813 2531 convivio,
830 2497 954 2534 azyma
964 2487 999 2523 vi
1015 2497 1055 2522 ac
1072 2486 1279 2522 necessitate
1295 2486 1384 2534 legis
1401 2495 1598 2534 usurpasse.
1622 2485 1730 2522 Extra
1740 2485 1804 2522 hoc
1818 2489 1903 2522 tem-

347 2558 411 2593 pus
433 2546 600 2592 neglectis
623 2545 755 2592 azymis
778 2544 856 2581 aliis
873 2543 1064 2580 seminibus
1081 2548 1142 2579 aut
1156 2543 1325 2580 fructibus
1342 2543 1436 2580 vesci
1450 2543 1617 2591 potuisse.
1660 2543 1700 2580 R.
1716 2544 1754 2579 M
1778 2553 1815 2579 se
1835 2543 1903 2579 ben

349 2604 501 2639 Maimon
525 2607 621 2638 tomo
638 2615 662 2639 r.
684 2601 755 2638 lad.
773 2601 936 2638 Tractatu
958 2601 1000 2637 de
1018 2600 1239 2637 Fermentato
1261 2603 1296 2636 et
1312 2601 1442 2648 Azymo
1467 2609 1542 2647 cap.
1555 2612 1601 2637 vr.
1627 2601 1657 2645 ξ.
1677 2611 1720 2637 r.=
1841 2604 1903 2642 :m

346 2654 462 2716 bans
488 2673 628 2715 τ-τκη
654 2674 768 2713 mm
791 2651 908 2718 §aas
933 2671 1072 2713 τ-τκῆ
1094 2673 1106 2712 t
1128 2670 1288 2711 r-wffi
1315 2672 1427 2712 rum
1451 2648 1595 2715 ebrae
1619 2648 1745 2716 baert
1769 2673 1904 2711 aasz:

347 2722 468 2786 aab:
500 2744 600 2783 ww
633 2743 787 2783 num-r
811 2718 922 2788 5⁸5²
949 2718 1044 2789 baa
1069 2741 1242 2781 r-swn
1267 2741 1320 2780 aa
1346 2718 1477 2800 subp
1501 2742 1554 2779 aa
1579 2740 1700 2797 ww
1724 2742 1777 2779 -ιιε
1801 2741 1903 2780 raia

348 2802 478 2837 hss'li'l.
523 2797 743 2831 Veruntamen
767 2798 802 2831 in
819 2797 946 2843 reliquo
963 2797 1171 2831 celebritate-1
1187 2801 1332 2843 tempore
1347 2807 1536 2841 azymorum
1553 2806 1627 2830 esus
1643 2796 1812 2831 duntaxat
1825 2806 1903 2843 per-

348 2856 499 2894 uu'm‘eur,
517 2860 552 2887 ue
566 2857 623 2900 qui
639 2855 717 2888 ruli!
733 2867 847 2899 azyma
865 2860 1031 2896 vescatur,
1049 2855 1107 2900 qui
1123 2853 1236 2895 malit,
1253 2864 1387 2899 oryzam
1399 2852 1452 2887 vel
1468 2852 1594 2887 milium
1609 2853 1703 2895 edat,
1721 2852 1903 2899 ampelon-

349 2917 415 2945 mm
434 2917 493 2945 uu!
501 2913 650 2957 srva-tun.
696 2911 744 2945 A!
767 2913 800 2945 in
819 2917 913 2946 noete
931 2923 985 2948 xv.
1004 2911 1172 2945 ‹lanta-tat
1193 2911 1318 2955 azymis
1338 2911 1389 2944 πῖν’
1408 2909 1545 2956 oportet.
1593 2908 1692 2952 Quod
1714 2907 1756 2944 de
1773 2919 1832 2945 vu.
1849 2907 1904 2945 dio

348 2978 565 3013 azymorum.
589 2978 692 3014 quam
717 2971 863 3010 ῇῆὶζξθ,
885 2968 958 3003 nive
982 2967 1162 3003 collectam
1184 2966 1372 3009 vocabant,
1393 2965 1611 3013 potissimum
1637 2965 1838 3010 observant,
1861 2977 1902 3002 eo

348 3025 424 3060 freti
442 3025 630 3071 scripturae
647 3026 864 3068 testimonio,
880 3024 973 3072 quod
991 3035 1068 3060 curn
1086 3023 1197 3060 Exodi
1214 3036 1285 3066 xu„
1306 3023 1356 3060 19.
1373 3022 1538 3070 scriptum
1556 3023 1617 3058 sit:
1652 3022 1766 3059 Pm'mo
1782 3034 1901 3065 mense,
