2008 3294
207 2557 232 2582 p.
246 2551 302 2577 658.

817 374 892 416 AD
921 373 1128 418 LIBRUM
1157 373 1431 418 TERTIUM„

596 475 656 510 AD
679 474 907 511 HAERESIM
929 475 1055 519 Lxx„
1079 475 1198 518 QUAE
1221 475 1306 510 EST
1329 474 1641 512 AUDIANORUM.

431 544 471 579 N.
487 556 536 579 rx.
568 542 755 583 Φάσκοντες
772 540 834 577 ἀπὸ
852 543 1104 588 Κωνσταντίου]
1145 544 1219 579 11110
1236 543 1490 579 Κωνσταντίνου.
1529 543 1712 579 lactabant
1726 542 1891 578 haeretici

340 612 381 636 ac
404 601 783 647 Τεσσαρεςκαιὸεκατῖται
801 600 975 637 Nicaenos
1002 605 1116 648 patres
1140 601 1177 636 in
1201 601 1420 636 Constantini
1443 601 1592 647 gratiam
1613 601 1808 647 legitimam
1830 610 1890 647 pa-

341 658 470 693 acbatis
487 659 722 693 celebritatem
737 669 827 693 nova
846 658 1024 694 sanctione
1046 659 1279 704 perturbasse.
1329 657 1423 700 Quos
1445 657 1572 694 refellit
1593 658 1755 694 Socrates
1778 657 1839 692 lib.
1854 668 1888 693 v.

341 726 415 762 cap.
432 727 533 750 xxm.
581 715 640 749 Καὶ
664 714 723 749 οὐκ
745 715 787 756 ὥς
809 727 888 755 τινες
910 713 1153 762 ἐπεθρύλλησαν
1176 714 1196 759 ἡ
1221 713 1272 748 ἐπὶ
1288 714 1533 749 Κωνσταντίνου
1550 715 1687 756 σύνοδος
1702 714 1760 759 τὴν
1777 712 1892 762 ἑορτὴν

340 773 460 816 ταύτην
476 772 684 819 παρέτρεψεν.

429 828 509 864 ‘'O-rt
525 828 579 863 ὅτε
593 829 635 863 τὰ
649 829 821 876 γενέθλια.]
841 829 895 864 Α11
910 830 1102 864 nativitatis
1118 829 1209 864 diem
1218 856 1226 872 ,
1243 840 1289 864 an
1304 829 1442 876 imperii
1455 829 1608 864 natalem
1621 829 1812 876 intelligat,
1829 828 1892 863 du-

340 888 443 922 bitari
458 890 582 933 potest.
606 886 729 922 Incidit
740 887 830 922 enim
842 886 1034 922 Nicaenum
1048 887 1234 922 concilium
1246 887 1282 921 in
1299 897 1379 921 eum
1395 896 1542 929 annum,
1559 897 1628 932 quo
1641 885 1892 921 Constantinus

340 944 535 979 vicennalia
554 944 755 988 celebravit,
779 943 932 990 adeoque
952 944 1104 979 natalem
1128 944 1265 990 imperii
1285 943 1378 979 diem
1397 943 1624 990 exquisitiore
1638 953 1769 990 pompa
1783 945 1819 978 et
1832 953 1892 989 ap-

340 1005 465 1048 paratu
481 1001 599 1037 coluit.

431 1057 494 1093 Ἕν
509 1070 546 1101 «ιτε>
558 1060 690 1106 χρόνοις
706 1056 945 1105 Ἀλεξάνδρου.]
993 1058 1170 1101 Quaenam
1186 1059 1252 1094 sub
1269 1058 1467 1093 Alexandro
1483 1057 1713 1093 Alexandriae
1728 1057 1893 1104 episcopo

339 1116 521 1163 paschales
537 1116 625 1151 istae
639 1116 759 1150 turbae
773 1115 917 1158 fuerint,
940 1126 1115 1162 nusquam
1139 1126 1160 1150 a
1182 1126 1238 1150 me
1259 1115 1387 1150 lectum
1402 1115 1459 1150 vel
1481 1115 1649 1151 auditum.
1695 1114 1764 1150 Sed
1779 1124 1892 1161 neque

341 1174 418 1220 quis
436 1173 654 1209 Crescentius
669 1173 725 1208 ille
740 1173 851 1208 fuerit.
883 1171 1060 1214 Quaerant
1075 1173 1226 1219 amplius
1242 1172 1376 1208 eruditi.
1946 1199 1954 1219 ἶ

430 1230 472 1266 N.
488 1242 522 1266 x.
554 1228 607 1270 Εἰς
623 1232 720 1264 τοῦτο
737 1228 771 1264 δὲ
787 1228 817 1263 οἱ
833 1228 926 1264 αὐτοὶ
941 1228 1120 1274 neuma]
1167 1228 1439 1265 Constitutiones
1462 1229 1680 1277 Apostolicas
1701 1229 1746 1264 ad
1768 1227 1894 1265 enoris

340 1288 395 1323 sui
409 1288 641 1334 patrocinium
656 1287 856 1322 adferebant
869 1286 1031 1323 Audiani.
1078 1286 1155 1328 Quo
1170 1287 1207 1322 in
1222 1287 1310 1322 libro
1327 1290 1498 1322 statutum
1514 1290 1602 1330 erat,
1626 1287 1675 1322 uti
1688 1285 1892 1334 paseha-eo-

340 1346 418 1380 dem
434 1349 591 1391 tempore
607 1344 834 1379 celebraretur
849 1354 918 1390 quo
933 1343 1019 1379 1111111
1034 1343 1157 1379 fratres
1174 1344 1328 1387 obirent,
1349 1344 1411 1390 qui
1431 1355 1450 1379 e
1467 1344 1728 1379 circumcisione
1742 1344 1780 1379 in
1796 1343 1892 1379 Chri-

339 1407 433 1438 stum
457 1401 680 1437 crediderant.
725 1401 831 1436 Cuius
855 1401 938 1436 dicti
960 1401 1170 1436 sententiam
1191 1401 1363 1436 eiusmodi
1386 1411 1462 1436 esse
1485 1401 1666 1444 volebant,
1690 1404 1731 1436 ut
1751 1398 1893 1436 Iudaico

339 1460 423 1503 ritu,
441 1459 505 1495 hoc
523 1463 576 1494 est
590 1470 659 1494 xrv.
671 1459 765 1502 luna,
783 1457 969 1494 Christiani
984 1457 1116 1505 pascha
1129 1458 1292 1495 facerent.
1317 1457 1445 1494 Contra
1459 1469 1547 1505 quos
1563 1457 1777 1505 Epiphanius
1793 1457 1894 1493 aliter

340 1517 515 1552 decretum
535 1516 695 1563 exponit,
716 1515 880 1550 nimirum
895 1515 992 1562 pacis
1007 1518 1043 1550 et
1057 1515 1260 1551 concordiae
1276 1515 1390 1551 studio
1407 1515 1636 1550 constitutum
1651 1515 1696 1551 ab
1712 1513 1892 1563 apostolia,

341 1577 380 1608 ut
394 1573 560 1619 quamdiu
576 1572 606 1607 οἱ
621 1571 829 1620 ἔμπερίτομοι
845 1571 1031 1608 Christiani
1045 1573 1296 1619 Hierosolymis
1315 1572 1552 1619 praesiderent
1567 1571 1675 1619 (quod
1689 1571 1735 1608 ad
1749 1571 1893 1608 Adriani

340 1642 452 1678 usque
467 1635 623 1678 tempora
638 1630 880 1678 perseveravit)
897 1629 941 1665 ab
955 1630 1000 1665 iis
1014 1641 1060 1665 ne
1079 1629 1301 1665 dissentirent
1322 1630 1462 1676 reliqui,
1484 1639 1525 1665 ac
1540 1629 1595 1664 vel
1619 1629 1818 1665 aberrantes
1838 1639 1893 1664 se-

340 1692 526 1735 querentur
540 1688 655 1735 potius
672 1698 776 1734 quam
792 1687 955 1722 ecclesiae
968 1686 1187 1722 concordiam
1199 1687 1384 1724 solverent.
1409 1686 1513 1722 Addit
1528 1690 1563 1722 et
1576 1686 1646 1722 alia
1660 1684 1832 1733 quaedam
1847 1696 1894 1721 ex

340 1746 462 1781 eodem
483 1746 770 1781 constitutionum
791 1744 896 1788 libro,
921 1755 1010 1791 quae
1032 1744 1138 1791 paulo
1161 1748 1240 1791 post
1262 1743 1460 1780 viderimus.
1507 1743 1560 1779 De
1578 1743 1786 1790 Apostolicis
1807 1743 1894 1779 iisee
1947 1741 1954 1747 ’

339 1802 650 1839 Constitutionibus
662 1801 856 1837 dubitatum
869 1812 891 1836 a
902 1801 1078 1837 nonnullis
1089 1801 1266 1848 praefatur
1276 1800 1503 1848 Epiphanius.
1526 1799 1602 1843 Quo
1614 1799 1737 1836 eodem
1750 1800 1893 1836 nomine

338 1859 613 1896 circunferuntur
627 1858 727 1894 hodie
743 1859 779 1894 in
796 1862 873 1894 octo
889 1859 996 1894 libros
1013 1858 1212 1902 distinctae,
1229 1869 1318 1905 quae
1334 1869 1356 1893 a
1371 1857 1544 1905 prioribus
1558 1858 1644 1900 illis,
1663 1867 1705 1893 ac
1719 1856 1894 1893 nihilomi-

337 1926 405 1953 nus
421 1915 551 1960 dubiis,
567 1927 715 1963 quarum
730 1916 888 1951 meminit
901 1914 1132 1963 Epiphanius,
1150 1915 1306 1951 diversae
1320 1914 1492 1952 videntur.
1524 1914 1664 1950 Etenim
1679 1914 1833 1962 quinque
1847 1924 1893 1950 ex

298 1998 304 2005 .
338 1973 406 2009 illis
421 1975 611 2009 sententiae
627 1973 692 2009 hoc
708 1978 743 2008 et
761 1973 920 2020 sequenti
941 1983 1086 2008 numero
1109 1973 1270 2016 citantur,
1295 1982 1385 2019 quae
1407 1973 1445 2008 in
1466 1972 1620 2018 vulgatis
1642 1979 1816 2019 nusquam
1839 1980 1893 2006 re-

340 2031 527 2078 periuntur,
548 2030 619 2066 imo
634 2041 716 2065 vero
738 2030 909 2066 contraria
923 2029 1095 2076 quaedam
1110 2030 1145 2065 in
1162 2029 1206 2065 iis
1221 2029 1398 2076 leguntur.
1443 2028 1534 2064 Nam
1548 2027 1609 2064 lib.
1622 2039 1656 2065 v.
1673 2038 1748 2076 cap.
1761 2037 1832 2063 xvr.
1849 2027 1892 2063 de

340 2087 512 2135 paschatis
527 2088 723 2123 celebritate
738 2085 947 2122 catholicum
963 2086 1093 2134 dogma
1107 2086 1289 2133 propalam
1304 2085 1460 2129 edicitur,
1476 2086 1527 2121 uti
1542 2089 1623 2133 post
1634 2085 1893 2133 aequinoctium

340 2146 559 2181 instauretur.
606 2144 695 2180 Tum
719 2155 762 2179 ne
787 2154 865 2180 cum
888 2143 1024 2179 Iudaeis
1047 2146 1184 2190 agatur:
1211 2141 1347 2189 οὐδεμία
1370 2140 1434 2189 γὰρ
1455 2141 1607 2176 κοινωνία
1629 2140 1707 2189 ἡμῖν
1731 2143 1787 2177 νῦν
1810 2140 1892 2188 πρὶς

340 2201 468 2242 αὖτοὺς·
486 2200 704 2246 πιπλάνηνται
719 2201 782 2248 γὰρ
798 2200 852 2235 aul
868 2199 968 2245 αὐτὴν
984 2198 1042 2245 τὴν
1059 2199 1176 2247 ψῆφον,
1201 2200 1239 2244 ἣν
1256 2199 1441 2246 νομίζωσιν
1457 2197 1630 2244 {aialdu
1654 2202 1690 2235 et
1704 2199 1774 2235 alia
1789 2209 1894 2246 quae-

340 2259 418 2295 dam
427 2285 436 2302 ,
452 2269 542 2306 quae
553 2262 615 2294 aut
626 2268 647 2293 a
659 2258 825 2305 superiori
837 2258 1016 2293 sanctione
1027 2257 1241 2304 discrepant,
1257 2260 1317 2292 aut
1332 2256 1363 2291 si
1378 2255 1415 2292 iu
1431 2255 1583 2303 antiquis
1594 2256 1662 2292 illis
1675 2255 1893 2292 constitutio-

340 2317 442 2352 nibus
457 2317 672 2363 iegebantur‚
693 2316 820 2351 mirum
844 2318 898 2351 est
918 2313 984 2350 hoc
1005 2318 1077 2350 tam
1099 2314 1330 2361 praesentiae
1345 2312 1473 2349 diserto
1489 2313 1686 2349 testimonio
1702 2323 1807 2349 usum
1822 2322 1893 2349 non

339 2385 415 2409 esse
431 2377 551 2409 contra
566 2372 742 2409 Audianos
757 2370 1004 2419 Epiphaniam,
1022 2372 1082 2419 qui
1097 2371 1302 2407 Iudaeorum
1318 2380 1414 2406 more
1429 2369 1674 2406 celebrandum
1690 2369 1820 2417 pascha
1833 2370 1893 2407 iis·

339 2431 417 2466 dem
433 2442 476 2466 ex
494 2429 797 2466 constitutionibus
814 2429 1045 2465 affirmabant.
1081 2428 1234 2476 Apparet
1248 2428 1354 2475 igitur
1370 2426 1464 2463 aliud
1480 2426 1588 2463 rui-⁸0
1604 2427 1892 2464 constitutionum

340 2499 466 2535 genus,
482 2498 587 2535 quam
604 2487 731 2534 quibus
747 2485 847 2522 hodie
863 2485 1050 2522 Clementis
1066 2496 1193 2522 nomen
1209 2485 1418 2522 inscribitur.

427 2543 500 2579 Ἵνα
516 2544 643 2585 &tieem
659 2543 734 2585 τοὺς
750 2542 815 2578 ἀπὸ
832 2545 888 2588 τῆς
905 2543 1106 2590 περιτομῆς]
1151 2542 1221 2588 [Ex
1242 2542 1285 2578 iis
1304 2540 1509 2588 castiganda
1523 2540 1695 2588 scaligeri
1709 2540 1892 2585 sententia,

340 2603 397 2649 qui
415 2602 472 2638 lib.
487 2613 523 2637 11.
540 2601 583 2637 de
595 2600 738 2638 Emend.
754 2600 965 2648 Temporum
982 2610 1052 2636 non
1068 2600 1181 2636 solum
1197 2600 1394 2647 apostolos,
1411 2598 1471 2635 sed
1487 2598 1593 2634 etiam
1606 2609 1666 2634 eos
1679 2597 1739 2645 qui
1751 2602 1892 2635 centum

342 2664 419 2705 post
438 2659 516 2694 ilios
538 2658 639 2694 annis
653 2658 818 2694 vixerunt
838 2657 964 2694 asserit
982 2656 1120 2693 Iudaico
1140 2667 1236 2693 more
1254 2654 1384 2704 pascha
1399 2655 1585 2703 peregisse.
1616 2654 1706 2691 Tum
1722 2655 1792 2691 alia
1806 2666 1892 2691 non-

342 2717 434 2751 nulla
451 2716 605 2759 subiicit,
627 2716 661 2750 in
684 2715 811 2762 quibus
833 2726 928 2751 more
952 2725 1016 2750 suo
1038 2714 1234 2762 pugnantia
1249 2723 1289 2750 ac
1305 2713 1409 2761 plane
1424 2712 1598 2748 contraria
1615 2712 1779 2759 loquitur,
1799 2711 1893 2760 quod

341 2773 459 2819 paucis
475 2771 539 2808 hoc
555 2772 632 2808 loco
649 2771 912 2815 declarandum3
935 2774 974 2807 ut
994 2772 1054 2818 qui
1077 2771 1170 2807 illius
1191 2770 1317 2807 librum
1338 2769 1508 2807 recudunt
1522 2768 1662 2806 videant
1677 2779 1746 2816 qua
1760 2770 1893 2806 ratione

340 2835 409 2864 tarn
425 2829 561 2864 foedam
579 2830 691 2865 labem
709 2829 842 2872 eluant,
865 2828 956 2876 quod
979 2829 1077 2865 aliter
1100 2838 1203 2875 quam
1226 2832 1298 2864 toto
1319 2827 1380 2863 illo
1404 2830 1573 2874 quantum
1592 2830 1645 2861 est
1661 2826 1772 2862 deleto
1789 2834 1893 2874 opere

338 2887 502 2933 consequi
519 2898 587 2921 non
604 2890 776 2933 poterunt.
822 2885 913 2921 Sunt
935 2886 1027 2921 enim
1050 2885 1220 2933 capitibus
1239 2884 1331 2920 illius
1347 2882 1512 2931 dogmata
1526 2893 1570 2919 ex
1587 2882 1698 2930 ipsius
1715 2883 1892 2920 doctrinae

339 2943 529 2979 visceribus
545 2943 749 2990 deprompta
764 2947 798 2978 et
814 2954 892 2978 cum
909 2952 951 2978 ea
967 2953 1107 2990 prorsus
1125 2941 1309 2989 implicata.
1356 2939 1426 2977 Sed
1441 2940 1511 2976 iam
1529 2941 1646 2987 paucis
1662 2940 1754 2976 illius
1771 2951 1891 2988 παραγ-

297 3031 303 3038 ,
338 3000 478 3048 χιίρημα
495 3000 796 3047 perstringamus]
843 2999 981 3035 Falsum
1007 3003 1060 3035 est
1083 2998 1273 3035 decrevisse
1297 3007 1449 3045 unquam
1474 2997 1669 3045 apostolos,
1693 3002 1732 3034 ut
1752 2996 1891 3034 Iudaico

339 3058 404 3093 ritu
421 3056 548 3103 pascha
563 3056 802 3099 celebraretur,
818 3061 877 3091 aut
890 3067 969 3092 cum
982 3056 1023 3091 iis
1037 3056 1143 3092 etiam
1156 3054 1357 3091 Christianis
1371 3058 1474 3101 atque
1487 3055 1668 3102 episcopis,
1682 3055 1742 3102 qui
1754 3053 1892 3091 iudaice
