2008 3294
1533 176 1706 212 CCCXXI

143 309 227 334 vero
253 297 390 338 unum
421 301 475 331 est
505 307 548 330 ex
575 296 617 330 iis
642 294 826 342 Epiphanii
851 293 987 334 verbis,
1019 293 1153 328 iunium
1178 293 1212 327 in
1238 291 1508 338 quadragesima
1530 301 1602 325 non
1626 295 1705 324 ante

146 340 346 403 vesperam*
354 355 460 399 atque
486 363 648 386 occasum
674 352 784 386 solem
809 361 830 385 a
853 349 1020 385 fidelibus
1045 349 1210 385 solutum.
1257 349 1322 384 Cui
1346 352 1619 383 consentaneum
1643 351 1707 384 est

146 410 240 457 qued
264 419 344 447 cum
368 408 411 445 de
435 409 630 456 synaxibus
654 419 854 455 ageremus,
878 418 923 442 ex
950 406 1164 441 Tertulliano
1189 405 1387 447 docuimus,
1413 405 1580 439 stationes
1604 404 1650 438 ob
1674 403 1706 436 id

142 468 359 504 semiieiunia
381 466 499 500 vocari
523 466 614 512 quod
639 465 682 500 ad
707 465 826 500 horam
854 474 983 499 nonam
1009 474 1121 509 usque
1144 467 1431 509 prorogarentur,
1460 472 1541 496 cum
1564 460 1708 506 majora,

147 522 345 571 cujusmodi
361 522 680 569 quadragesimalia
695 523 808 564 fuere,
825 532 895 556 non
911 524 993 556 ante
1009 520 1097 555 lucis
1110 520 1244 555 exitum
1262 519 1470 554 desinerent.
1502 520 1547 554 At
1562 517 1709 553 Constit.

146 582 266 627 Apost.
288 577 349 615 lib.
367 592 399 614 v.
432 590 510 627 cap.
528 591 628 615 xvur.
660 590 755 614 nona
777 579 833 614 vel
856 588 1003 624 vespera
1033 588 1095 623 pro
1126 577 1296 623 cujusquo
1321 577 1452 611 viribus
1476 575 1572 611 vesci
1591 575 1707 621 jubet:

141 636 173 671 ἐν
190 636 226 672 δὲ
241 638 312 676 ταῖς
329 635 460 676 λοιπαῖς
485 638 555 676 ταῖς
571 635 636 682 πρὸ
653 638 710 680 τῆς
727 637 932 682 παρασκευῆς
950 633 1064 677 ἐνάτην
1089 633 1189 680 ὥραν,
1212 634 1232 677 ἢ
1258 631 1396 679 ἑσπέραν
1413 632 1549 672 ἕκαστος
1565 630 1709 676 ἐσθιέτω,

141 695 162 738 ἢ
195 692 286 734 ὅπως
317 690 354 727 ἄν
377 705 423 734 τις
455 693 596 727 δύναιτο.
646 694 852 728 Ambrosius
876 691 988 727 Serm.
1011 703 1112 726 xxvi:
1145 691 1237 735 12090
1267 702 1340 733 vos,
1364 693 1502 736 fratres
1527 687 1709 729 carissimi,

140 756 179 784 ut
205 748 242 785 sn
268 754 343 784 ,ἰείη
367 751 514 795 legitimo
540 756 704 796 tempore,
736 753 885 796 exceptis
908 750 1079 784 dominica
1105 755 1139 782 et
1167 748 1309 782 sabbato
1334 748 1466 790 diebus,
1498 747 1608 781 nullus
1633 752 1710 780 ante

146 820 272 842 nonam
290 809 469 853 prandere
486 813 704 853 praesumat,
736 809 804 841 videi
822 809 918 852 sorte
947 818 1041 853 quem
1058 806 1222 850 jejunare
1245 806 1427 850 infimitas
1448 817 1514 839 non
1536 806 1709 850 permitti!-

151 864 243 905 Quia
268 865 351 898 aliie
374 865 491 899 diebus
505 865 668 910 jejunare
693 871 754 899 aut
774 865 974 904 remedium,
999 868 1061 896 aut
1078 865 1270 908 praemium
1294 869 1359 903 est,
1383 865 1419 895 in
1443 863 1709 907 quadraqesima

143 933 225 956 vero
249 933 314 956 mm
330 922 494 966 jejunare
515 927 695 966 peecatum
712 927 770 957 est.
817 919 884 962 Qui
899 919 1040 966 quidem
1057 929 1171 954 sermo
1188 918 1334 954 totidem
1350 919 1464 954 verbis
1481 918 1574 965 apud
1590 919 1711 963 Augu-

145 979 277 1013 stinum
307 978 453 1024 legitur,
484 982 606 1024 estque
630 978 753 1013 Sermo
783 977 826 1012 de
849 977 970 1024 Temp.
990 988 1074 1011 nxrr.
1122 975 1193 1012 Sed
1225 975 1268 1010 de
1292 976 1441 1010 sabbato
1467 975 1612 1011 verbnm
1635 975 1711 1010 uul-

144 1036 230 1072 lum.
277 1033 346 1071 Sed
370 1034 435 1069 hoc
458 1035 571 1079 solum
595 1040 633 1069 ut
655 1038 805 1081 exceptis
829 1036 1007 1069 dominicis
1035 1034 1150 1068 diebus
1173 1034 1284 1066 nullus
1303 1034 1480 1079 prandere
1501 1039 1713 1078 praesumat.

148 1091 248 1134 Quod
278 1091 371 1126 idem
396 1094 448 1126 est
473 1102 513 1126 ac
537 1091 569 1126 si
593 1095 674 1126 ante
698 1103 827 1127 nonam
850 1091 947 1126 vesci
970 1090 1177 1137 prohiberet.
1226 1089 1316 1132 Quia
1340 1089 1526 1136 prandium
1550 1094 1630 1124 ante
1653 1089 1713 1124 ho-

146 1159 222 1184 ram
253 1152 392 1183 sextam
422 1148 644 1194 capiebatur..
682 1149 768 1184 Vide
792 1150 942 1194 August.
965 1148 1075 1194 Epist.
1107 1159 1251 1182 nxxxvr.
1298 1147 1351 1182 Ita
1374 1147 1565 1182 Cassianus
1590 1147 1713 1182 Collat.

148 1217 221 1241 xxr.
249 1215 323 1251 cap.
342 1217 443 1241 xxm.
478 1206 534 1240 vel
557 1205 719 1240 Theonas
754 1206 847 1253 apud
871 1206 969 1240 illum
994 1204 1175 1246 admonet,
1208 1208 1246 1239 ut
1277 1205 1313 1239 in
1337 1204 1459 1239 diebus
1484 1204 1583 1238 festis
1610 1205 1714 1246 cibus,

149 1264 208 1308 qui
230 1262 319 1297 hora
343 1263 413 1297 diei
437 1274 525 1296 nona
539 1266 664 1308 suaerat
688 1265 894 1308 capiendus,
914 1263 1023 1309 paulo
1048 1265 1160 1302 citius,
1183 1263 1222 1296 id
1238 1268 1287 1295 est
1301 1269 1398 1296 sexta
1422 1262 1509 1296 hora
1529 1274 1595 1307 pro
1611 1263 1712 1306 sesti-

148 1321 269 1354 vitatis
300 1325 445 1365 tempore
475 1321 648 1365 capiatur.
704 1320 748 1354 At
779 1320 902 1366 priscis
927 1319 1143 1366 temporibus
1174 1330 1245 1353 non
1275 1322 1357 1353 ante
1387 1329 1570 1365 vesperam
1599 1318 1714 1352 cibum

153 1385 277 1422 capere
300 1379 572 1418 consueverant,
602 1376 637 1411 id
667 1377 760 1423 quod
789 1377 933 1423 insuper
955 1375 1138 1422 Theophili
1165 1375 1393 1410 Alexandrini
1422 1375 1519 1411 locus
1549 1375 1608 1410 ille
1632 1385 1712 1410 con·

149 1432 282 1475 firmat,
314 1443 418 1478 quem
435 1443 541 1480 supra
557 1433 796 1469 discussimus.
830 1434 1064 1480 Posteaquam
1089 1444 1170 1468 vero
1187 1432 1231 1467 ad
1253 1432 1376 1467 horam
1400 1443 1531 1467 nonam
1554 1432 1716 1477 vescendi
1737 1439 1834 1472 ρ.364.

149 1493 288 1536 tempus
313 1499 335 1524 a
350 1499 498 1536 vespera
519 1491 730 1526 translatum
753 1482 824 1533 est,
847 1495 922 1526 tum
940 1491 1117 1526 sublatum
1134 1490 1223 1525 illud
1239 1490 1426 1525 discrimen
1442 1490 1599 1532 arbitror,
1624 1489 1716 1536 quod

156 1545 329 1581 hactenus
358 1546 450 1581 inter
477 1547 646 1583 stationes
677 1551 713 1583 et
738 1547 874 1595 jejunia
902 1548 1012 1583 fuisse
1041 1547 1204 1582 vidimus.
1249 1547 1403 1594 Indeque
1432 1551 1487 1582 est
1520 1547 1613 1594 quod
1636 1547 1716 1582 Am-

155 1603 293 1638 brosius
317 1602 430 1638 Serm.
448 1615 569 1640 xxxvr.
589 1604 726 1651 jejunia
748 1605 1034 1651 quadraqesimae
1057 1607 1221 1639 stationes
1243 1604 1412 1651 appellari
1436 1603 1536 1639 dixit.

242 1657 304 1694 Ἔν
328 1671 392 1694 τισι
408 1658 444 1694 δὲ
459 1661 572 1701 τόποις
596 1663 651 1706 τῆς
669 1662 750 1709 μετὰ
765 1660 823 1706 τὴν
839 1662 1018 1708 πέμπτην.]
1047 1660 1309 1707 Ἀπονηστισμος
1333 1666 1387 1696 est
1396 1662 1523 1707 jejunii
1537 1662 1667 1703 solutio,
1684 1666 1718 1695 et

153 1715 598 1762 &novneriteooatjejum'um
621 1720 763 1754 solvere.
795 1718 867 1755 Nec
891 1719 991 1754 aliter
1014 1719 1049 1753 in
1069 1718 1203 1754 Graeco
1220 1719 1399 1765 Hippolyti
1415 1719 1556 1754 Canone
1572 1718 1716 1753 verbum

152 1774 238 1809 illud
262 1774 450 1820 accipitur,
475 1785 553 1810 cum
578 1776 642 1810 ait:
669 1773 939 1820 ἀπονηστίζεσθαι
964 1774 999 1810 δὲ
1023 1776 1071 1810 δεῖ
1095 1771 1134 1810 οὗ
1159 1776 1196 1810 ἂν
1221 1774 1345 1822 ἐμπέση
1371 1776 1518 1822 κυριακή.
1565 1775 1718 1811 Tametsi

152 1831 310 1877 Scaliger
333 1831 369 1866 in
386 1830 486 1866 Notis
509 1832 553 1867 ad
577 1833 676 1868 illum
693 1832 872 1868 Ganonem
896 1831 1166 1876 ἀπονηστίζεσθαι
1190 1837 1290 1879 putat
1319 1844 1396 1868 esse
1421 1835 1612 1878 transferre
1627 1834 1718 1878 jeju-

152 1890 253 1924 nium.
301 1887 401 1930 Quod
429 1889 572 1924 minime
601 1890 764 1936 procedit.
811 1890 965 1937 Tempus
1004 1901 1086 1925 vero
1117 1890 1330 1925 dissolvendi
1355 1890 1498 1936 jejunii,
1528 1890 1602 1924 sive
1633 1889 1719 1924 hora

151 1946 211 1979 τοῦ
246 1942 493 1992 ἀπονηστισμοῦ
515 1947 701 1994 multiplex
736 1947 813 1983 fuit.
860 1946 1008 1983 Constit.
1044 1946 1153 1982 Olem.
1189 1947 1248 1982 lib.
1274 1960 1307 1982 v.
1342 1958 1416 1994 cap.
1445 1959 1534 1983 xrx.:
1594 1947 1653 1992 Τῷ
1685 1946 1719 1980 δὲ

151 1999 311 2048 σαββάτῳ
344 2001 456 2048 μέχρις
485 2002 768 2050 ἀλεκτοροφωνίας
807 2003 1053 2050 παρατείνοντας
1088 2003 1338 2047 ἀπονηοτίζεσθε
1367 2001 1616 2050 ἐπιφωσκοόσης
1647 2005 1719 2049 μιᾶς

87 2079 91 2083 ·
150 2059 216 2092 τῶν
241 2057 434 2104 σαββάτων,
464 2059 532 2103 ἥτις
559 2058 626 2095 ἐστὶ
650 2060 787 2107 κυριακὴ
812 2059 878 2095 ἀπὶ)
909 2058 1052 2109 ίσιᾶρις
1077 2059 1138 2100 ἓως
1163 2058 1446 2108 ἀλεκτοροφωνίας
1470 2059 1719 2107 ἀγρυπνοῦντες,

151 2115 206 2150 καὶ
229 2114 280 2150 ἐπὶ
296 2115 334 2149 το
352 2114 430 2150 &urb
448 2112 516 2163 ἕνῇ
541 2116 703 2163 ἐκκλησίᾳ
728 2118 1016 2164 συναθροιζόμεναι
1037 2119 1241 2164 γρηγορεῖτε.
1287 2118 1395 2153 Jubet
1417 2118 1720 2164 quadragesimale

146 2172 323 2218 jejunium
347 2173 437 2208 solvi
460 2173 503 2208 ad
527 2174 768 2220 gallicinium,
793 2179 831 2210 ut
854 2179 890 2210 et
914 2176 1086 2222 superiori
1104 2176 1227 2222 capite.
1257 2175 1446 2221 Dionysius
1463 2175 1720 2210 Alexandrinus

152 2229 196 2264 ad
219 2229 412 2273 Basiliden,
438 2230 659 2277 reprehendit
684 2242 745 2266 eos
770 2232 830 2278 qui
855 2233 960 2278 paulo
985 2236 1067 2267 ante
1092 2232 1243 2268 mediam
1267 2237 1405 2267 noctem
1429 2237 1510 2278 post
1533 2232 1718 2267 sabbatum

148 2285 324 2332 jejunium
347 2286 560 2331 dissolvunt,
600 2286 644 2328 ὡς
670 2285 853 2335 ὀλιγώρους
890 2288 944 2323 καὶ
974 2287 1134 2335 ἀκρατεῖς.
1180 2289 1249 2324 Eos
1272 2293 1389 2324 autem
1414 2288 1637 2324 commendat
1659 2291 1719 2335 qni

154 2353 266 2389 usque
295 2343 339 2378 ad
368 2349 529 2389 quartam
554 2345 747 2380 custodiam
771 2347 964 2389 sustinent,
994 2357 1059 2382 nec
1084 2358 1144 2382 eos
1169 2347 1290 2391 magni
1313 2346 1492 2381 faciendos
1518 2346 1567 2381 ait
1590 2346 1651 2393 qui
1675 2358 1719 2380 ex

153 2400 222 2435 illis
251 2399 394 2446 majoris
427 2399 666 2437 hebdomadae
696 2413 760 2437 sex
791 2402 931 2445 diebus,
962 2404 1136 2449 prioribus
1166 2407 1315 2449 quatuor
1345 2403 1420 2438 sine
1447 2403 1582 2450 jejunio
1606 2409 1719 2439 trans-

155 2456 259 2498 actis,
283 2466 500 2502 parasceuen
524 2462 559 2495 et
582 2459 769 2494 sabbatum
792 2459 867 2494 sine
891 2459 965 2494 ullo
991 2460 1069 2494 cibo
1095 2460 1295 2502 traducunt,
1321 2460 1414 2505 quod
1439 2459 1636 2506 ὑπερτιθέναι
1659 2473 1722 2496 no-

155 2513 277 2548 minat.
325 2512 406 2547 Fuit
434 2514 528 2549 enim
550 2513 616 2549 hoc
640 2516 818 2550 veteribus
843 2515 1050 2551 Christianis
1080 2517 1268 2558 familiare,
1303 2517 1446 2552 biduum
1475 2518 1563 2552 illud
1587 2519 1721 2565 absque

158 2570 237 2604 cibo
264 2580 501 2615 perseverare,
525 2574 560 2605 et
582 2571 618 2606 in
642 2572 790 2607 ecclesia
816 2573 976 2618 precibus
1001 2583 1042 2607 ac
1066 2573 1197 2618 vigiliis
1214 2573 1385 2610 insistere.
1432 2574 1542 2610 Sexta
1558 2574 1720 2620 Synodus

156 2626 192 2661 iu
217 2626 335 2660 Trullo
361 2626 442 2661 Gan.
460 2636 549 2662 κομι
579 2623 635 2666 τὰς
666 2630 724 2661 τοῦ
748 2628 911 2674 σωτηρίου
945 2627 1066 2668 πάθους
1096 2628 1220 2675 ἡμέρας
1252 2627 1284 2663 ἐν
1315 2630 1445 2677 νηστείᾳ
1468 2631 1522 2664 καὶ
1546 2634 1720 2679 προςευχῇ,

158 2682 211 2716 καὶ
229 2682 396 2722 κατανόξει
413 2682 546 2728 καρδίας
563 2681 790 2723 ἐπιτελοῦντας
803 2683 947 2730 χρὴτοὶις
965 2685 1099 2725 πιστοὺς
1116 2685 1189 2731 περὶ
1206 2685 1310 2732 μέσας
1327 2689 1383 2730 τῆς
1399 2687 1471 2734 περὶ
1488 2688 1525 2722 το
1544 2689 1630 2735 μέγα
1641 2688 1722 2734 σάβ-

157 2738 256 2784 βατον
281 2738 395 2778 νυκτὸς
419 2738 508 2785 ὥρας
532 2738 812 2782 ἀπονηστίζεσθαι.
855 2741 907 2775 Ad
931 2752 1022 2787 quae
1049 2742 1210 2777 Balsamo
1238 2742 1389 2786 dubitat,
1413 2755 1457 2779 an
1481 2745 1568 2780 illud
1592 2747 1722 2793 praeci-

154 2795 288 2841 piatur,
311 2795 483 2838 triduum,
509 2796 600 2842 quod
626 2799 679 2831 est
703 2795 784 2842 μετὰ
807 2796 864 2841 τὴν
888 2796 1046 2844 τετράδα,
1070 2798 1233 2845 quodque
1258 2801 1414 2846 passioni
1429 2803 1615 2849 praecipue
1632 2803 1721 2838 dica-

151 2857 227 2886 tum
257 2857 327 2894 est,
363 2851 518 2899 adusque
548 2853 699 2888 mediam
729 2857 867 2888 noctem
901 2859 981 2889 ante
1012 2855 1223 2891 dominicam
1253 2857 1453 2903 paschalem
1480 2859 1620 2906 jejunos
1644 2871 1721 2906 per-

152 2908 292 2951 sistere,
322 2919 367 2943 an
398 2908 444 2944 de
474 2920 543 2944 uno
575 2909 748 2944 duntaxat
779 2911 926 2946 sabbato
958 2917 1137 2955 caveatur,
1169 2913 1206 2961 in
1237 2924 1306 2960 quo
1336 2915 1481 2961 rigidior
1505 2927 1547 2951 ac
1570 2917 1722 2952 severior

153 2975 230 3000 esse
249 2965 374 3011 jejunii
398 2965 586 3012 disciplina
610 2966 744 3002 debeat.

220 3019 282 3056 Ἕν
306 3033 368 3055 τισι
392 3021 427 3056 δὲ
457 3023 570 3062 τόποις
594 3022 731 3069 λατρεία
755 3026 810 3068 τῆς
836 3023 1048 3072 οἰκονομίας]
1074 3027 1230 3074 Λατρείαν
1257 3030 1312 3072 τῆς
1337 3027 1542 3076 οἰκονομίας,
1574 3032 1720 3064 dir-inum

255 3089 340 3122 Corp.
357 3091 590 3118 Haereseol.111.
1416 3087 1451 3122 X
