2008 3294
1571 194 1715 231 CLXIX

169 306 286 340 eadem
297 306 474 347 mediante,
485 303 541 338 vel
548 303 730 338 inchoante
736 304 941 349 perficiatur
946 303 1204 347 aequinoctium.
1238 300 1319 335 Tum
1329 312 1408 336 vero
1419 301 1485 334 dte
1491 298 1629 346 paeclua
1635 310 1715 344 per-

170 364 303 408 aqs’tur5
323 365 404 408 quia
424 362 699 402 rerurrectionis,
722 372 808 406 quae
827 359 973 395 diluculo
982 359 1090 403 sacta
1111 365 1175 399 est,
1192 360 1390 404 praecipua
1406 363 1587 403 panpoet
1603 358 1715 401 acqui·

167 421 313 454 noctium
325 418 524 454 celebratur.
547 416 640 452 Haec
650 417 723 452 fere
734 416 830 452 Beda
841 415 902 452 lib.
914 414 955 450 de
967 414 1114 460 Aequin.
1140 413 1207 456 Qui
1222 415 1272 450 sic
1283 414 1423 450 Anatoli
1432 414 1540 449 verba
1549 412 1714 449 declarat:

167 474 255 510 Gum
266 475 337 511 duo
348 474 420 511 sint
429 474 648 521 aequinoctio
660 474 816 510 attributi
826 473 917 516 dies,
926 471 1126 508 Anatolium
1139 471 1180 506 de
1191 471 1381 518 posteriore
1392 471 1505 518 loqui;
1519 471 1558 507 in
1569 481 1639 517 quo
1651 470 1716 505 sci-

166 531 247 567 lieet
257 535 359 568 nocte
369 531 446 575 illa,
461 541 550 578 quae
564 542 636 566 xxr.
649 530 767 566 Martii
783 530 876 567 diem
889 529 1056 576 sequitur,
1071 528 1329 574 aequinoctium
1345 529 1526 575 contingit.
1548 527 1623 563 Imo
1634 537 1716 563 vere

167 588 209 624 de
219 589 416 636 vespertino
426 588 649 635 potissimum
660 586 878 635 aequinoctio
887 585 1063 632 intelligit;
1078 585 1171 632 quod
1179 585 1358 620 Anatolius
1371 585 1463 620 dicat
1473 584 1718 621 celebrandum

166 645 298 693 pascha
313 645 450 693 quando
466 645 550 681 luna
565 645 633 681 soli
648 645 808 693 opposita
822 654 842 680 e
855 643 998 691 regione
1013 641 1286 689 deprehenditur,
1309 642 1360 677 sic
1381 646 1421 678 ut
1434 642 1585 678 vernalis
1600 642 1717 689 aequi-

167 702 274 739 noctii
287 706 423 750 partem
437 703 490 738 sol
507 703 677 745 obtineat,
701 703 785 738 luna
797 711 880 738 vero
894 699 1116 736 autumnalis.
1151 699 1245 740 Quid
1258 712 1353 744 erqo,
1368 700 1498 746 inquit,
1514 701 1717 742 mirandem,

166 761 198 795 es·
211 761 248 795 in
263 770 312 795 ιι.
323 759 408 796 Kal.
421 763 608 806 aequinoct.
617 761 702 806 fieri
716 761 827 801 dicat,
844 769 917 793 cam
932 758 974 793 de
988 758 1053 792 illa
1069 758 1160 803 loqui
1173 768 1208 792 ee
1225 756 1310 791 Ιιονα
1328 758 1497 799 declaret,
1512 758 1647 803 quando
1661 769 1716 792 oc·

167 818 298 853 cidem
313 816 363 852 ad
374 828 551 864 vesperam
565 818 635 852 cole
651 818 732 852 lana
747 827 766 852 e
781 817 954 851 contr-arie
969 826 1063 849 mm
1080 814 1205 849 attollit
1225 819 1374 848 exorem
1383 815 1398 846 .¹
1442 813 1561 860 Pergit
1583 814 1717 856 deinde,

165 876 201 909 et
220 873 313 920 quod
326 873 510 910 Anatolius
534 874 734 922 scripserat,
755 876 792 908 in
812 884 860 909 ιι.
874 871 957 908 Kal.
969 871 1060 918 Apr.
1074 871 1177 906 colem
1199 882 1264 905 non
1280 876 1409 908 tanum
1418 873 1569 917 primam
1579 878 1717 917 partem

166 932 224 965 τοῦ
241 930 529 978 δωδεκατημορίου
545 932 791 972 conscendisse,
807 941 920 965 vernn
935 931 1037 965 etiam
1052 929 1221 975 quadram
1237 930 1307 962 iam
1322 930 1359 962 in
1375 929 1492 962 cadem
1508 929 1564 963 die
1580 928 1716 970 habere,

165 987 216 1025 sic
238 987 398 1035 exponit:
427 988 518 1029 Quia
539 990 665 1034 quoties
687 987 935 1034 aequinoctiale
956 990 1082 1034 mepta
1102 987 1200 1020 iuxta
1222 987 1388 1020 rationem
1397 988 1602 1031 praefatam
1616 988 1654 1019 in
1667 997 1717 1020 ιι.

165 1043 249 1079 Kal.
265 1046 404 1088 incidie,
421 1047 516 1080 toties
530 1048 567 1080 in
582 1047 656 1092 ipso
671 1046 828 1091 temporis
842 1049 1001 1079 mammea
1014 1043 1079 1077 fua
1094 1048 1219 1088 quarta
1229 1053 1320 1088 pare
1337 1043 1407 1077 dien·
1414 1068 1423 1084 ‚
1440 1054 1526 1087 quae
1542 1045 1717 1077 annuatim

165 1112 364 1137 accrescere
386 1103 483 1145 solet,
506 1103 686 1138 secundum
707 1106 868 1137 naturam
882 1102 1043 1148 perfecta
1065 1111 1135 1135 eece
1156 1100 1378 1144 diqnoeciwr.
1425 1098 1539 1141 Quare
1561 1099 1615 1134 sol
1637 1110 1718 1135 cum

164 1158 423 1206 aequinoctium
437 1159 571 1206 attigit,
586 1159 658 1195 iam
673 1158 741 1195 diei
755 1151 983 1205 quadrantem
998 1157 1158 1193 absolvit.
1190 1155 1298 1198 Quasi
1313 1156 1420 1199 dieat,
1437 1156 1482 1191 ab
1497 1156 1717 1202 aequinoctio

164 1226 233 1251 uno
249 1226 355 1251 verno
377 1216 421 1252 ad
442 1217 604 1259 alterum,
627 1216 700 1251 dies
721 1215 938 1251 intercedunt
957 1214 1061 1250 solidi
1077 1224 1248 1256 ccccxv„
1271 1217 1306 1248 et
1327 1213 1434 1249 horae
1450 1225 1496 1249 vr.
1527 1214 1656 1249 Verum
1680 1218 1718 1249 ut

165 1276 336 1320 quantum
351 1273 396 1308 ab
406 1272 560 1310 Anatolii
573 1283 679 1309 sensu
691 1273 856 1308 deerrarit
869 1272 1062 1318 intelligas,
1075 1271 1228 1318 insignis
1240 1271 1391 1318 primum
1402 1271 1461 1306 ille
1473 1270 1571 1307 locus
1583 1282 1606 1307 a
1616 1271 1717 1307 nobis

164 1330 404 1377 explanandus
421 1334 484 1366 eet.

254 1387 382 1424 Censet
401 1388 510 1435 igitur
531 1387 713 1424 Anatolius
735 1398 892 1423 mensem
917 1387 1070 1434 primum
1096 1387 1180 1422 anui
1206 1386 1310 1434 primi
1336 1387 1443 1422 totius
1471 1387 1561 1434 cycli
1583 1387 1717 1423 decem-

163 1445 368 1481 novennalis
383 1444 558 1492 νουμηνίαν
574 1444 700 1481 habere
714 1445 752 1480 in
773 1456 869 1481 xxvi.
884 1443 1118 1487 Phamenoth,
1139 1444 1214 1479 sive
1235 1444 1353 1480 Martii
1369 1456 1455 1480 xxu.
1465 1471 1474 1487 ‚
1496 1446 1552 1480 vel
1575 1457 1623 1481 ιι.
1639 1445 1716 1481 Kal.

163 1501 244 1548 Apr.
253 1527 264 1544 ,
285 1513 356 1548 qua
376 1501 431 1537 die
451 1502 506 1538 sol
525 1502 677 1549 primum
691 1501 824 1538 zodiaci
838 1505 1058 1548 segmentum
1073 1501 1251 1548 percurrit.
1297 1501 1397 1544 Quod
1413 1507 1634 1548 segmentum
1649 1503 1717 1550 pri·

163 1559 582 1606 ιηιιωδωὸικατημόριον,
597 1562 633 1594 et
648 1557 845 1606 ἰσημερινὸν,
862 1562 897 1594 et
910 1558 1120 1606 principium
1134 1559 1308 1594 mensium
1330 1559 1486 1606 adeoque
1507 1560 1596 1606 cycli
1610 1560 1717 1595 totius

163 1616 333 1663 appellat,
356 1619 392 1652 et
413 1613 524 1662 ἄφεσιν
540 1619 599 1651 τοῦ
615 1617 681 1651 τῶν
697 1615 872 1660 πλανητῶν
895 1616 1041 1663 δρόμου,
1064 1615 1130 1652 hoc
1154 1618 1210 1651 est
1227 1617 1322 1651 velut
1344 1627 1500 1652 carceres
1522 1628 1568 1652 ex
1592 1617 1718 1664 quibus

163 1673 377 1709 emittuntur.
408 1673 498 1709 Nam
514 1674 751 1709 absolutionem
766 1673 930 1708 Ruffinus
944 1684 1016 1709 non
1031 1677 1123 1708 recte
1137 1674 1382 1720 interpretatus
1402 1678 1472 1717 est3
1493 1674 1563 1709 nisi
1583 1674 1718 1710 absolvi

163 1730 282 1765 stellas
296 1730 344 1766 eit
356 1730 450 1766 idem
465 1731 558 1777 quod
572 1730 694 1767 emitti.
727 1710 934 1777 Quanquam
949 1730 1082 1777 epocha
1095 1731 1171 1774 illa,
1193 1731 1267 1766 sive
1281 1734 1449 1777 punctum
1465 1732 1718 1778 aequinoctiale

162 1786 255 1822 idem
270 1787 448 1834 sequentis
463 1798 585 1823 cursus
600 1787 738 1823 initium
753 1791 825 1831 est,
847 1791 883 1822 et
902 1788 1137 1824 antecedentis
1159 1789 1338 1830 terminus.
1383 1787 1482 1824 Unde
1497 1788 1719 1824 veliementer

162 1855 223 1879 eos
243 1843 450 1880 hallucinari
470 1844 570 1880 docet
593 1845 652 1891 qui
673 1846 710 1880 in
731 1845 903 1880 anteriore
924 1849 1170 1892 postremoque
1185 1848 1368 1892 segmento
1382 1857 1541 1881 mensem
1555 1846 1717 1893 primum,

162 1903 198 1936 et
211 1913 283 1936 xxv.
294 1900 494 1948 paschalem
505 1902 730 1938 constituunt.
755 1902 888 1938 Graece.
900 1903 994 1938 enim
1006 1903 1050 1937 ad
1061 1901 1154 1938 hunc
1169 1912 1313 1938 sensum
1328 1903 1625 1938 accommodanda
1639 1915 1717 1939 esse

162 1958 268 1993 series
284 1958 363 2005 ipsa
377 1958 543 1994 orationis
559 1959 703 1995 indicat:
721 1958 772 1994 δὼ
789 1958 843 1993 καὶ
854 1959 930 1999 τοὺς
947 1957 979 1993 ἐν
996 1959 1088 2006 αὐτῷ
1103 1958 1284 2006 τιθεμένους
1297 1958 1354 1994 τὸν
1367 1962 1498 2007 πρῶτον
1515 1962 1611 2007 μῆνα.
1636 1961 1717 1996 Pro·

161 2026 290 2052 nomen
312 2014 404 2061 αὐτῷ
427 2015 472 2051 ad
494 2014 680 2051 τελευταῖον
703 2016 1000 2063 δωδεκατημόριον,
1024 2019 1060 2051 et
1081 2016 1175 2058 τέλος
1198 2019 1255 2061 τῆς
1275 2018 1342 2051 τῶν
1365 2016 1540 2061 πλανητῶν
1563 2019 1717 2065 περιόδου

161 2073 320 2119 pertinet.
367 2071 439 2108 Nee
454 2075 547 2108 recte
563 2072 704 2119 qnidam
721 2073 907 2109 emendant
923 2072 987 2120 πρὸ
1004 2073 1119 2111 αὐτοῦ.
1163 2074 1254 2110 Nam
1277 2074 1318 2110 de
1337 2078 1514 2122 postremo
1535 2080 1717 2122 segmento

160 2129 323 2176 loquitur.
369 2128 488 2176 Pergit
502 2129 640 2165 deinde:
667 2129 721 2164 καὶ
737 2128 853 2175 τὴν“ιδ’
870 2133 928 2165 τοῦ
945 2129 1060 2178 πάσχα
1075 2129 1149 2166 κατ’
1166 2131 1265 2175 αὐτὴν
1282 2130 1510 2178 λαμβάνοντας
1526 2132 1565 2166 οὒ
1582 2135 1717 2179 μικρῶς,

162 2184 234 2222 οὐδ’
250 2184 296 2226 ὥς
312 2183 423 2233 ἔτυχεν
437 2185 630 2234 ἁμαρτάνειν
654 2186 769 2234 φαμέν.
816 2187 882 2223 Pro
906 2187 979 2222 κατ’
996 2187 1096 2233 αὐτὴν
1118 2189 1261 2224 omnino
1277 2187 1351 2223 κατ’
1368 2189 1448 2223 αὐτὸ
1464 2190 1652 2236 legendum
1667 2191 1717 2225 af-

150 2243 274 2280 firmo.
305 2242 399 2280 Nihil
412 2243 507 2280 enim
521 2247 575 2280 eet
591 2255 660 2290 quo
675 2245 858 2280 commode
872 2257 1066 2292 pronomen
1078 2246 1165 2281 illud
1179 2246 1359 2282 referatur.
1390 2246 1436 2282 At
1450 2247 1610 2293 proxime
1622 2247 1717 2282 dixe-

159 2303 229 2344 rat,
245 2300 321 2341 τοὺς
336 2298 369 2335 ἐν
385 2299 477 2348 αὖτῷ
493 2300 693 2348 τιθεμένους,
706 2301 869 2338 videlicet
883 2302 1058 2349 τελευταίῳ
1074 2304 1231 2350 τμήματι.
1257 2303 1357 2346 Quod
1373 2304 1404 2338 si
1420 2305 1498 2350 quis
1513 2304 1558 2338 ad
1574 2315 1616 2339 ea
1629 2315 1717 2351 quae

161 2357 348 2394 remotiora
361 2361 459 2401 sunt,
473 2361 559 2406 puta
572 2359 683 2405 μηνῶν
697 2357 813 2405 ἀρχὴν,
830 2362 866 2394 et
879 2359 1035 2406 κεφαλὴν,
1051 2363 1087 2395 et
1102 2358 1213 2406 ἄφεσιν
1229 2361 1399 2407 pertinere
1415 2361 1618 2404 contendat,
1635 2372 1714 2397 con-

159 2414 304 2451 trarium
325 2414 465 2461 quidem
486 2415 562 2451 eius
587 2415 679 2463 quod
701 2426 900 2462 pugnamus
924 2417 1084 2463 quodque
1100 2418 1302 2452 Anatolium
1324 2418 1475 2453 sensisse
1490 2419 1652 2454 volumus
1669 2431 1714 2454 ex

160 2482 202 2507 ea
231 2471 389 2507 oratione
409 2477 582 2519 sequetur.
628 2472 800 2508 Nimirum
822 2484 894 2508 non
915 2474 1019 2508 licere
1040 2486 1113 2510 xxv.
1134 2474 1334 2521 paschalem
1354 2475 1467 2521 primo
1487 2475 1548 2510 illo
1569 2476 1623 2511 die
1645 2487 1713 2523 quo

160 2529 417 2576 aequinoctium
431 2529 623 2572 conficitur,
639 2529 753 2564 sedin
769 2530 940 2576 superiori
954 2534 1120 2566 tmemate
1136 2531 1303 2577 defigere,
1318 2531 1466 2578 ideoque
1481 2532 1613 2579 pascha
1627 2546 1714 2570 xxu.

161 2585 215 2621 die
230 2585 398 2624 celebrari
410 2597 526 2633 posse.
557 2586 596 2622 Si
619 2587 712 2622 enim
734 2586 832 2622 nefas
855 2590 910 2622 est
923 2585 996 2621 κατ’
1013 2587 1114 2632 αὐτὴν
1130 2587 1187 2631 τὴν
1203 2587 1326 2634 ἡμέραν
1342 2589 1552 2634 aequinoctii
1567 2601 1638 2627 xrv.
1653 2602 1714 2638 pa-

162 2641 316 2678 schalem
337 2653 483 2690 ponere,
505 2644 587 2679 licet
609 2644 715 2690 igitur
738 2643 897 2690 proximo
916 2647 997 2679 ante
1017 2644 1114 2680 illam
1139 2645 1211 2687 die,
1235 2648 1275 2679 ut
1297 2645 1455 2680 citimum
1475 2646 1608 2693 pascha
1627 2659 1715 2686 xxrr.

161 2698 279 2734 Martii
293 2699 531 2742 constituatur,
547 2700 641 2747 quod
657 2704 692 2736 et
702 2711 823 2735 verum
838 2703 891 2735 est
906 2704 986 2747 post
999 2701 1143 2736 Nicaeni
1155 2702 1295 2736 concilii
1308 2706 1466 2749 tempora
1477 2704 1610 2739 licitum
1627 2716 1714 2742 esse.

162 2753 291 2791 Verum
300 2754 370 2792 ¹hee
379 2757 580 2793 Anatolium
595 2758 832 2800 existimasse,
849 2761 910 2792 aut
924 2758 968 2792 ad
984 2769 1063 2793 eam
1077 2762 1230 2794 mentem
1243 2759 1336 2794 illius
1350 2759 1471 2795 referri
1478 2761 1587 2796 verba
1600 2773 1715 2808 posse,

163 2810 200 2845 id
213 2821 294 2846 vero
309 2816 508 2850 constanter
522 2825 626 2861 nego.
656 2815 831 2861 Imprimis
847 2815 940 2850 enim
955 2815 1143 2850 absurdum
1161 2818 1230 2858 est,
1250 2827 1443 2862 pronomen
1459 2817 1559 2862 αὐτὴν
1575 2830 1655 2854 cum
1670 2820 1714 2854 iis

164 2866 373 2914 coniungere
388 2880 477 2916 quae
491 2874 589 2908 tanto
605 2875 686 2907 ante
703 2872 868 2907 orationis
883 2872 1065 2907 intervallo
1079 2873 1194 2919 posita
1212 2876 1305 2909 sunt.
1352 2873 1484 2910 Deinde
1505 2875 1631 2911 refellit
1653 2887 1712 2912 eos

163 2923 360 2967 Anatolius,
383 2926 444 2972 qui
465 2931 544 2964 ante
565 2929 717 2976 primum
740 2932 961 2975 segmentum
982 2932 1018 2964 et
1039 2930 1250 2976 aequinoctii
1270 2930 1360 2966 diem
1381 2932 1533 2978 primum
1555 2944 1712 2969 mensem

165 2980 399 3026 celebrabant3
420 2983 512 3030 quod
531 2997 603 3021 non
623 2986 776 3021 facerent
797 2986 828 3020 si
848 2997 919 3021 xxv.
935 2985 1133 3032 paschalem
1154 2987 1192 3022 in
1213 2988 1288 3034 ipso
1310 2989 1553 3034 aequinoctiali
1574 2989 1628 3024 die
1645 2991 1713 3025 col-

164 3036 333 3081 locarent3
353 3037 418 3075 hoe
441 3041 532 3078 enim
554 3043 657 3089 primi
676 3042 806 3078 mensis
821 3043 959 3078 initium
974 3049 1038 3079 est.
1085 3044 1138 3079 Ad
1152 3043 1237 3080 haec
1252 3055 1342 3092 quae
1357 3057 1403 3081 ex
1418 3046 1623 3082 Iudaeorum
1639 3047 1712 3094 pla-

1751 2665 1778 2690 p,
1794 2658 1849 2683 191.
