2008 3294
318 209 423 248 oolv

320 319 515 351 extremum
537 325 649 361 usque
670 315 763 351 vitae
785 315 978 362 periculum
999 317 1036 352 in
1059 317 1182 352 delicto
1206 321 1494 364 perseverassent.
1539 318 1638 354 Unde
1659 319 1697 355 in
1720 319 1865 356 concilio

318 373 446 408 Arelat.
461 385 486 408 1.
505 371 715 408 eanum:
736 371 787 406 De
802 372 870 415 his,
887 377 946 420 qui
960 380 1172 420 apostatant,
1189 380 1220 408 et
1235 385 1402 421 nunquam
1416 387 1453 410 se
1469 377 1519 411 ad
1533 377 1710 410 ecclesiam
1725 387 1865 422 reprac-

318 435 466 472 sentam,
489 441 551 464 nec
573 430 704 475 quidem
719 431 961 475 poenitentiam
983 443 1086 476 aqere
1109 437 1288 477 quaerunt,
1311 438 1344 466 et
1358 439 1479 477 postea
1500 434 1695 478 infirmitate
1719 436 1868 479 correpti

316 492 434 533 petunt
449 489 721 528 communionem,
737 487 877 533 placuit
897 491 947 522 eis
967 501 1032 523 non
1049 490 1200 523 dandam
1222 490 1496 531 communionem,
1519 492 1588 524 nisi
1605 491 1869 526 revaluerint-‘et

320 546 452 589 eqers'm
466 545 586 588 diqnos
592 546 736 589 fructus
748 547 984 590 poenitentiae.

407 600 470 636 Est
485 600 580 635 aliud
595 601 738 648 insuper
752 601 788 636 in
803 601 864 637 illo
879 602 1071 638 Innocentii
1085 603 1162 637 loco
1178 602 1322 638 minime
1337 604 1636 650 praetereundem,
1653 614 1733 640 cum
1749 604 1798 639 ait
1812 616 1867 638 ne-

317 663 436 703 yatam
443 660 556 704 finisse
572 660 843 701 communionem,
860 671 1051 694 concessam
1061 662 1320 706 poenitentiam,
1344 672 1385 694 ne
1405 666 1506 695 totu-m
1523 663 1658 707 penitus
1673 667 1867 706 neqaremr.

318 715 373 750 Ex
389 726 458 762 quo
473 716 524 750 ita
538 715 701 762 colligere
715 715 811 751 licet:
826 716 897 751 nisi
911 717 1143 763 poenitentiae
1159 717 1299 752 nomine
1315 717 1568 753 absolutionem
1579 717 1800 754 Innocentius
1815 718 1867 753 in-

317 773 469 819 telligat,
492 783 581 819 quae
595 783 617 807 a
631 772 797 808 dominici
811 775 964 821 corporis
981 774 1171 821 usurpandi
1186 774 1260 809 iure
1275 774 1436 809 distincta
1451 775 1512 818 sit,
1533 774 1576 810 de
1597 785 1666 822 quo
1681 778 1802 822 postea
1818 775 1868 810 di·

320 841 455 872 cemus,
468 829 676 876 quibusdam
686 831 926 877 peccatoribus
938 832 1185 878 poenitentiam
1198 831 1247 866 ita
1259 831 1467 878 permissam
1478 842 1571 875 esse,
1583 835 1623 868 ut
1634 843 1676 868 ea
1687 842 1868 879 nunquam

319 887 545 922 relaxaretur.
592 886 651 922 Sic
666 887 759 922 enim
775 898 852 923 sese
867 899 922 923 res
937 887 1068 924 habuit.
1114 887 1192 924 Non
1212 892 1342 923 temere
1358 889 1470 935 quivis
1486 888 1530 924 ad
1545 886 1794 936 poenitentiam
1809 889 1868 924 ad-

318 945 449 980 missus
465 947 533 987 est,
548 947 605 987 ut,
621 945 780 990 quamvis
791 955 971 992 nunquam
982 947 1019 980 in
1033 945 1181 992 gratiam
1193 956 1274 981 cum
1286 946 1433 981 ecclesia
1443 945 1614 981 rediturus
1627 950 1735 989 esset,
1750 950 1869 990 tamen

319 1013 399 1037 eum
412 1001 528 1047 aliquo
540 1000 675 1036 delectu
686 1001 863 1048 publicam
874 1002 915 1037 ad
928 1002 1201 1038 satisfactionem
1212 1003 1529 1049 poenitentiamque
1539 1003 1757 1050 reciperetur.
1779 1003 1869 1039 Nem

320 1063 355 1094 et
369 1059 406 1093 in
420 1058 561 1104 publica
582 1059 815 1105 poenitentiae
829 1059 1026 1103 functione,
1047 1061 1103 1095 vel
1124 1060 1210 1095 citra
1233 1060 1461 1095 absolutionis
1483 1070 1596 1106 spem,
1619 1070 1704 1096 suus
1728 1059 1869 1106 quidam

319 1119 394 1150 erat
406 1116 558 1158 fructus,
580 1115 673 1162 quod
694 1115 864 1163 imprimis
880 1116 1034 1152 fidelium
1050 1117 1209 1164 precibus
1226 1117 1536 1152 commendatiores
1553 1121 1678 1152 essent.
1725 1117 1824 1160 Quod
1838 1117 1870 1153 si

318 1176 497 1220 praeterea
511 1176 678 1220 perpetua
692 1173 752 1208 illa
766 1174 979 1220 poenitentia
994 1174 1166 1210 damnatis
1182 1173 1372 1220 gradatim,
1395 1178 1435 1209 ut
1456 1174 1618 1217 caeteris,
1642 1174 1685 1209 ad
1708 1178 1871 1221 quartum

319 1229 550 1276 ultimumque
566 1229 721 1265 ordinem
736 1230 855 1266 liceret
869 1230 983 1274 evehi,
1001 1241 1105 1277 quam
1121 1231 1275 1265 σύστασιν
1287 1232 1475 1274 vocabant,
1490 1242 1563 1266 non
1579 1231 1870 1267 contemnendum

321 1297 446 1334 operae
466 1287 618 1334 pretium
639 1287 768 1330 extitit,
792 1287 823 1322 si
845 1288 960 1323 minus
984 1287 1028 1323 ad
1051 1299 1172 1335 pacem
1189 1291 1224 1323 et
1237 1287 1465 1324 eucharistiae
1488 1289 1802 1336 participationem,
1826 1288 1871 1324 ad

319 1345 519 1381 interiorem
540 1348 657 1379 tamen
680 1345 847 1380 orationis
869 1349 1152 1392 caeterarumque
1173 1357 1288 1381 rerum
1304 1346 1504 1381 societatem
1520 1345 1709 1382 transferri.
1755 1345 1870 1388 Quan-

322 1412 425 1448 quam
443 1402 503 1436 vix
521 1405 574 1436 est
588 1405 627 1436 ut
642 1401 780 1436 credam
802 1402 977 1448 perpetuis
999 1403 1068 1438 illis
1089 1402 1344 1449 poenitentibus
1364 1407 1576 1450 postremum
1600 1403 1699 1438 illum
1722 1403 1870 1450 gradum

319 1459 490 1506 patuisse,
507 1459 591 1504 quin
607 1458 723 1505 potius
739 1459 850 1494 tribus
866 1459 1040 1505 prioribus
1057 1459 1216 1495 definitos
1231 1460 1309 1495 iilos
1326 1471 1402 1495 esse
1419 1459 1586 1507 suspicor.
1628 1459 1682 1494 Ita
1697 1460 1789 1506 apud
1803 1459 1870 1496 Ba-

320 1516 438 1551 silium
459 1514 543 1550 Can.
560 1527 684 1551 nxxrrr.
706 1515 749 1550 ad
771 1514 921 1562 Amphil.
945 1516 1005 1562 qui
1027 1515 1204 1552 Christum
1226 1517 1420 1564 negaverit,
1443 1517 1532 1552 inter
1555 1516 1810 1564 προςκλαίοντας
1833 1517 1870 1553 in

320 1577 525 1620 perpetuum
540 1573 725 1619 relegatur.
761 1571 802 1608 Ὅ
824 1572 881 1607 τὸν
902 1573 1041 1620 Χριστὸν
1065 1572 1302 1622 ἀρνησάμενος,
1324 1574 1377 1608 καὶ
1401 1571 1548 1621 παραβὰς
1570 1573 1608 1609 ‘rb
1629 1576 1685 1619 τῆς
1708 1574 1870 1622 σωτηρίας

321 1630 507 1677 μυστήριον,
525 1628 557 1664 ἐν
573 1629 669 1664 παντὶ
684 1632 733 1676 τῷ
749 1630 864 1677 χρόνῳ
876 1633 932 1674 τῆς
949 1631 1034 1675 ζωῆς
1051 1630 1152 1666 αὐτοῦ
1165 1630 1368 1678 προςκλαίειν
1381 1629 1516 1678 ὀφείλει,
1534 1630 1588 1666 καὶ
1603 1630 1871 1679 ἐξομολογεῖσθαι

319 1689 498 1734 χρεωστεῖ,
522 1685 554 1721 ἐν
578 1689 628 1733 τῷ
651 1689 756 1733 καιρῷ
781 1683 810 1734 ᾧ
832 1685 967 1733 ἐκβαίνει
990 1689 1048 1722 τοῦ
1066 1687 1136 1734 βίου
1153 1690 1219 1723 τῶν
1235 1687 1446 1735 ἇγιασμάτων
1462 1686 1664 1735 ἀξιούμενος,
1687 1687 1792 1723 πίστει
1813 1689 1870 1733 τῆς

319 1743 410 1790 παρὰ
426 1743 500 1778 θεοῦ
517 1743 770 1791 φιλανθρωπίας.
808 1744 1033 1790 Ancyranum
1047 1756 1130 1781 vero
1147 1745 1231 1782 Gan.
1247 1757 1347 1783 xxm.
1364 1757 1424 1781 eos
1441 1746 1500 1793 qui
1513 1746 1747 1782 voluntarium
1760 1745 1871 1782 homi-

320 1801 449 1836 cidium
463 1802 737 1848 perpetraverint
750 1805 823 1837 toto
838 1802 930 1837 vitae
945 1806 1100 1849 tempore
1115 1801 1303 1838 ὑποπτώσει
1318 1803 1474 1838 subiicit:
1490 1802 1562 1850 περὶ
1577 1801 1733 1838 isoncium
1749 1803 1870 1850 φόνων,

321 1857 594 1893 onomata-»om
612 1858 680 1905 μὲν,
697 1861 757 1893 τοῦ
775 1858 810 1893 δὲ
825 1858 948 1893 τελείου
965 1857 997 1893 ἐν
1013 1862 1062 1906 τῷ
1079 1858 1165 1894 τέλει
1180 1862 1238 1895 τοῦ
1256 1859 1326 1906 βίου
1343 1860 1640 1901 καταξιούσθωσαν.
1671 1860 1778 1907 Atqui
1790 1859 1871 1896 Bal·

321 1925 420 1950 samo
433 1915 476 1950 ad
488 1915 610 1951 Basilii
623 1915 800 1951 Canonem
812 1927 883 1951 non
894 1920 994 1963 putat
1003 1917 1082 1952 illos
1094 1918 1160 1952 τῶν
1177 1917 1442 1965 προςκλαιόντων
1458 1917 1568 1964 gradu
1583 1921 1748 1965 perpetuo
1762 1917 1871 1954 fuisse

321 1971 503 2007 damnatos
513 1998 522 2016 ,
549 1973 610 2008 sed
636 1973 788 2019 reliquos
816 1984 937 2008 omnes
962 1985 1006 2009 ex
1029 1974 1232 2020 Ancyranae
1259 1973 1382 2020 synodi
1409 1975 1618 2022 praescripto
1644 1974 1870 2022 percurrisse3

321 2029 413 2076 quod
429 2029 521 2065 hand
538 2029 610 2065 seio
627 2040 671 2065 an
687 2041 808 2065 verum
824 2030 885 2073 sit,
902 2030 1066 2077 quoniam
1079 2030 1282 2076 Ancyranus
1299 2030 1419 2067 Canon
1435 2031 1518 2067 satis
1534 2031 1716 2067 commode
1730 2031 1775 2067 ad
1791 2042 1871 2068 eum

320 2097 464 2122 sensum
478 2087 633 2123 revocari
647 2086 792 2123 videtur.
822 2087 896 2122 Hoc
911 2098 993 2123 vero
1003 2113 1012 2131 ,
1028 2088 1121 2134 quod
1136 2098 1181 2123 ex
1197 2087 1390 2123 Innocentii
1404 2088 1550 2135 epistola
1565 2088 1749 2134 colligitur,
1765 2089 1871 2124 etiam

322 2142 488 2191 Cypriani
510 2144 679 2179 autoritas
703 2144 920 2191 comprobat,
945 2144 1004 2191 qni
1027 2144 1063 2179 in
1086 2143 1196 2191 Epist.
1212 2144 1256 2179 ad
1271 2145 1399 2181 Anton.
1423 2144 1492 2180 duo
1514 2146 1576 2181 illa
1598 2145 1648 2181 sic
1671 2145 1870 2193 distinguit:

228 2206 244 2223 ⁶
279 2226 286 2235 .
322 2201 445 2245 Miror,
462 2201 593 2248 inquit,
614 2202 774 2248 quosdam
789 2203 839 2236 εἰσ
856 2202 1039 2237 obstinatos
1054 2213 1139 2244 esse,
1155 2207 1195 2236 ut
1205 2203 1355 2237 dandam
1371 2202 1480 2248 lapsis
1495 2214 1558 2237 non
1572 2208 1691 2249 putent
1699 2206 1871 2249 poeniten-

323 2261 421 2301 tiam,
439 2264 501 2293 aut
511 2259 755 2305 poenitentibus
770 2261 957 2293 meumes:
970 2261 1102 2294 veniam
1118 2259 1362 2304 deneqandam.
1406 2258 1508 2294 Aliud
1523 2259 1640 2306 itaque
1653 2259 1774 2304 fuerit,
1789 2271 1870 2308 poe-

322 2314 504 2351 nitentiam
521 2315 725 2359 concedere,
741 2315 834 2352 aliud
850 2316 1065 2363 poenitentes
1081 2315 1125 2351 ad
1140 2326 1239 2364 spem
1255 2315 1543 2351 reconciliationis
1557 2316 1747 2353 admittere.
1771 2317 1871 2360 Quod

323 2373 359 2408 in
376 2372 579 2409 Novatianis
594 2372 825 2409 nihilominus
847 2371 1065 2420 reprehendit
1079 2372 1363 2410 Ambrosius-lib.
1380 2384 1404 2410 1.
1427 2372 1469 2409 de
1484 2372 1588 2411 Poen.
1613 2383 1686 2422 cap.
1703 2385 1729 2410 ι.
1781 2375 1874 2416 Quid

324 2436 434 2466 aetem
450 2431 584 2473 durius,
608 2430 736 2477 iuquit,
759 2441 857 2477 quam
879 2437 917 2466 ut
937 2431 1360 2477 indicauepoem'tentiam,
1383 2442 1481 2478 quam
1504 2443 1566 2466 non
1583 2432 1757 2467 relaxent!
1801 2430 1871 2467 Sed

322 2487 412 2523 alius
423 2487 599 2523 Ambrosii
616 2487 754 2523 saeculo
770 2487 840 2523 iam
856 2497 940 2523 usus
957 2488 1214 2534 percrebuerat,
1231 2487 1366 2523 nullum
1382 2490 1420 2523 ut
1434 2491 1654 2536 peccatorum
1670 2498 1781 2535 genus
1797 2499 1871 2524 am-

324 2545 413 2591 plius
429 2544 682 2581 excluderetur.
718 2543 793 2581 Nisi
808 2544 897 2581 forte
913 2543 1024 2580 adhue
1039 2545 1075 2580 in
1091 2544 1259 2592 Hispania
1274 2543 1480 2592 quibusdam
1494 2545 1532 2580 in
1547 2544 1633 2581 locis
1649 2545 1783 2592 antiqui
1796 2556 1871 2582 mo-

324 2602 370 2636 ris
388 2602 576 2648 vestigium
593 2605 743 2646 extaret,
767 2612 877 2649 eoque
899 2612 1003 2638 sensu
1019 2601 1190 2638 Pacianus
1206 2601 1425 2650 accipiendus
1441 2601 1503 2645 sit,
1526 2612 1606 2638 cum
1622 2602 1689 2637 tria
1703 2602 1763 2638 illa
1778 2602 1871 2650 capi·

323 2658 408 2693 talia
424 2658 569 2695 erimina
584 2659 714 2695 nullam
732 2659 916 2706 impetrare
932 2669 1052 2707 pacem
1068 2660 1275 2706 veniamque
1289 2658 1505 2706 pronunciat.
1542 2658 1697 2701 Quorum
1712 2660 1870 2696 conscios

324 2725 403 2750 curn
421 2715 463 2750 ad
480 2716 734 2762 procurandum
750 2715 975 2752 nihilominus
997 2715 1188 2752 remedium
1211 2715 1375 2759 hortatur,
1397 2715 1472 2752 fleri
1492 2718 1606 2763 potest
1627 2720 1666 2751 ut
1687 2716 1730 2751 ad
1753 2727 1870 2765 capes-

324 2772 467 2807 sendam
484 2773 559 2808 sine
575 2773 646 2809 nlla
661 2783 722 2821 spe
745 2774 1033 2810 reconciliationis
1057 2773 1303 2822 poenitentiam
1326 2772 1489 2821 impellat.
1536 2771 1634 2808 Certe
1657 2774 1778 2821 negari
1799 2786 1871 2811 ιιοιι

324 2833 439 2876 potest
454 2830 537 2875 quin
555 2831 700 2866 obscure
716 2841 755 2866 ac
773 2831 935 2878 perplexe
952 2831 993 2867 de
1010 2831 1074 2867 hac
1089 2841 1126 2867 re
1141 2830 1310 2867 Pacianus
1325 2829 1496 2878 desputet,
1513 2829 1598 2865 adeo
1614 2834 1652 2866 ut
1667 2841 1710 2867 ex
1728 2830 1870 2867 Eliberi-

325 2890 404 2921 iano
422 2897 587 2922 consessu
604 2887 814 2935 asperiorem
831 2888 925 2925 illam
943 2888 1161 2935 disciplinam
1177 2887 1391 2935 expressisse
1405 2886 1512 2923 videri
1528 2887 1647 2934 possit.

416 2942 467 2980 ssx
486 2943 528 2979 iis
545 2944 706 2979 omnibns
724 2945 831 2991 liquet
847 2946 965 2992 procul
983 2956 1004 2980 a
1020 2944 1290 2982 Novatlanorum
1306 2954 1420 2981 errore
1432 2953 1472 2980 ao
1485 2944 1628 2991 perfidia
1640 2944 1869 2982 Eliberitanos

325 3002 439 3046 patres
455 3000 626 3043 abfuisse,
643 3011 706 3036 nec
723 3001 815 3037 aliud
832 3002 975 3038 omnino
992 3002 1058 3037 nisi
1072 3006 1132 3038 aut
1143 3002 1291 3049 priscam
1304 3001 1467 3037 ecclesiae
1480 3000 1712 3048 disciplinam,
1728 3002 1788 3038 sed
1804 3014 1870 3039 usu

326 3058 395 3093 ism
413 3057 628 3094 obliteratam
639 3083 648 3100 ‚
672 3057 783 3093 denuo
802 3070 997 3102 revocasse,
1013 3062 1072 3095 aut
1088 3058 1284 3095 haerentem
1301 3057 1411 3095 adhuc
1429 3058 1463 3093 in
1479 3058 1655 3105 Hispaniis
1672 3060 1770 3096 novis
1786 3059 1870 3107 legi-
