2008 3294
203 2960 228 2987 p.
242 2951 285 2980 02.

326 201 462 239 LXXII

325 307 440 351 καιροῦ
456 305 498 346 εὶς
514 301 620 352 ’ὄνομα
636 305 738 339 αὐτοῦ
753 303 911 351 ἠθέλησε,
933 307 992 340 τοῦ
1008 304 1211 352 ἀποστρέψαι
1225 304 1290 340 ἀπὸ
1306 307 1363 350 τῆς
1379 306 1539 341 πολυθέου
1556 307 1748 354 φαντασίας,
1772 308 1826 343 καὶ
1840 308 1881 343 τὰ

324 361 398 397 κατ’
414 361 486 402 ἔτος
502 361 613 402 αὐτοῖς
629 363 783 409 γινόμενα
798 360 839 402 εἰς
856 361 970 397 ἑαυτὸν
987 362 1196 410 μεταλλάξαι.

414 419 477 453 Καὶ
500 419 589 466 τοίγε
611 418 749 453 πολλῶν
773 419 890 454 θυσιῶν
913 421 989 454 τότε
1009 420 1308 468 προςενεχθεισῶν.]
1339 419 1427 456 Toto
1449 420 1508 456 illo
1532 421 1662 468 spatio,
1685 433 1754 468 quo
1769 422 1806 458 in
1822 423 1879 459 de-

324 480 416 512 serto
431 476 611 511 Israelitae
626 476 756 512 versati
771 480 869 521 sunt,
892 487 993 512 sacra
1008 478 1147 524 quidem
1170 477 1336 512 obtulisse
1359 477 1422 513 deo
1444 481 1546 525 putat
1565 477 1796 526 Epiphaniam
1819 479 1880 516 sed

324 534 418 580 quod
433 544 476 568 ea
489 545 552 580 per
567 545 644 569 sese
659 533 803 569 minime
816 534 885 581 ipsi
898 534 1088 581 placerent,
1111 534 1272 581 quodque
1294 537 1336 569 ut
1355 534 1401 570 ab
1422 534 1619 571 idololatria
1637 546 1698 571 eos
1713 539 1882 573 averteret

284 615 292 623 .
327 591 455 637 potius,
471 602 578 637 quam
594 591 687 638 quod
701 591 771 626 illis
787 590 993 636 afficeretur,
1011 591 1127 627 offerri
1143 591 1210 627 sibi
1224 602 1348 638 passus
1365 595 1468 636 esset,
1482 592 1560 628 ideo
1576 603 1706 639 negare
1718 593 1787 628 sibi
1795 592 1882 630 haec

325 648 442 683 oblata
456 647 566 683 fuisse
581 659 643 695 per
657 647 863 695 prophetam
878 649 1068 685 existimat.
1095 648 1141 683 At
1156 649 1295 684 Hieron.
1312 660 1437 686 comm.
1454 650 1499 685 ad
1513 650 1622 686 Amos
1639 650 1759 685 scribit
1771 649 1881 687 Israe-

322 705 404 740 litas
420 708 495 740 toto
511 705 571 740 illo
588 716 658 752 quo
672 705 711 741 in
725 705 859 742 deserto
875 706 1016 742 fuerunt
1029 709 1186 753 tempore
1201 717 1274 742 non
1288 706 1371 750 deo,
1394 706 1455 742 sed
1475 707 1577 742 idolis
1591 707 1804 745 immolasse.
1834 709 1884 744 Et

324 764 414 809 quod
428 769 568 809 postea,
591 763 720 810 inquit,
744 765 910 809 quaedam
933 765 1064 798 dom-ino
1088 775 1142 798 eos
1166 764 1305 809 leqimue
1326 764 1500 807 obtulisse,
1527 777 1592 799 non
1614 766 1800 808 voluntate,
1822 768 1884 801 sed

317 831 506 865 poenarum
519 822 675 862 fecerunt
687 826 774 855 metu
795 828 828 856 et
849 833 960 856 eorum
979 823 1212 867 interfectione
1228 823 1285 867 qui
1294 827 1438 868 propter
1452 823 1548 857 idola
1565 829 1774 858 corruerunt.
1809 823 1881 859 Do-

322 880 432 911 minus
448 883 559 912 autem
574 890 640 912 non
654 890 698 912 ea
712 890 798 924 qnae
814 880 1010 924 offeruntur,
1026 879 1088 913 sed
1101 879 1307 913 voluntatem
1321 881 1465 925 respicit
1478 881 1696 926 offerentium.
1731 879 1881 927 cyrillus

323 945 404 969 vero
429 934 475 969 ad
489 947 522 971 v.
538 945 614 982 cap.
630 934 738 970 Amos
760 935 811 970 ita
832 936 972 979 statuit,
995 935 1136 971 demum
1156 935 1194 970 in
1214 935 1300 971 illud
1321 935 1493 971 duntaxat
1514 939 1652 983 tempus
1664 937 1882 973 «celebranda

322 992 588 1038 praescripsisse
603 992 791 1036 sacrificia,
808 1003 877 1039 quo
893 992 1103 1039 promissam
1118 995 1247 1028 terram
1264 996 1490 1040 occuparent,
1512 989 1574 1030 sed
1589 994 1668 1030 illos
1682 1005 1747 1030 nec
1763 998 1881 1042 postu-

322 1049 418 1084 lante
432 1060 498 1084 nec
514 1053 656 1085 curante
668 1043 736 1085 'deo
751 1050 790 1085 in
805 1049 941 1084 deserto
957 1044 1183 1086 nihilominus
1201 1050 1378 1086 obtulisse.

413 1104 505 1146 Ἕως
522 1106 759 1154 ματαλλεόσῃ]
790 1106 868 1142 For.
887 1105 1086 1154 μεταλλάξῃ.

412 1161 555 1211 Ἔλεγχ.
572 1162 615 1210 ιγ’
629 1163 682 1198 καὶ
695 1162 760 1198 ια’.
772 1164 827 1198 ἵνα
839 1162 896 1198 τ“ον
909 1162 1116 1211 Ἐπιμενίδην
1129 1164 1241 1211 δείξῃ]
1272 1164 1421 1200 Mithrae
1436 1165 1650 1202 sacerdotem
1664 1165 1758 1202 hunc
1771 1165 1882 1203 fuisse

322 1221 443 1257 scribit
457 1220 689 1268 Epiphanius,
712 1221 804 1267 quod
827 1221 920 1268 apud
942 1221 1124 1258 Cretenses
1145 1222 1278 1257 idolum
1298 1221 1413 1259 fuerit.
1446 1222 1545 1265 Quod
1566 1223 1659 1271 apud
1679 1224 1788 1259 alium
1809 1235 1881 1260 non

322 1278 467 1313 memini
481 1279 597 1324 legere
607 1305 616 1321 ,
631 1289 745 1324 neque
759 1289 881 1314 verum
897 1279 1054 1315 arbitror.
1084 1279 1137 1315 De
1151 1279 1325 1326 proverbii
1339 1279 1432 1315 illius
1449 1280 1589 1327 origene
1606 1280 1726 1328 Κρῆτες
1742 1281 1789 1316 ἀεὶ
1805 1281 1881 1329 ψεῦ-

323 1347 413 1381 σται,
430 1335 508 1370 vide
524 1335 686 1370 Photium
701 1347 736 1370 n.
754 1345 851 1379 cxc„
867 1347 950 1383 pag.
969 1336 1045 1372 249.

411 1392 496 1439 Pag.
512 1392 590 1427 374.
618 1392 659 1428 A.
687 1392 859 1439 προςέθετο
877 1392 913 1428 δὲ
929 1392 962 1428 ἐν
977 1396 1026 1441 τῷ
1043 1392 1144 1441 ἰδίῳ]
1175 1394 1227 1430 De
1242 1394 1401 1442 Epistola
1415 1394 1459 1430 ad
1474 1394 1704 1432 Laodicenses
1719 1399 1881 1433 accurate

322 1449 477 1497 disputat
492 1449 610 1485 Baron
626 1460 658 1486 a.
671 1461 729 1486 nx.

513 1553 575 1588 AD
598 1552 831 1589 HAERESIM
852 1553 993 1598 XLIV.,
1019 1553 1139 1597 QUAE
1162 1554 1248 1591 EST
1269 1554 1687 1593 APPELLEIANORUM.

410 1622 462 1657 De
478 1622 598 1669 Apelle
614 1623 774 1658 meminit
789 1623 880 1658 inter
895 1623 982 1659 alios
997 1623 1170 1660 Pacianus
1184 1624 1293 1671 Epist.
1307 1636 1331 1661 1.
1357 1624 1464 1661 Cuius
1475 1628 1516 1660 et
1531 1624 1754 1672 corrigendus
1769 1625 1880 1670 locus,

320 1679 357 1714 in
381 1689 450 1726 quo
472 1680 696 1716 Marcionitas
712 1680 1006 1727 apollinariacos,
1029 1680 1269 1729 Cataphrygas
1290 1685 1325 1718 et
1344 1681 1559 1719 Novatianos
1582 1685 1749 1719 recenset.
1794 1682 1879 1730 Leg.

322 1737 569 1785 Appelleianos
583 1749 646 1785 pro
662 1737 958 1784 Apollinem-iaces.

411 1793 454 1831 N.
471 1806 494 1831 r.
522 1794 577 1829 ἵνα
593 1794 798 1842 πανταχόθεν
814 1793 947 1842 ἑαυτῷ]
979 1795 1063 1843 Leg.
1081 1793 1207 1841 ἱαυιήν.

674 1898 736 1934 AD
759 1898 992 1935 HAERESIM
1013 1899 1139 1944 XLV„
1163 1899 1530 1939 SEVERIANORUM.

411 1966 454 2003 N.
470 1979 509 2003 n.
540 1964 647 2002 Ἀλλὰ
663 1967 717 2002 καὶ
734 1966 764 2002 οἱ
779 1965 990 2013 ἀπόστολοι]
1022 1967 1134 2005 Locus
1152 1972 1248 2006 extat
1262 1969 1300 2006 in
1315 1980 1346 2008 c.
1357 1982 1392 2014 1,
1407 1970 1432 2006 l.
1445 1982 1468 2006 1.
1485 1970 1630 2008 Constit.

697 2070 758 2107 AD
782 2071 1016 2109 HAERESIM
1037 2071 1179 2117 XLVI„
1201 2071 1510 2110 TATIANORUM.

410 2138 453 2175 N.
467 2151 491 2175 1.
518 2138 577 2186 Τῷ
590 2137 654 2174 ἀπὸ
668 2139 880 2187 Σαμαρειτῶν
894 2138 935 2181 εἰς
948 2139 1086 2188 Χριστὶιν
1100 2142 1352 2187 πεπιστευκότι.]
1375 2141 1532 2189 Scaliger
1546 2142 1590 2179 ad
1601 2141 1742 2179 Eusebii
1754 2142 1881 2182 Ghron.

320 2206 353 2232 a.
371 2206 539 2232 aucun:
565 2197 694 2239 Errat,
710 2197 839 2244 inquit,
857 2197 1092 2245 Epiphanius,
1110 2201 1167 2246 qui
1182 2212 1204 2234 a
1219 2198 1406 2235 Samarites
1421 2201 1471 2235 ad
1486 2199 1700 2236 Christianos
1716 2201 1882 2238 Iustinum

321 2256 498 2289 transiisse
513 2255 643 2291 scribit.
658 2287 664 2297 ,
677 2254 775 2290 Certe
791 2258 877 2290 enim
891 2254 1082 2291 Samarites
1098 2268 1163 2291 uon
1179 2263 1270 2299 erat,
1293 2258 1356 2292 sed
1367 2256 1615 2293 Samar-ceneie:
1637 2271 1827 2305 quanquam
1851 2266 1883 2296 et

318 2311 509 2346 Samarites
522 2313 633 2355 domo,
649 2323 714 2347 non
725 2313 905 2358 reliqt'one,
923 2314 1122 2359 dicipoteat.
1154 2313 1323 2350 caussam
1338 2313 1456 2358 affert,
1472 2314 1564 2362 quod
1581 2314 1881 2353 Samaritanorum

319 2369 524 2415 religionem
538 2369 682 2405 minime
698 2369 745 2405 sit
759 2373 917 2414 secutus,
934 2370 995 2405 sed
1009 2369 1220 2406 Graecorum
1236 2371 1474 2419 superstitioni
1488 2370 1686 2408 inhaeserit.
1713 2373 1793 2410 Ideo
1809 2385 1881 2412 non

319 2436 399 2461 vere
414 2426 457 2462 de
473 2437 514 2462 eo
531 2426 598 2461 dici
612 2427 743 2474 potuit,
760 2425 824 2461 &ab
842 2427 1053 2474 Σαμαρειτῶν
1066 2425 1107 2468 εἰς
1119 2427 1257 2475 Χριστὸν
1273 2428 1530 2476 πεπιστευκέναι,
1547 2429 1609 2466 sed
1625 2427 1681 2477 ἀφ’
1697 2429 1880 2476 Ἑλλήνων,

319 2482 389 2518 Sed
404 2483 435 2518 si
451 2483 652 2530 Σαμαρείτης
664 2483 787 2527 domo,
808 2495 879 2520 non
902 2484 1087 2532 religione,
1111 2484 1178 2521 dici
1198 2485 1312 2534 potuit
1326 2485 1498 2531 Iustinus,
1521 2497 1581 2522 cur
1596 2498 1668 2523 non
1683 2485 1748 2523 ἀπὸ
1766 2487 1880 2536 Σαμα-

321 2541 432 2586 ρειτῶν
455 2540 640 2577 credidisse
662 2541 730 2577 dici
752 2542 903 2589 potuerit
923 2553 995 2579 non
1011 2541 1129 2587 video,
1159 2541 1224 2579 hoc
1248 2546 1303 2579 est
1323 2553 1342 2579 e
1366 2542 1665 2580 Samaritanorum
1686 2546 1816 2593 populo
1839 2556 1880 2582 ao

320 2598 469 2633 civitate.

410 2653 486 2689 Ἐπὶ
499 2654 680 2690 Ῥωστικοῦ
697 2654 872 2703 ἡγεμόνος,
891 2656 943 2692 καὶ
963 2655 1159 2704 Ἀδριανοῦ]
1184 2657 1371 2694 Manifesta
1386 2660 1439 2694 est
1450 2656 1675 2695 hallucinatio
1692 2659 1879 2708 etquidem

320 2711 459 2758 duplex.
491 2712 580 2748 Nam
597 2724 709 2760 neque
724 2713 876 2751 Adriano
892 2714 1084 2764 imperante
1100 2718 1258 2752 mortuus
1283 2718 1336 2752 est
1349 2714 1520 2759 Iustinus,
1545 2716 1605 2751 sed
1621 2716 1669 2752 M.
1682 2716 1822 2753 Aurelio
1845 2722 1880 2754 et

320 2768 357 2803 L.
368 2769 474 2813 Vero,
498 2773 537 2805 ut
552 2770 722 2806 Eusebius
738 2771 863 2807 asserit
885 2771 908 2807 l.
925 2784 970 2808 rv.
987 2772 1116 2810 Eccles.
1135 2772 1223 2810 Ilist.
1247 2783 1276 2808 c.
1294 2784 1368 2816 xv.,
1392 2775 1427 2807 et
1449 2772 1631 2809 tricenario
1649 2774 1760 2810 maior
1775 2774 1879 2811 fuerit

322 2830 473 2872 oporiet,
497 2830 537 2863 ut
556 2838 601 2863 ex
619 2828 782 2875 temporis
801 2828 950 2873 ratione,
973 2840 1043 2877 quo
1061 2829 1249 2877 Apologia
1265 2840 1326 2878 pro
1343 2827 1548 2866 Christianis
1572 2831 1696 2876 edidit,
1719 2836 1878 2869 constare

320 2887 444 2930 potest.
470 2883 675 2932 Quanquam
692 2885 832 2921 difficile
849 2890 902 2922 est
916 2890 1067 2922 statuere
1085 2886 1306 2934 quandonam
1323 2886 1418 2931 illae,
1434 2891 1494 2923 aut
1506 2899 1575 2934 quo
1592 2888 1731 2925 demum
1747 2889 1877 2934 ordine,

320 2940 468 2987 scriptae
488 2942 569 2979 sint.
614 2941 783 2978 Eusebius
804 2943 893 2979 libro
914 2943 1002 2980 Hist.
1018 2956 1064 2980 ιν.
1089 2943 1174 2980 duas
1198 2944 1339 2980 omniuo
1362 2943 1542 2991 scripsisse
1566 2945 1738 2983 Iustinum
1761 2946 1875 2983 refert.

321 2996 474 3040 Quarum
497 2999 647 3045 priorem
663 2999 838 3037 Antonino
855 3000 916 3037 Pio
933 3001 1076 3048 obtulit,
1100 3005 1140 3038 ut
1155 3011 1313 3049 capam.
1329 3004 1364 3037 et
1379 3012 1413 3037 x.
1429 3005 1586 3039 tonatur.
1617 3002 1686 3040 Ubi
1702 3004 1806 3041 etiam
1821 3003 1875 3041 Iu-

321 3054 404 3092 stini
418 3055 525 3092 verbs
541 3055 709 3104 quaedam
726 3066 769 3095 ex
792 3067 850 3105 ss,
873 3067 963 3106 quse
981 3057 1136 3096 secunda
1149 3061 1356 3103 numeratur,
1379 3057 1552 3107 Apologia
1567 3059 1666 3106 citat,
1688 3061 1726 3098 in
1749 3061 1875 3110 quibus
