2008 3294
332 184 576 223 CLXXXVIII

332 291 546 334 consentiat,
566 301 612 325 ex
628 301 670 325 eo
687 290 826 326 deducit
841 291 933 337 quod
946 291 1077 338 pascha
1091 291 1241 338 primum
1251 318 1261 334 ,
1275 291 1396 327 Ioann.
1409 302 1447 328 ιι.
1463 292 1591 327 diserte
1606 293 1824 329 nominatum
1839 293 1884 328 ab

331 348 409 382 aliis
424 358 628 393 expressum
645 347 709 390 sit,
725 358 806 383 cum
821 347 959 383 sabbati
969 347 1203 395 deuteroproti
1218 348 1431 384 mentionem
1446 348 1588 384 faciunt.
1610 349 1685 384 Hoc
1701 350 1791 384 enim
1807 354 1887 396 pest

331 404 480 450 primam
502 415 705 449 azymorum
730 404 861 440 incidit.
906 405 1095 441 Historiam
1118 406 1297 440 vulsarum
1319 405 1492 451 spicarum
1515 406 1560 441 ad
1582 407 1732 453 primum
1755 407 1887 452 pascha

331 461 454 496 merito
477 461 583 496 refert
603 460 837 507 Epiphanius,
860 472 906 497 ex
927 461 998 498 fine
1021 474 1117 498 num.
1139 461 1242 497 huius
1264 462 1458 508 intelligere
1478 467 1595 510 potes,
1620 463 1711 509 quod
1735 468 1788 498 est
1809 463 1886 500 har-

331 518 469 553 moniae
492 529 599 564 supra
618 529 640 553 a
659 518 763 555 nobis
785 519 982 565 propositae
1004 523 1288 555 consentaneum.
1334 518 1409 554 Iam
1425 530 1506 555 vero
1529 531 1573 555 ex
1591 519 1657 555 hac
1674 524 1886 556 caeterorum

331 574 582 621 suffragatione
597 575 807 621 Alogorum,
829 576 1152 612 Valentinianorum
1175 586 1216 610 ac
1239 578 1453 612 caeterorum
1467 577 1688 613 mendacium
1704 577 1886 621 convincit,

332 632 392 678 qui
413 632 555 667 unicum
574 632 745 668 duntaxat
760 631 896 668 Christo
918 633 1047 680 pascha
1069 633 1261 668 tribuerint.
1309 631 1397 668 Cum
1420 634 1514 669 enim
1535 645 1615 669 eum
1637 638 1718 680 post
1737 634 1888 680 primum

330 688 462 735 pascha
475 689 608 725 vixisse
631 693 666 725 et
687 701 749 736 per
769 694 848 725 sata
870 691 1048 726 transiisse
1065 693 1217 733 constet,
1236 690 1366 725 falsum
1382 694 1436 726 est
1449 702 1520 726 uno
1535 690 1700 738 paschate
1715 702 1770 727 res
1785 691 1830 726 ab
1844 702 1887 726 eo

331 750 449 792 gestas
466 747 702 783 circumscribi
715 747 850 784 debere.

421 802 495 838 Ἵνα
510 803 596 850 δείξῃ
613 802 777 850 σάββατον
793 805 951 851 πρῶτον]
998 805 1048 840 De
1069 805 1216 840 sabbato
1240 804 1480 851 deuteroproto
1511 805 1588 840 vide
1612 815 1701 852 quae
1723 805 1767 840 ad
1795 805 1887 842 haer.

332 873 415 896 xxx.
431 872 527 898 num.
540 873 652 897 xxxxi.
669 861 932 908 disputavimus.
962 861 1054 897 Nam
1069 862 1128 896 illo
1146 862 1222 897 loco
1238 862 1390 907 priorem
1406 861 1590 908 Epiphanii
1601 863 1813 898 sententiam
1823 889 1831 905 ,
1854 865 1890 897 et

333 917 472 964 quidem
488 917 775 964 probabiliorem,
797 919 1035 965 exposuimus.
1083 919 1179 960 Quae
1201 923 1319 954 autem
1341 918 1408 953 hoc
1430 919 1467 953 in
1487 912 1632 954 numero
1649 919 1804 962 traditur,
1826 919 1887 954 ob-

332 975 464 1010 scurior
485 978 542 1011 est
561 979 598 1010 et
615 986 638 1011 a
653 986 735 1011 vera
748 976 909 1011 vocabuli
929 976 1022 1011 illius
1047 976 1180 1022 origine
1197 986 1238 1010 ac
1254 976 1396 1011 notione
1418 975 1591 1012 remotior.
1637 975 1775 1022 Duplex
1797 975 1890 1022 apud

333 1031 480 1067 Iudaeos
495 1032 635 1068 sabbati
650 1043 763 1078 genus
779 1033 970 1069 constituit.
1018 1032 1133 1068 Unum
1149 1033 1326 1078 antiquius
1343 1036 1377 1068 et
1393 1033 1568 1075 naturale,
1593 1032 1686 1078 quod
1707 1033 1752 1068 ab
1775 1043 1890 1069 rerum

332 1089 432 1124 initio
447 1089 626 1124 conditum
641 1095 711 1132 est,
735 1090 882 1125 alterum
903 1090 1096 1125 secundum
1117 1094 1152 1124 et
1174 1089 1374 1136 posterioris
1398 1089 1546 1132 ordinis,
1571 1089 1654 1135 quia
1667 1089 1784 1124 Iudaei
1799 1089 1890 1125 festa

333 1146 452 1181 omnis
467 1146 616 1181 sabbata
631 1146 820 1189 vocabant3
838 1147 930 1192 quod
946 1158 965 1182 e
981 1147 1160 1193 Scriptura
1175 1147 1400 1182 demonstrat.
1431 1147 1516 1182 Mox
1533 1157 1614 1182 vero
1628 1146 1780 1182 subiicit:
1797 1143 1838 1185 εἰς
1855 1144 1891 1180 δὲ

333 1201 414 1237 ἑπτὰ
429 1201 551 1250 ἡμέρας
568 1201 665 1237 πάλιν
681 1201 964 1250 ἆνακυκλούμενον
981 1204 1129 1250 δεύτερον
1146 1203 1293 1238 καλεῖται
1308 1205 1452 1250 πρῶτον.
1499 1203 1553 1238 Ex
1574 1203 1716 1249 quibus,
1738 1206 1775 1241 ut
1794 1206 1829 1237 et
1845 1213 1890 1238 ex

333 1261 558 1307 sequentibus
581 1260 642 1296 illa
662 1259 847 1307 Epiphanii
868 1261 1042 1296 sententia
1063 1261 1232 1307 posterior
1255 1261 1400 1303 elicitur,
1423 1261 1610 1296 sabbatum
1625 1260 1891 1306 deuteroproton

333 1328 411 1352 esse
427 1321 652 1364 pentecosten
662 1343 671 1360 ,
687 1317 723 1352 in
740 1329 811 1364 qua
827 1317 975 1363 δεύτερον
991 1318 1077 1353 illud
1092 1318 1278 1354 sabbatum
1294 1319 1425 1364 πρῶτον
1442 1318 1643 1364 appelletur.
1690 1316 1758 1352 Gur
1773 1320 1891 1352 autem

334 1375 597 1420 δευτερόπρωτον
622 1374 756 1416 dicitur,
780 1374 867 1409 nihil
889 1378 1050 1421 apertum
1071 1386 1112 1410 ac
1131 1374 1303 1421 liquidum
1326 1386 1370 1410 ex
1392 1373 1577 1421 Epiphanii
1593 1374 1706 1409 verbis
1723 1373 1891 1408 extricare

333 1443 475 1478 possum
486 1458 495 1474 ‚
512 1431 571 1466 sed
587 1431 649 1466 illa
660 1431 852 1467 Maldonati
865 1431 1019 1478 opinioni
1030 1431 1109 1467 huic
1122 1432 1306 1478 aptissima
1317 1431 1462 1474 videtur,
1479 1431 1644 1477 quoniam
1661 1442 1704 1466 ex
1719 1430 1891 1478 primariis

333 1489 444 1524 tribus
459 1488 576 1531 festis,
593 1489 666 1523 sive
682 1489 854 1531 sabbatis,
872 1499 1092 1534 azymorum,
1108 1489 1362 1535 primitivorum
1379 1493 1415 1524 et
1430 1488 1676 1535 scenopegiae,
1693 1488 1892 1534 proximum

334 1557 356 1581 a
370 1546 483 1592 priore
499 1550 536 1580 et
551 1545 700 1591 δεύτερον
717 1546 764 1582 sit
777 1549 994 1592 pentecostes
1010 1546 1170 1589 solenne,
1192 1545 1270 1581 ideo
1291 1545 1554 1592 δευτερόπρωτον
1576 1545 1754 1592 appellari.
1799 1545 1892 1580 Haec

334 1603 440 1649 igitur
452 1603 560 1637 altera
572 1606 625 1638 est
635 1602 821 1650 Epiphanii
833 1603 1006 1639 sententia
1021 1614 1062 1639 ac
1073 1603 1170 1639 vocis
1186 1603 1281 1638 illius
1295 1603 1532 1649 interpretatio
1541 1628 1550 1646 ,
1567 1613 1589 1637 a
1600 1602 1775 1649 superiore
1786 1602 1892 1648 longe

335 1660 466 1695 disersa
481 1664 532 1703 et,
549 1660 580 1695 si
595 1671 715 1695 verum
731 1660 833 1696 fateri
848 1661 1028 1704 volumus,
1043 1661 1160 1696 minus
1177 1670 1284 1706 quam
1297 1660 1359 1695 illa
1373 1660 1575 1706 probabilis.

427 1717 568 1760 Τοιαύτη
582 1716 659 1763 ἁγία
671 1722 730 1751 τοῦ
743 1716 1004 1763 προσαββάτου]
1027 1718 1281 1754 Prosabbatum
1295 1716 1383 1753 nihil
1398 1717 1492 1752 aliud
1507 1720 1561 1752 est
1573 1719 1678 1763 quam
1690 1727 1892 1763 parasceve;

335 1774 428 1820 qnod
443 1774 488 1809 ad
503 1773 594 1810 hunc
610 1775 725 1810 locum
739 1775 890 1822 pertinet
904 1774 1001 1812 nihil.
1043 1775 1122 1810 Non
1143 1775 1238 1810 enim
1260 1785 1463 1820 azymorum
1478 1786 1539 1810 vu.
1555 1774 1591 1809 in
1607 1784 1819 1820 parasceven
1833 1783 1893 1809 ne-

336 1832 487 1867 cessario
510 1832 688 1875 convenit,
711 1843 818 1879 quam
841 1832 990 1868 subinde
1011 1832 1048 1868 iu
1063 1845 1099 1875 1.,
1121 1835 1182 1868 aut
1196 1844 1249 1874 n.,
1271 1835 1332 1867 aut
1354 1843 1406 1867 ιιι.
1422 1831 1546 1866 feriam
1569 1830 1688 1866 cadere
1710 1841 1813 1877 posse
1836 1830 1892 1867 de-

335 1889 455 1923 clarat.
490 1889 560 1924 Aut
573 1889 680 1935 igitur
696 1889 932 1936 expungenda
946 1890 1014 1924 ista
1029 1900 1098 1924 vox
1115 1893 1186 1932 est,
1204 1892 1266 1924 aut
1281 1887 1510 1935 προσάββατον
1527 1899 1589 1935 pro
1607 1900 1641 1923 vr
1657 1886 1893 1929 hebdomadae

337 1945 459 1982 diebus
491 1946 687 1992 usurpavit,
717 1957 804 1992 quas
835 1949 938 1994 ῺἹΠ,
961 1945 1026 1982 hoc
1046 1950 1101 1981 est
1115 1946 1297 1993 profanas,
1320 1945 1518 1988 nominant,
1534 1955 1692 1991 quaeque
1708 1944 1893 1980 sabbatum

336 2002 555 2039 antecedunt.

427 2058 488 2095 Διὰ
504 2059 541 2095 τὸ
558 2059 603 2106 μὴ
620 2058 662 2101 εἰς
679 2058 831 2105 πλάτος.]
872 2060 993 2096 Scribe
1009 2059 1063 2095 διὰ
1079 2058 1114 2094 δὲ
1130 2059 1168 2094 *r‘o
1186 2058 1231 2106 μὴ
1247 2058 1289 2100 εἰς
1306 2057 1428 2099 πλάτος
1446 2058 1549 2106 φέρειν
1566 2058 1621 2093 τὀν
1638 2057 1752 2105 λόγον,
1769 2057 1820 2092 ἐπὶ
1836 2057 1892 2103 τὴν

337 2115 541 2152 ἀκολουθίαν.
1715 2127 1718 2130 ·

427 2174 468 2211 Ν.
483 2186 607 2212 xxxin.
633 2170 713 2210 Εἶτά
729 2186 808 2215 τινες
824 2173 857 2215 ἐξ
872 2173 982 2209 αὐτῶν
999 2172 1123 2219 κάλα]
1156 2173 1376 2210 Obiiciebant
1390 2172 1553 2209 haeretici
1568 2173 1769 2208 mendacem
1784 2172 1894 2209 fuisse

338 2233 519 2275 loannem,
543 2232 604 2279 qui
627 2232 671 2268 ad
694 2243 771 2268 eam
795 2232 979 2268 ecclesiam
1003 2231 1096 2267 edita
1118 2230 1185 2267 sibi
1208 2242 1231 2266 a
1252 2229 1391 2266 domino
1415 2229 1579 2266 mandata
1601 2230 1782 2274 scriberet,
1805 2242 1894 2277 quae

339 2290 435 2326 nulla
450 2293 524 2325 tum
540 2294 643 2327 esset.
667 2289 866 2337 Respondet
876 2287 1090 2336 Epiphanius
1106 2287 1172 2324 hoc
1187 2288 1264 2335 ipso
1281 2291 1440 2323 constare
1456 2286 1694 2335 propheticum
1710 2286 1802 2323 hunc
1817 2299 1895 2324 esse

338 2347 480 2390 librum,
502 2358 583 2383 cum
606 2347 650 2383 ad
674 2347 855 2383 ecclesiam
877 2346 1070 2394 scripserit,
1092 2356 1198 2392 quam
1221 2345 1305 2380 olim
1320 2345 1471 2381 futuram
1490 2348 1733 2390 cognosceret,
1756 2345 1895 2381 tametsi

340 2404 464 2451 quibus
481 2404 654 2440 scribebat
669 2404 881 2451 temporibus
898 2403 1053 2440 nondum
1068 2406 1205 2438 extaret
1221 2402 1301 2439 ulla.
1331 2401 1399 2438 Sed
1415 2400 1500 2438 haec
1515 2400 1697 2448 Epiphanii
1714 2402 1894 2448 responsio

340 2461 407 2498 nisi
429 2460 655 2503 ἁντιλικτικῶς
684 2465 719 2497 et
747 2461 792 2497 ad
816 2460 1010 2504 hominem,
1041 2464 1077 2496 et
1094 2460 1200 2507 vulgo
1222 2460 1420 2507 loquuntur,
1442 2458 1670 2505 accipiamus,
1694 2457 1787 2495 haud
1810 2459 1894 2495 satis

340 2518 528 2565 probabilis
544 2518 687 2555 videtur.
711 2518 760 2555 Ac
777 2519 882 2565 longe
898 2518 1023 2555 melius
1039 2519 1094 2553 est
1108 2526 1236 2563 negare
1254 2516 1392 2552 loannis
1409 2519 1563 2563 tempore
1580 2515 1708 2551 nullam
1721 2514 1894 2562 Thyatiris

340 2576 522 2611 ecclesiam
539 2576 716 2619 extitisse;
732 2575 824 2623 quod
841 2574 1057 2623 impudenter
1072 2573 1239 2611 baeretici
1254 2573 1389 2610 mentiti
1404 2577 1494 2610 sunt.

432 2632 496 2667 Νῦν
513 2631 550 2668 ὀὶ
565 2630 618 2669 διὰ
634 2633 690 2668 τὀν
707 2633 816 2680 κύριον
832 2631 864 2667 ἰν
887 2634 937 2679 τῷ
958 2632 1073 2679 χρόνῳ
1090 2630 1227 2678 τούτῳ]
1274 2630 1370 2668 Duae
1390 2629 1471 2667 illae
1494 2639 1582 2676 quae
1603 2632 1771 2676 sequntur
1792 2633 1895 2666 notae

341 2694 536 2737 temporum
559 2690 614 2726 vel
638 2690 853 2727 librariorum
879 2690 983 2733 vitio,
1011 2689 1066 2725 vel
1089 2688 1220 2725 sutoris
1242 2687 1352 2735 ipsius
1374 2685 1658 2729 hallucinatione,
1688 2686 1895 2733 depravatae

341 2752 433 2782 sunt.
482 2747 622 2785 Hieron.
647 2747 683 2783 in
705 2747 830 2795 Script.
848 2746 976 2783 Eccles.
994 2745 1158 2783 Ioannem
1179 2745 1304 2782 asserit
1323 2742 1557 2792 Apocalypsin
1577 2742 1756 2789 scripsisse
1777 2743 1895 2780 Domi·

341 2803 427 2839 tiaui
444 2815 524 2845 nv..
548 2805 608 2851 qni
631 2804 709 2840 iniit
731 2804 864 2840 Iuliano
882 2814 1039 2847 cxxxix,
1062 2802 1191 2840 Christi
1205 2812 1312 2846 xcxv..
1335 2800 1446 2838 Nonio
1468 2800 1660 2847 Asprenate
1682 2803 1716 2835 et
1739 2801 1894 2837 ArrIcino

342 2871 432 2895 cosa.
464 2860 578 2902 Quare
594 2861 647 2896 vel
665 2860 727 2896 hoc
745 2861 820 2908 ipso
842 2871 952 2904 anno,
973 2861 1026 2896 vel
1050 2860 1211 2908 sequenti
1230 2859 1371 2902 saltem,
1390 2858 1539 2895 loannes
1557 2857 1789 2904 Apocalypsin
1812 2859 1895 2894 scri·

343 2917 423 2964 psit.
457 2918 485 2951 Α
502 2927 571 2963 quo
587 2922 741 2965 tempore
758 2918 800 2953 ad
817 2928 948 2954 aunum
965 2916 1091 2954 Christi
1107 2926 1294 2959 ccccxxv„
1316 2925 1384 2963 quo
1402 2912 1612 2962 Epiphanius
1630 2913 1694 2950 hoc
1718 2925 1804 2962 opus
1826 2916 1895 2950 ela·

345 2973 503 3015 berabat,
520 2974 601 3009 ouini
618 2979 698 3010 nunt
715 2985 894 3016 cccxxxi..
918 2986 987 3010 non
1005 2985 1103 3017 oxu„
1128 2978 1166 3010 ut
1182 2972 1310 3009 habent
1324 2970 1506 3019 Epiphanii
1524 2971 1637 3007 verba.
1685 2970 1815 3008 Deinde
1831 2971 1894 3009 sal·

341 3041 422 3068 sim
437 3035 508 3072 est,
530 3041 599 3076 quo
617 3035 769 3078 tompore
784 3032 912 3078 scripta
927 3034 982 3069 est
996 3030 1239 3080 Apoealypsis,
1259 3027 1433 3076 Thystlris
1450 3026 1687 3075 (amphrygas
1704 3028 1893 3069 haereticos
