2008 3294
314 196 398 233 XVI

315 300 388 335 sori
401 301 639 346 temporibus?
674 298 771 335 Unus
787 310 832 335 ex
847 300 908 343 iis,
925 311 1013 346 quos
1027 301 1200 336 recensuit
1213 299 1428 348 Epiphanius
1437 327 1446 345 ,
1462 302 1727 348 antiquissimus
1740 302 1867 350 Pytha·

315 368 419 403 goras
441 357 501 392 diu
522 360 603 404 post
615 356 1015 401 Nabuchodonosorum‚
1038 361 1119 392 ante
1134 357 1280 393 Xerxen
1294 357 1428 402 floruit,
1448 370 1574 406 nempe
1590 358 1794 406 Olympiade
1809 372 1867 404 nx,

316 418 355 450 ut
368 415 543 461 Diogenes
558 417 716 458 testatur,
731 413 822 460 Cyro
837 413 950 450 adhuc
964 415 1162 462 superstite.

789 505 851 542 AD
874 505 1138 543 STOICORUM
1158 505 1396 543 HAERESIN.

403 586 447 623 N.
464 599 489 622 1.
511 586 766 634 Μεταγγισμούς
780 599 816 622 τε
831 586 973 635 ψόχῶν]
1005 587 1114 623 Stoici
1129 586 1283 622 animam
1298 588 1470 633 putabant
1484 599 1562 623 esse
1577 597 1797 635 corpoream,
1819 587 1870 624 vi-

315 643 438 679 delicet
452 646 580 690 πνεῦμα
595 641 758 691 ἔνθερμον,
780 647 822 679 ut
834 645 885 680 ait
897 645 1090 691 Diogenes,
1113 644 1260 691 ideoque
1282 644 1424 680 interire
1444 649 1526 692 post
1540 649 1708 689 mortem,
1730 646 1871 683 tametsi

314 701 528 748 aliquamdiu
541 704 623 748 post
632 701 766 737 obitum
775 706 942 737 maneret.
966 701 1228 748 Μετεμψύχωσιν
1240 711 1322 737 vero
1335 701 1531 738 defendisse
1544 702 1679 738 Stoicos
1695 711 1871 749 nusquam

314 769 336 793 a
350 769 408 794 me
423 759 552 794 lectum
566 762 630 794 est.
662 758 708 794 Et
728 757 1034 794 hallucinationem
1054 758 1144 794 hanc
1163 769 1239 794 esse
1255 759 1476 802 crediderim,
1499 760 1815 806 quaemadmodum
1835 762 1871 795 et

315 816 408 862 quod
430 816 602 862 sequitur:
625 816 858 854 immortalem
881 827 904 851 a
919 816 1046 852 Stoicis
1069 816 1224 851 animam
1247 827 1324 851 esse
1347 817 1584 852 constitutam.
1621 815 1721 859 Quod
1740 816 1872 854 falsum

314 877 379 909 est.
401 872 509 909 Vide
503 873 552 909 sis
564 873 762 920 Diogenem
776 878 810 908 et
824 873 998 909 Plutarch.
1013 873 1056 909 de
1070 873 1213 909 Placitis
1226 873 1314 908 Phil.

405 930 447 966 ot
462 929 519 978 μὲν
535 930 598 978 γὰρ
621 930 720 965 αὐτον
743 929 892 977 ἔφασαν]
928 931 1022 966 Zeno
1046 930 1186 966 Stoicae
1208 934 1323 966 sectae
1345 930 1501 966 conditor
1523 931 1689 967 Mnaseae
1710 931 1783 967 sive
1804 931 1870 967 De-

315 999 393 1023 mae
413 987 663 1031 F.-cittiensis,
686 999 732 1024 ex
755 989 880 1035 oppido
905 987 1011 1035 Cypri
1031 988 1183 1031 insulae,
1204 991 1245 1023 ut
1266 987 1425 1023 Laenius
1449 993 1484 1024 et
1498 987 1625 1024 Suidas
1645 991 1806 1031 narrant3
1829 988 1872 1024 de

315 1044 482 1081 Cleanthe
492 1045 597 1091 Tyrio
609 1045 759 1080 Zenonis
775 1049 872 1092 patre
887 1045 974 1080 nihil
988 1045 1150 1092 comperi.
1175 1044 1396 1091 Quamquam
1412 1045 1483 1080 scio
1501 1042 1623 1079 ἄνωθεν
1637 1045 1748 1081 fuisse
1762 1045 1871 1082 Phoe-

315 1103 441 1146 nicem,
457 1102 550 1149 quod
561 1101 728 1138 Citn'ense
743 1102 909 1148 oppidum
924 1113 946 1137 a
956 1101 1187 1138 Phoenicibus
1204 1102 1335 1138 colonis
1350 1102 1610 1149 frequentatum
1624 1102 1741 1138 fuerit.
1765 1101 1873 1144 Quin-

315 1161 423 1196 etiam
437 1161 549 1196 civem
562 1160 660 1195 illum
675 1159 875 1195 vendicasse
891 1159 958 1195 sibi
973 1159 1048 1199 τοὺς
1065 1158 1097 1194 ἐν
1114 1159 1234 1194 Σιδῶνι
1250 1158 1382 1200 Kana<
1399 1163 1500 1195 autor
1516 1163 1569 1195 est
1583 1159 1754 1197 Laertius.
1777 1159 1871 1206 Ergo

316 1216 444 1253 Citium
464 1217 558 1252 aliud
578 1217 615 1252 in
629 1216 800 1252 Phoenice
824 1217 999 1263 oppidum.
1033 1216 1192 1263 Denique
1207 1216 1386 1252 Zenonem
1400 1216 1595 1253 Poenulum
1610 1218 1655 1252 ob
1670 1216 1706 1252 id
1722 1217 1874 1264 appellat

315 1274 436 1310 Cicero
451 1275 511 1310 lib.
526 1287 574 1311 ιν.
590 1275 633 1309 de
647 1274 714 1309 fin.
748 1274 873 1308 Postea
894 1281 970 1309 tuus
988 1275 1047 1309 ille
1061 1274 1228 1309 Poenulus
1244 1276 1329 1315 (scis
1345 1277 1430 1309 enim
1448 1274 1598 1310 Citiaeos
1614 1275 1752 1310 clientes
1766 1280 1840 1310 tuoe
1854 1286 1872 1310 e

314 1332 503 1368 Phoenicia
515 1334 713 1378 profectos).

406 1388 462 1424 Ἐν
486 1375 588 1436 ῥώμῃ
614 1388 649 1423 δὲ
673 1388 886 1434 βεβιωκέναιῇ
922 1389 952 1424 A
968 1400 1037 1435 quo
1053 1388 1139 1424 haec
1154 1387 1312 1424 didicerit
1325 1387 1560 1436 Epiphanius,
1583 1389 1724 1435 beasset
1737 1400 1821 1432 nos,
1842 1390 1873 1425 si

315 1448 437 1483 docere
452 1447 629 1482 voluisset.
664 1445 875 1482 Crediderim
890 1431 1012 1492 ῥώμην
1027 1446 1072 1482 ab
1088 1457 1129 1482 eo
1144 1457 1208 1492 pro
1223 1446 1325 1482 Italia
1344 1446 1454 1489 sumi;
1475 1450 1510 1482 et
1523 1446 1680 1483 Eleatem
1694 1446 1873 1483 Zenonem

316 1516 397 1540 cum
409 1504 552 1540 Citiensi
562 1503 740 1539 confundi.
762 1503 853 1538 Nam
868 1503 1014 1546 dubitat,
1031 1503 1145 1539 duone
1155 1503 1284 1538 fuerint
1299 1503 1404 1539 ambo
1418 1503 1490 1547 isti,
1507 1515 1553 1540 an
1567 1514 1658 1540 unus
1675 1503 1873 1540 Stoicorum

315 1566 424 1609 pater.
452 1561 533 1597 Fuit
547 1564 665 1597 autem
680 1561 863 1596 Zenonum
878 1561 965 1596 alter
980 1561 1116 1596 Eleates
1132 1571 1178 1596 ex
1192 1559 1310 1603 Italia;
1327 1560 1389 1596 sed
1404 1560 1498 1607 quod
1513 1561 1636 1598 ambos
1651 1561 1736 1598 dicit
1750 1561 1872 1600 eadem

315 1619 479 1655 habuisse
495 1618 677 1665 dogmata,
694 1618 778 1653 satis
796 1629 841 1653 ex
856 1618 1013 1664 Diogene
1030 1618 1175 1665 aliisque
1191 1617 1368 1653 refellitur.

700 1709 760 1746 AD
783 1709 1009 1747 HAERESIN
1026 1709 1102 1754 V1.,
1124 1709 1489 1746 PLATONICORUM.

407 1791 456 1839 Τῇ
473 1791 791 1839 μετενσωματώσει]
825 1790 986 1827 Socrates
1006 1790 1099 1838 apud
1113 1790 1293 1826 Platonem
1315 1791 1354 1826 in
1367 1789 1554 1827 Phaedone
1570 1790 1612 1827 de
1627 1790 1695 1827 hoe
1709 1791 1873 1838 dogmate

315 1850 480 1897 disputat.
515 1849 585 1885 Sed
608 1852 643 1885 et
658 1848 927 1895 Chrysostomus
949 1848 1102 1884 Homilia
1115 1847 1142 1884 1.
1165 1848 1202 1884 in
1224 1848 1320 1885 Ioan.
1337 1848 1491 1884 Platonis
1514 1848 1682 1895 dogmata
1701 1847 1742 1885 de
1757 1849 1876 1885 anima

316 1907 547 1953 redarguens:
564 1909 619 1942 νῦν
637 1905 694 1953 μὲν
710 1906 774 1952 γὰρ
791 1905 891 1951 αὐτὴν
907 1907 963 1950 τῆς
979 1908 1039 1940 τοῦ
1055 1905 1129 1940 θεοῦ
1147 1917 1241 1951 φησιν
1257 1905 1370 1946 οὐσίας
1386 1900 1474 1941 εἶναι.
1490 1908 1545 1940 νῦν
1561 1904 1598 1940 ab
1609 1905 1715 1947 οὔτως
1727 1903 1874 1952 ἀμέτρως

317 1964 371 1999 καὶ
387 1964 516 2010 ἀσεβῶς
533 1962 654 2011 ἐπάρας
671 1963 741 2011 μεθ’
757 1961 866 2009 ἐτέρας
882 1962 1064 2009 καθυβρίζει
1080 1961 1176 1998 πάλιν
1193 1962 1393 2010 ὑπερβολῆς,
1417 1961 1460 2003 εἰς
1482 1961 1615 2010 χοίρους
1638 1961 1692 1998 καὶ
1707 1959 1802 2004 ὅνους
1817 1961 1874 2005 εἰς·

317 2021 421 2069 άγων,
437 2021 491 2057 καὶ
507 2018 549 2057 τὰ
560 2019 606 2056 ἔτι
621 2021 748 2056 τούτων
763 2018 940 2067 ἀτιμότερα
955 2021 1036 2061 ζῶα.

668 2112 728 2148 AD
751 2111 976 2148 HAERESIN
993 2111 1083 2156 vn„
1105 2109 1520 2148 PYTHAGOREORUM.

409 2194 478 2242 Πρὸ
492 2193 528 2230 δὲ
540 2194 657 2242 ‘codron
671 2193 894 2240 Πυθαγόρας]
918 2192 1046 2228 Verum
1057 2195 1112 2228 eet
1122 2191 1358 2239 Pythagoram
1368 2192 1512 2229 Platone
1525 2192 1739 2240 superiorem
1754 2193 1874 2238 fuisse,

317 2253 359 2287 de
382 2251 618 2299 Peripateticis
641 2250 841 2286 absurdum.
877 2249 972 2293 Quos
996 2260 1177 2297 perperam
1199 2260 1284 2286 sane
1306 2261 1387 2286 cum
1409 2248 1638 2297 Pythagoreis
1661 2251 1876 2289 commiscet.

317 2309 477 2356 Quinque
500 2309 593 2345 enim
613 2312 727 2344 sectae
747 2310 1013 2351 commemorat,
1034 2307 1247 2351 Stoicorum,
1268 2307 1543 2351 Platonicorum,
1564 2306 1874 2355 Pythagoreorum,

317 2368 390 2403 sive
413 2366 736 2414 Peripateticorum,
757 2369 792 2401 et
813 2365 1072 2413 Epicureorum.
1107 2365 1161 2400 Ad
1181 2364 1267 2401 haec
1288 2364 1533 2412 Peripateticos
1549 2363 1606 2409 τὴν
1623 2365 1873 2414 μετιμψύχωσιν

318 2434 558 2471 propugnasse
573 2423 757 2459 ridiculum
773 2426 835 2466 est,
851 2426 886 2458 et
901 2421 966 2458 hoc
981 2421 1200 2504 Pythagorae
1215 2422 1423 2470 figmentum
1437 2422 1549 2458 reiicit
1560 2422 1762 2460 Aristoteles
1776 2423 1836 2460 lib.
1848 2436 1872 2461 1.

317 2482 360 2517 de
374 2482 502 2518 Anima
516 2492 592 2528 cap
605 2492 657 2517 ιιι.

409 2534 516 2579 Οὗτος
529 2537 565 2574 δὲ
576 2537 698 2579 τέλειος
710 2536 743 2574 δν
755 2540 794 2585 τῇ
807 2537 944 2585 Μηδίῳ]
967 2538 1008 2575 In
1019 2537 1136 2574 Media
1150 2536 1411 2585 Phythagoram
1426 2536 1555 2573 obiisse
1570 2537 1704 2574 nemini
1716 2548 1874 2586 unquam

318 2596 486 2632 auditum.
510 2595 739 2633 Scribendum
755 2593 788 2632 iv
804 2598 843 2642 τῇ
860 2593 995 2642 Ἰταλίᾳ.
1029 2595 1190 2632 Mortuus
1212 2595 1307 2632 enim
1328 2594 1433 2631 estin
1447 2594 1580 2641 Magna
1597 2594 1752 2632 Graecia.
1786 2595 1873 2634 Vide

319 2653 505 2689 Laertium.

762 2743 823 2780 AD
850 2742 1174 2781 EPIGUREORUM
1194 2741 1429 2781 manem.

410 2819 498 2859 Εἶναι
512 2822 548 2859 δὴ
559 2821 592 2866 ἐξ
605 2823 781 2872 butema]
803 2824 890 2862 Vide
902 2825 1093 2862 Diodorum
1105 2824 1263 2862 Siculum
1272 2824 1331 2862 ub.
1339 2836 1363 2862 ι.
1375 2826 1410 2861 et
1421 2822 1548 2861 Euseb.
1564 2821 1776 2872 Προπάρασκ.
1791 2824 1871 2863 libr.

409 2879 501 2922 Ἕως
519 2884 576 2915 τοῦ
601 2881 729 2929 Σιροὺχ
746 2881 799 2917 καὶ
816 2879 950 2929 Ἀράμ]
976 2882 1042 2919 Pro
1060 2881 1167 2930 ’Λρόιμ
1182 2892 1270 2919 corr.
1287 2880 1384 2928 Θαρά

410 2936 574 2972 Ἐντιῦοιν
591 2938 628 2972 τὴ
646 2941 708 2973 πᾶν
725 2938 816 2985 γένος
833 2942 891 2974 τοῦ
916 2937 1076 2987 Ἰσραήλ]
1100 2939 1179 2976 Νοιι
1193 2942 1266 2976 tam
1280 2941 1380 2975 vetus
1397 2941 1452 2974 eet
1465 2938 1672 2976 Iudaeorum
1687 2939 1872 2988 appellatio

320 3006 382 3043 pro
406 2995 566 3031 universo
591 2995 824 3033 israelitarum
847 3006 991 3043 genere,
1022 3000 1061 3033 ut
1084 2995 1257 3033 Davldieis
1286 2995 1498 3043 temporibus
1523 3007 1687 3044 usurpare
1710 2997 1873 3045 coeperit.

321 3052 412 3091 Audi
425 3051 612 3101 iosephum
627 3052 686 3089 lib.
700 3065 748 3091 ιι.
765 3051 857 3101 ’Δρχ-
876 3063 948 3101 cap.
962 3066 994 3091 v.
1024 3052 1232 3099 Ἐκλήθησαν
1248 3051 1284 3090 a&
1299 3052 1336 3089 τὸ
1355 3048 1460 3101 ὄνομα
1475 3051 1508 3095 ἐξ
1524 3048 1561 3098 ἧς
1577 3052 1698 3102 ἡμέρας
1713 3053 1871 3100 ἀνέβησαν
