2008 3294
304 222 365 259 LlI

303 325 504 361 narratione
519 324 682 360 inductus
699 323 966 370 existimaverit,
979 324 1158 361 morituris
1175 323 1338 360 omnibus
1359 324 1566 371 mysterium
1581 324 1666 361 illud
1686 324 1724 360 in
1746 335 1866 361 aurem

303 383 572 419 immurmurari.
620 381 750 417 Scribit
769 382 863 417 enim
885 381 923 416 rb
947 382 1024 429 παρ’
1047 381 1156 416 αὐτῶν
1180 379 1234 418 ἀεὶ,
1249 383 1486 429 μυστηριωδῶς
1505 383 1686 430 γινόμενον.
1735 383 1867 419 Verum

303 445 343 475 ut
358 441 442 476 haec
459 451 555 475 mera
570 439 692 475 fabula
706 439 763 482 sit,
778 439 912 474 nullam
927 439 1069 490 qmnino
1086 438 1330 474 sanctissimus
1343 439 1447 478 Pater
1458 441 1597 487 culpam
1610 439 1725 475 bacin
1738 451 1778 475 re
1789 451 1865 475 sus-

302 499 406 541 tinet;
424 498 484 544 qui
499 497 593 544 quod
608 507 631 532 a
644 496 712 532 fide
729 496 844 543 dignis
859 495 1059 532 hominibus
1076 498 1271 543 acceperat,
1294 496 1513 544 simpliciter,
1535 497 1588 532 uti
1605 500 1784 532 narratum
1799 497 1867 532 sibi

303 559 393 598 erat,
409 555 506 590 nullo
524 566 587 590 suo
603 554 809 600 interposito
825 548 951 589 iudicio
967 554 1094 588 retulit.
1142 552 1232 595 Quid
1246 556 1301 588 est
1315 556 1434 593 autem
1448 565 1509 590 cur-
1525 554 1566 590 de
1583 553 1719 590 Christo
1735 554 1866 601 pleros—

303 624 370 658 que
386 612 423 646 id
437 612 506 646 sibi
520 611 728 646 Iudaeorum
743 611 960 658 persuasisse
974 622 1047 646 non
1068 613 1256 657 putemus?
1291 610 1412 657 Neque
1433 612 1528 647 enim
1550 612 1736 647 mentitum
1757 611 1867 647 fuisse

302 668 492 716 Iosephum
507 669 671 704 comitem
686 669 744 704 vel
759 668 983 705 Calviniauus
999 668 1064 703 iste
1080 668 1150 703 nisi
1163 667 1384 714 impudenter
1397 668 1550 704 finxerit.

393 726 434 762 N.
451 738 499 761 xr.
524 725 640 766 Οὕτως
653 724 807 760 ἐπιτελεῖν
820 725 1117 772 προβαλλόμενος]
1142 725 1256 761 Variis
1271 725 1384 760 modis
1401 726 1571 772 explicari
1582 725 1689 761 verba
1702 726 1772 762 ista
1785 736 1868 772 pos-

302 787 399 819 sunt:
427 784 501 819 sive
523 794 564 818 eo
587 794 694 832 sensu
709 794 814 830 quem
827 782 1056 826 reddidimus,
1077 782 1151 818 sive
1167 792 1272 829 quem
1287 781 1472 818 comasius
1489 783 1678 830 expressit:
1703 782 1764 818 Sic
1780 785 1867 818 enim

301 844 470 888 sefacere
482 841 739 887 praetendebat.

392 898 454 932 Καὶ
469 897 645 939 Ἀζανιτῶν
661 898 728 932 τῶν
744 895 823 945 παρ’
838 897 976 942 αὐτοῖς]
1011 896 1132 932 Iudaei
1147 899 1216 959 33¹¹:
1233 900 1361 934 vocant
1375 908 1581 945 synagogae
1595 897 1797 934 ministrum
1810 897 1867 934 vel

303 956 491 992 aedituum.
515 955 604 992 Vide
618 955 732 990 Eliam
746 955 785 990 in
799 954 931 990 Thisbi.
1268 960 1278 963 ⁴

392 1013 531 1060 Κόμητα
546 1012 610 1060 γὰρ
627 1011 726 1046 αὐτὸν
742 1011 950 1057 κατέστησε.]
987 1011 1164 1047 Comitum
1185 1011 1338 1059 dignitas
1359 1012 1474 1048 nudus
1495 1005 1572 1048 Sine
1594 1012 1804 1059 magistratu
1823 1023 1866 1048 ac

300 1071 479 1106 functione
493 1071 696 1117 plerumque
711 1069 834 1104 titulus
855 1069 940 1112 fuit;
958 1071 1000 1105 ut
1020 1079 1064 1104 ex
1081 1067 1323 1105 Theodosiano
1340 1069 1466 1105 Codice
1482 1073 1628 1105 constat.
1661 1070 1760 1105 Hanc
1775 1069 1866 1106 Con-

301 1128 476 1163 stantinus
490 1127 665 1174 plerisque
675 1153 684 1170 ,
699 1130 740 1162 ut
754 1126 860 1162 refert
873 1125 1046 1162 Eusebius
1055 1152 1064 1169 ,
1081 1127 1265 1164 concessit.
1315 1126 1448 1163 Eadem
1462 1138 1524 1174 per
1539 1125 1744 1162 honorarios
1773 1126 1866 1164 codi-⁴

301 1186 400 1220 cillos
416 1195 438 1219 a
452 1184 608 1231 principe
625 1183 876 1219 conferebatur.
911 1182 988 1226 Qua
1010 1183 1052 1218 de
1074 1194 1112 1218 re
1135 1183 1180 1218 ad
1195 1183 1379 1219 Themistii
1400 1184 1495 1221 Orat.
1513 1196 1559 1220 ιν.
1574 1184 1734 1231 pluribus
1749 1184 1866 1231 dispu-

299 1243 464 1277 tavimus.
487 1241 555 1277 Ubi
567 1241 737 1276 eiusmodi
753 1240 903 1276 codicilli
919 1239 1030 1274 δέλτοι
1043 1239 1246 1288 σφυρήλατοι
1260 1242 1478 1288 appellantur
1494 1240 1725 1277 aThemistio.
1741 1241 1784 1277 In
1796 1252 1866 1288 quo

299 1299 447 1334 ridicula
462 1302 516 1334 est
530 1298 698 1344 anonymi
713 1297 917 1333 coniectoris
927 1323 936 1340 ,
959 1298 1020 1344 qui
1035 1297 1076 1332 de
1093 1297 1349 1333 suburbicariis
1370 1309 1482 1346 nuper
1503 1298 1658 1345 scripsit,
1681 1299 1868 1334 oscitantia

300 1368 382 1391 cnm
396 1357 472 1403 pari
487 1355 704 1403 impudentia
720 1355 917 1390 coniuncta.
943 1354 1352 1401 Scripserat'l'hemistius
1371 1355 1536 1392 Oratione
1550 1356 1612 1391 illa
1624 1367 1670 1391 iv.
1686 1366 1770 1403 pag.
1785 1355 1866 1392 edit.

299 1418 439 1449 nostrae
458 1413 551 1456 117„
573 1423 628 1455 se,
645 1423 725 1447 cum
747 1415 867 1458 posset
882 1411 1044 1447 omnibus
1065 1412 1135 1447 illis
1157 1423 1202 1447 ex
1217 1412 1437 1460 imperatoris
1451 1413 1656 1449 liberalitate
1673 1412 1865 1448 commodis

300 1481 341 1505 ac
355 1470 594 1516 voluptatibus
617 1469 814 1515 delitiisque
828 1468 975 1515 perfrui,
999 1466 1109 1503 ὁπόσα
1131 1469 1202 1509 ταῖς
1219 1468 1345 1514 δέλτοις
1361 1468 1535 1504 ἀκολουθεῖ
1551 1471 1620 1511 ταῖς
1634 1468 1854 1517 σφυρηλάτοις
1918 1489 1925 1494 ,

299 1528 366 1562 hoc
382 1530 446 1570 est,
458 1539 544 1572 quae
557 1527 693 1561 tabulas
705 1527 786 1561 illas
799 1533 1043 1572 consequuntur
1056 1526 1176 1561 malleo
1189 1527 1342 1569 ductiles,
1359 1527 1604 1563 communibus
1615 1527 1683 1563 illis
1694 1527 1864 1563 fructibus

298 1584 408 1619 fuisse
434 1587 637 1619 contentum
653 1594 741 1630 quos
758 1583 850 1618 cives
868 1583 995 1618 caeteri
1009 1583 1158 1630 publicis
1174 1584 1314 1619 tesseris
1326 1588 1429 1630 atque
1444 1583 1664 1631 imperatoris
1677 1584 1865 1631 largitione

300 1645 604 1688 consequerentur.
638 1640 712 1676 Hoc
729 1640 766 1675 in
780 1641 857 1676 loco
876 1639 1016 1684 δήλτους
1033 1638 1261 1687 σφυρηλάτους
1277 1641 1454 1676 coniector
1468 1640 1556 1676 nihil
1573 1641 1667 1676 aliud
1679 1652 1785 1688 quam
1795 1644 1864 1677 tes-

300 1710 396 1734 seras
409 1710 486 1734 esse
502 1698 689 1734 contendit.
708 1698 838 1734 Verum
854 1697 937 1744 quid
953 1708 1029 1732 esse
1044 1700 1161 1744 potest
1175 1697 1358 1734 absurdius
1374 1708 1481 1745 quam
1496 1709 1542 1734 ex
1556 1698 1696 1734 tesseris
1711 1698 1780 1734 illis
1794 1698 1866 1735 fru-

299 1757 479 1792 mentariis
496 1755 632 1791 credere
650 1754 776 1802 μακρὸν
792 1755 892 1790 illum
908 1753 1096 1802 κατάλογον
1113 1756 1169 1799 τῆς
1185 1756 1306 1803 τρυφῆς
1332 1754 1386 1790 καὶ
1409 1757 1465 1800 τῆς
1489 1754 1659 1796 εὐπαθείας
1672 1755 1866 1792 redundare

300 1817 429 1860 posse?
463 1813 671 1848 Praesertim
688 1823 785 1856 cum,
807 1812 860 1847 uti
874 1811 964 1855 dixi,
987 1815 1200 1848 tesserarum
1219 1812 1281 1848 illa
1295 1813 1496 1856 commoda,
1520 1823 1609 1860 quae
1624 1823 1707 1849 cum
1720 1813 1866 1851 caeteris

301 1871 501 1906 communia
524 1873 663 1917 caperet
683 1869 753 1905 illis
778 1873 948 1916 opponat,
977 1880 1066 1916 quae
1090 1870 1161 1910 ταῖς
1186 1868 1314 1910 δέλτοις
1338 1867 1513 1904 ἀκολουθέΐ
1537 1872 1609 1910 ταῖς
1635 1868 1865 1919 σφυρηλάτοις.

300 1929 377 1975 Age
392 1940 491 1972 voro,
514 1938 595 1963 cum
610 1926 763 1962 Oratvr.
779 1937 860 1973 pag.
878 1925 951 1961 166.
967 1930 1076 1973 negat
1091 1925 1141 1961 ἐπ’
1158 1925 1259 1974 ἐκείνῃ
1277 1929 1316 1975 τῇ
1333 1926 1459 1974 δέλτῳ,
1482 1938 1554 1974 qua
1567 1926 1777 1975 πολιαρχίαν,
1798 1926 1866 1963 hoe

301 1990 355 2021 est
370 1985 471 2020 Urbis
488 1984 743 2031 praefecturam
759 1983 974 2026 obtinuerat,
996 1983 1140 2030 gloriari
1155 1994 1248 2027 sese,
1265 1983 1328 2019 sed
1344 1983 1386 2019 de
1402 1984 1473 2020 alia
1486 1984 1621 2031 petius,
1643 1984 1682 2029 ἣν
1699 1983 1760 2019 οὐκ
1775 1983 1868 2023 inei<

301 2056 383 2087 ησαν
400 2040 652 2088 ἐλεφαντουργοὶ
669 2039 746 2075 οὐδὲ
767 2041 969 2087 χρυσοχόοι,
992 2039 1058 2076 hoc
1080 2043 1135 2076 est
1156 2040 1374 2087 imperatoris
1397 2041 1486 2086 filio,
1508 2052 1613 2088 quem
1633 2051 1760 2089 pareus
1782 2041 1866 2078 fidei

302 2111 386 2136 suae
403 2099 642 2141 commiserat,
659 2101 757 2133 estne
774 2101 812 2132 ut
825 2096 1089 2133 frumentariam
1105 2101 1272 2133 tesseram
1289 2097 1462 2134 coniector
1476 2096 1532 2133 hic
1548 2098 1720 2134 somniet?
1758 2097 1805 2134 Ut
1819 2098 1865 2134 ad

303 2156 489 2204 Iosephum
505 2156 643 2191 redeam
653 2182 662 2199 ,
679 2154 798 2191 coutet
814 2165 893 2190 cum
908 2153 974 2190 hoc
989 2155 1066 2190 loco
1082 2165 1171 2201 quae
1186 2154 1358 2191 Eusebius
1375 2167 1411 2192 ιι.
1425 2158 1462 2190 et
1473 2167 1524 2192 ιιι.
1542 2154 1584 2191 de
1595 2156 1678 2192 Vita
1693 2155 1863 2192 Constans

302 2215 367 2250 tini
384 2214 499 2258 refert,
516 2216 646 2261 quanto
661 2211 717 2248 hic
734 2211 1053 2248 constituendarum
1069 2212 1198 2259 ubique
1214 2211 1439 2248 ecclesiarum
1454 2211 1568 2248 studio
1580 2211 1790 2260 flagraverit,
1808 2217 1863 2250 ut-

302 2283 370 2319 que
387 2270 527 2307 easdem
542 2270 690 2318 publicis
706 2269 904 2317 sumptibus
921 2268 1141 2305 exaedificari
1155 2269 1312 2313 voluerit.

393 2328 434 2364 N.
452 2341 513 2364 111.
539 2326 720 2374 Κακούβιον
738 2326 772 2361 δὲ
786 2328 911 2372 τοῦτο]
935 2326 1037 2363 Forte
1053 2325 1269 2374 Κουκοόμιον.
1293 2326 1409 2363 Habes
1424 2325 1480 2363 hic
1495 2338 1607 2375 aquae
1624 2328 1862 2366 benedictione

303 2390 524 2422 consecratae
547 2396 651 2420 nsum
672 2384 848 2431 insignem
871 2388 975 2431 atque
998 2383 1160 2420 fluctum.
1208 2383 1288 2428 eui,
1318 2395 1397 2420 cum
1419 2383 1505 2420 haec
1528 2385 1732 2430 scriberem,
1755 2386 1861 2423 affine

304 2443 467 2491 quiddam
484 2454 524 2478 ac
541 2442 722 2490 geminum
738 2441 887 2478 occurrit
902 2439 994 2488 apud
1009 2439 1171 2477 Photium
1187 2452 1222 2477 n.
1237 2451 1332 2485 xcvi,
1348 2452 1391 2477 ex
1411 2441 1561 2489 Georgio
1574 2443 1808 2480 Alexandrino
1823 2444 1860 2480 in

303 2500 398 2536 Actis
415 2499 710 2547 &chrysostomi
734 2498 802 2534 Ubi
817 2498 907 2534 inter
922 2501 1059 2534 caetera
1069 2496 1210 2534 Eucliae
1227 2498 1406 2535 cuiusdam
1420 2498 1533 2535 filiurn
1547 2500 1652 2536 refert
1667 2511 1689 2536 a
1703 2500 1744 2537 B.
1753 2500 1860 2548 Chry-

303 2563 458 2594 sostomo
483 2567 613 2604 aquae,
638 2556 695 2592 cui
717 2551 864 2603 signum
883 2555 994 2591 crucis
1018 2555 1255 2604 impresserat,
1279 2556 1479 2604 aspersione
1507 2556 1786 2605 desperatissimo
1814 2559 1859 2596 ab

303 2615 427 2651 morbo
443 2615 638 2651 liberatum.
1330 2646 1335 2652 ,

394 2671 435 2707 N.
454 2684 524 2708 xiv.
548 2667 598 2706 Οὔ
614 2670 634 2716 ἡ
651 2673 758 2719 γιῦσις
774 2666 813 2716 ῆν
830 2672 888 2705 τοῦ
911 2668 1044 2718 indiviam]
1079 2669 1146 2713 Qui
1168 2673 1242 2707 tam
1263 2670 1415 2708 absurda
1436 2670 1718 2719 interpretatione
1740 2673 1858 2711 fucum

229 2742 243 2769 ι,
262 2762 269 2770 ,
305 2728 383 2764 huic
408 2730 484 2764 ioco
501 2728 678 2765 iaciebant
692 2726 874 2770 baeretici,
898 2727 940 2763 ad
958 2738 999 2763 ea
1015 2727 1244 2775 respiciebant
1260 2738 1348 2775 quae
1362 2726 1474 2765 Exod.
1491 2741 1562 2765 xvi.
1580 2733 1616 2765 et
1630 2729 1733 2767 Num.
1749 2743 1797 2768 xz.
1816 2731 1858 2768 de

305 2797 434 2822 manna
449 2787 628 2831 leguntun
644 2785 742 2821 cuius
759 2788 883 2831 gustus
899 2783 1007 2820 fuisse
1023 2784 1146 2821 dicitur
1158 2784 1203 2826 ὡς
1219 2783 1325 2834 ἰγκρὶς
1338 2783 1369 2820 ἰν
1382 2782 1494 2833 ἰλαίῳ.
1519 2785 1587 2822 Sed
1604 2799 1668 2823 nee
1682 2788 1798 2825 minus
1813 2773 1858 2825 ri·-

305 2844 416 2880 dicnle
433 2844 541 2879 nostri
557 2843 722 2890 temporis
738 2841 902 2878 haeretici
917 2842 1059 2889 quidam
1074 2852 1194 2878 vocem
1211 2839 1342 2890 ἀκρίδας
1358 2842 1546 2891 depravare
1562 2845 1678 2880 conati
1693 2849 1785 2882 sunt.

397 2899 436 2936 N.
455 2912 509 2937 xv.
534 2899 682 2947 Χρῶνται
699 2899 734 2935 δὲ
750 2899 803 2934 καὶ
828 2896 943 2940 ἄλλαις
960 2898 1048 2944 rtet]
1085 2899 1135 2935 De
1158 2899 1245 2936 libro
1269 2899 1329 2947 qui
1352 2899 1501 2947 Πιρίοδοι
1523 2899 1648 2948 Πέτρου
1670 2903 1856 2951 inscriptus

306 2962 379 2994 ersi
395 2956 552 2994 meminit
569 2955 692 2993 Athen.
710 2957 744 2993 in
761 2955 846 3004 Syn.
864 2960 899 2992 et
920 2956 1010 2992 inter
1031 2955 1228 3004 apocrypha
1250 2967 1329 2993 oum
1345 2956 1420 2993 aliis
1437 2963 1604 2996 recenset.
1644 2960 1759 2997 Veluti
1774 2964 1858 2997 sunt

306 3013 455 3062 Περίοδοι
483 3012 624 3061 Πέτρου,
648 3013 795 3060 Περίοδοι
817 3011 988 3060 Ἰωάννου,
1011 3012 1161 3062 Περίοδοι
1183 3013 1305 3062 Θωμᾶ,
1329 3012 1531 3061 Εὖαγγίλιον
1553 3015 1636 3052 κατὰ
1655 3016 1777 3066 Θωμόῖ,
1801 3018 1856 3053 Δι-

305 3071 394 3121 δαχὴ
410 3069 640 3119 ’Λποστόλων,
657 3070 840 3118 Κλημίντια
855 3075 918 3109 ete.
