2008 3294
302 221 417 257 XVIII

302 325 362 361 lib.
380 337 414 360 x.
432 335 506 371 cap.
524 337 584 359 vn.
602 323 696 370 Orig.
715 323 841 358 docuit.
869 322 1006 359 Etenim
1018 323 1161 359 Ioaohaz
1179 334 1258 358 oum
1273 323 1318 359 ad
1328 333 1480 371 regnum
1494 326 1632 360 evectus
1646 326 1715 367 est‘⁵
1730 324 1855 371 viginti

260 406 267 414 .
301 383 407 417 trium
423 393 593 417 annorum
609 384 698 423 erat3
722 391 795 427 cap.
811 383 913 424 xxm5
929 380 985 418 31.
1026 381 1158 416 Ioakim
1173 391 1272 427 vero,
1295 381 1355 427 'qui
1374 385 1455 427 post
1468 385 1538 416 tres
1555 391 1692 416 meuses
1707 389 1855 427 regnum

303 440 503 485 capessivit,
528 449 699 472 annorum
715 441 789 472 erat
803 450 890 481 xxv;
912 438 1051 473 biennio
1074 438 1190 484 itaque
1212 437 1324 472 maior
1338 437 1415 473 fuit'.
1434 437 1549 488 *Unde
1565 441 1600 473 et
1614 437 1748 473 Ioakini
1764 447 1854 472 anno

301 496 412 530 Iosiae
430 496 563 530 circiter
579 508 616 530 vr
630 498 734 530 natus
751 492 819 538 e'st,
842 494 986 530 Ioachaz
1007 506 1088 530 vero
1106 507 1152 530 rx.
1190 494 1326 529 Tertius
1341 495 1509 530 natalium
1529 495 1647 530 ordine
1663 495 1766 530 debet
1780 505 1855 530 esse

302 553 480 595 Sedecias‚
510 553 570 598 qui
590 556 670 599 post
691 565 729 588 xr
751 563 861 587 annos
885 556 920 588 et
940 565 976 588 vr
997 563 1133 587 menses
1162 562 1183 586 a
1203 554 1314 587 morte
1334 551 1447 588 Iosiae
1474 563 1495 587 a
1515 551 1856 587 Nabuchodonosore

300 620 409 656 reguo
425 610 644 656 praepositus
661 613 724 646 est.
755 609 877 645 Actum
893 612 1084 644 vicesimum
1101 616 1133 643 et
1141 611 1291 654 primum
1309 612 1434 644 aetatis
1450 619 1572 644 annum
1588 607 1746 655 habebat.
1772 607 1856 654 Gap.

303 679 396 709 xx1v,
416 666 468 702 18.
503 666 616 708 Quare
638 665 803 702 Ioachazo
824 667 939 702 iunior
962 670 1030 710 est,
1053 670 1224 712 natusque
1246 677 1336 701 anno
1358 666 1469 701 Iosiae
1486 679 1548 702 xxx
1562 666 1618 701 vel
1632 678 1720 702 xxn.
1752 665 1858 711 Atqui

300 724 336 758 in
351 724 411 759 lib.
429 736 453 759 1.
476 724 682 770 Paralipom.
704 727 900 770 postremus
923 727 1125 759 numeratur
1148 723 1297 766 Selium,
1321 734 1425 770 quem
1440 722 1586 758 Ioach'az
1602 727 1678 758 esse
1693 722 1856 759 diximus.

300 780 377 815 Non
400 780 526 815 desunt
547 781 778 824 coniecturae,
801 791 863 816 cur
883 785 1095 828 postremum
1118 781 1156 815 iu
1178 781 1295 815 locum
1318 778 1494 815 coniectus
1518 780 1564 814 sit
1585 779 1735 823 Sellum,
1760 789 1857 826 quas,

300 849 343 872 ne
359 838 534 884 longiores
550 838 675 881 simus,
699 837 901 885 chronologi
924 837 1202 885 suppeditabunt.
1243 836 1450 884 Quanquam
1469 837 1617 872 Hebraei
1638 837 1796 883 quidam,
1818 839 1859 871 ut

298 896 397 930 Aben
414 895 502 930 Ezra
515 894 553 930 in
569 906 644 942 cap.
661 907 685 932 ι.
702 895 806 939 Dan„
823 895 956 931 Sellum
973 896 1045 930 sive
1062 893 1204 930 Ioachaz
1219 898 1435 941 postremum
1450 894 1563 929 Iosiae
1574 894 1764 930 liberorum
1779 904 1856 929 esse

299 953 422 995 velint,
447 956 482 987 et
502 953 595 998 quod
617 952 797 995 Sedecias,
821 964 901 988 cum
922 963 1069 999 regnare
1093 952 1224 998 coepit,
1253 963 1314 987 xx1
1337 962 1446 987 annos
1468 954 1572 986 natus
1593 951 1702 987 fuisse
1723 951 1857 994 dieitur,

298 1010 516 1056 interpretari
531 1009 680 1046 student.
714 1009 841 1045 Scribit
857 1010 949 1044 euim
964 1010 1023 1044 ille
1038 1009 1185 1044 triennio
1199 1012 1277 1044 ante
1289 1008 1400 1044 Iosiae
1412 1015 1534 1044 necem
1545 1008 1727 1044 Sedeeiam
1737 1017 1858 1055 regem

299 1078 375 1102 esse
392 1067 663 1102 consalutatum:
686 1067 778 1102 unde
795 1078 875 1102 cum
889 1067 1001 1102 Iosias
1017 1069 1175 1102 mortuus
1193 1069 1246 1101 est
1261 1075 1393 1101 annum
1409 1066 1483 1113 egit
1498 1078 1593 1103 xx1v.
1631 1066 1739 1113 quue
1754 1076 1801 1100 ex
1816 1076 1857 1100 eo

298 1124 437 1171 probat,
461 1124 553 1171 quod
575 1124 667 1160 Hier.
690 1137 789 1160 xxvrr
811 1125 848 1159 in
868 1123 1037 1171 principio
1058 1123 1160 1170 regni
1174 1123 1308 1159 Ioakim
1330 1124 1448 1158 iussus
1465 1126 1519 1158 est
1537 1123 1706 1170 propheta
1719 1122 1859 1159 vincula

297 1192 502 1228 praeparare
519 1191 558 1216 ac
574 1182 699 1228 regum
714 1182 851 1217 nunciis
868 1182 964 1224 dare,
993 1182 1053 1228 qui
1074 1184 1242 1217 venerant
1262 1181 1452 1216 Ierusalem
1475 1181 1518 1216 ad
1540 1174 1721 1216 Sedecim
1738 1189 1858 1227 regem

297 1239 397 1274 Iuda:
420 1239 584 1274 nimirum
601 1239 694 1285 quod
708 1239 848 1274 finitimi
863 1249 965 1285 reges
982 1235 1178 1282 sedetiam,
1203 1249 1307 1285 quem
1327 1239 1370 1273 ab
1386 1237 1467 1273 hino
1480 1239 1630 1274 triennio
1645 1248 1766 1285 regem
1780 1239 1858 1272 esse

296 1296 428 1331 factum
451 1296 655 1339 didicerant,
687 1301 825 1331 mortuo
853 1299 950 1343 patre
978 1294 1090 1330 adhuc
1111 1306 1258 1342 regnare
1280 1295 1348 1331 sibi
1368 1291 1612 1343 persuaserant
1637 1295 1682 1331 ad
1709 1305 1858 1342 eumque

296 1354 432 1399 legatos
448 1354 624 1388 miserant.
656 1353 709 1389 Ita
719 1354 819 1388 Aben
830 1353 927 1389 Ezra.
959 1353 1054 1395 Quae
1069 1352 1156 1388 mihi
1170 1353 1409 1400 interpretatio
1422 1365 1495 1388 non
1508 1363 1722 1400 magnopere
1732 1353 1858 1400 placet.

297 1410 366 1445 Sed
387 1414 466 1445 utut
486 1421 528 1445 ea
550 1421 587 1445 se
609 1421 663 1446 res
685 1410 806 1453 habet,
835 1407 975 1445 omnino
1005 1409 1138 1445 Senum
1161 1409 1395 1445 est110achaz.
1441 1409 1532 1445 Nam
1552 1403 1674 1447 Ierem.
1696 1421 1790 1454 xxn,
1816 1410 1856 1445 11

295 1467 419 1502 Sellnm
433 1468 530 1513 filius
552 1468 668 1503 [osiae
686 1480 753 1514 pro
778 1467 874 1502 Iosia
890 1475 997 1514 patre
1019 1479 1078 1502 suo
1099 1479 1259 1513 reqnasse
1282 1467 1423 1510 dicitu13
1446 1467 1478 1502 is
1497 1471 1614 1503 autem
1630 1470 1684 1503 est
1698 1466 1854 1503 Inacha.

296 1524 384 1559 Cum
401 1523 485 1559 haec
502 1525 629 1571 partim
646 1524 840 1560 certissima
855 1527 959 1571 atque
983 1535 1001 1559 e
1018 1531 1196 1559 sacrorum
1211 1525 1380 1560 librorum
1395 1525 1579 1560 autoritate
1595 1524 1757 1568 deducta,
1778 1535 1855 1572 par-

296 1582 359 1616 tim
375 1581 570 1628 probabilia
586 1582 674 1625 sint,
691 1593 737 1617 ex
751 1582 794 1616 iis
811 1582 980 1616 n'onnulla
996 1582 1040 1616 ab
1052 1581 1247 1628 Epiphanio
1259 1581 1448 1617 commissa
1462 1582 1780 1630 castigarinecesse
1792 1584 1856 1617 est.

295 1639 450 1674 Primum
473 1633 564 1685 quod
588 1639 787 1674 Iechoniam
809 1639 859 1674 ait
872 1638 985 1674 Iosiae
1006 1639 1119 1674 filium
1135 1639 1283 1675 eundem
1299 1650 1377 1674 esse
1393 1650 1472 1674 cum
1489 1639 1632 1690 Sellum.
1660 1639 1753 1674 ‘Nam
1767 1639 1857 1674 Mat-

294 1696 418 1731 thaeus
434 1696 632 1731 Iechoniam
649 1697 788 1743 quidem
803 1707 825 1731 a
836 1696 928 1731 Iosia
939 1697 1104 1743 genitum·
1112 1696 1251 1741 asserit,
1268 1696 1329 1732 sed
1340 1695 1523 1732 Iechoniae
1534 1697 1646 1732 filium
1657 1707 1728 1732 non
1739 1695 1857 1732 Iecho-

295 1754 391 1788 niam
407 1755 564 1797 alterum,
582 1754 643 1789 sed
659 1753 886 1789 Salathielem·
899 1753 1060 1800 appellat.
1083 1754 1190 1801 Atqui
1201 1754 1334 1789 Selium
1349 1755 1422 1790 sive
1434 1753 1578 1790 Ioachaz
1589 1754 1724 1801 prolem
1733 1753 1858 1790 habuit

294 1811 444 1854 nullam3
466 1822 579 1858 neque
601 1810 782 1847 Iechonias
805 1811 850 1846 ab
872 1811 980 1846 altero
998 1822 1104 1858 quam
1126 1812 1170 1847 ab
1187 1811 1384 1859 apocrypho
1399 1811 1527 1847 Esdrae
1541 1812 1631 1847 libro
1647 1811 1856 1847 nominatur.

295 1868 529 1910 Quamobrem
550 1868 766 1916 Epiphanius
786 1879 849 1915 per
871 1868 1069 1903 Iechoniam
1091 1868 1203 1904 Iosiae
1224 1869 1337 1904 filium
1351 1869 1542 1905 Ioacimum
1563 1869 1635 1905 sive
1649 1868 1855 1904 Eliacimum

294 1926 482 1968 intellexit3
513 1926 611 1961 cuius
640 1926 733 1961 filius
758 1924 936 1961 lechonias
965 1926 1127 1972 idemque
1147 1925 1303 1961 Ioachim
1324 1927 1518 1974 appellatus
1540 1928 1724 1989 ΤΒἿἿΗἿτ
1754 1926 1857 1962 Pater

294 1987 411 2019 autem
435 1985 621 2026 βῆτ’-ππ.
659 1982 789 2018 Verum
811 1982 945 2018 Ioakim
971 1993 1146 2030 nusquam
1167 1982 1346 2019 Iechonias
1372 1986 1534 2026 vocatum
1563 1982 1649 2019 haec
1669 1983 1783 2031 prime.
1803 1987 1857 2019 est

294 2040 529 2077 hallucinatio.
562 2040 690 2083 Altera,
707 2039 799 2086 quod
814 2039 993 2075 Amasiam
1009 2040 1158 2075 eundem
1173 2039 1371 2076 Iechoniam
1387 2041 1461 2076 sive
1476 2039 1671 2076 Ioakimum
1685 2041 1855 2086 nominat,

294 2098 385 2144 quod
409 2098 499 2133 unde
522 2096 692 2140 hauserit,
716 2097 843 2132 nescio.
889 2097 1007 2132 Tertia
1027 2098 1251 2144 omniumque
1278 2098 1502 2144 gravissima,
1530 2098 1623 2145 quod
1638 2097 1853 2143 Iechoniam,

294 2155 358 2189 hoc
381 2159 435 2190 est
456 2155 660 2198 Ioaeimum‚
693 2154 856 2200 genuisse
877 2154 1057 2190 sedeciam
1081 2164 1121 2190 ac
1144 2155 1335 2191 Ioaoimum
1359 2155 1548 2191 existimat.
1594 2154 1671 2192 Lib.
1697 2167 1718 2191 ι.
1741 2156 1854 2192 Paral.

293 2223 367 2259 cap.
385 2225 437 2255 ιιι,
458 2211 508 2247 15.
526 2223 570 2247 ex
587 2215 735 2259 quatuor
750 2211 863 2247 Iosiae
878 2211 959 2248 filiis
976 2211 1125 2255 Ioanan,
1147 2210 1297 2255 Ioakim,
1320 2211 1482 2256 Sedeoia,
1505 2215 1540 2248 et
1560 2211 1708 2257 sellum,
1732 2223 1853 2250 seeun-

293 2270 372 2312 dus,
395 2280 519 2316 nempe
541 2268 693 2312 Ioakim,
716 2269 838 2316 genuit
862 2267 1056 2304 Iechoniam
1082 2273 1117 2305 et
1139 2269 1338 2312 Sedecim,
1360 2268 1540 2305 Iechonius
1557 2268 1735 2307 salathiel.
1775 2270 1852 2306 Duo

293 2337 376 2372 ergo
393 2327 490 2362 suere
507 2326 686 2369 Sedeciae,
703 2330 825 2362 neuter
840 2325 1022 2362 Iechoniae
1038 2326 1150 2370 fflius;
1178 2326 1238 2362 sed
1261 2327 1355 2374 prior
1369 2326 1494 2370 Iosiae,
1519 2327 1578 2374 qui
1601 2330 1635 2363 et
1653 2334 1852 2375 postremus

292 2395 336 2419 cx
359 2383 500 2419 Davidis
522 2384 629 2431 stirpe
652 2383 829 2430 regnavit,
857 2384 945 2420 alter
970 2382 1117 2419 Ioakimi
1143 2383 1255 2428 filius,
1284 2384 1343 2432 qui
1365 2394 1547 2432 nunquam
1567 2395 1630 2420 rex
1653 2385 1735 2420 fuit:
1764 2395 1851 2432 quos

292 2441 431 2487 quidem
449 2441 571 2477 ambos
587 2440 802 2488 Epiphanius
818 2441 1030 2488 permiscuit.
1066 2440 1156 2477 Nam
1178 2441 1238 2489 qui
1253 2442 1296 2477 ab
1313 2452 1355 2478 eo
1371 2445 1663 2478 commemoratur
1677 2441 1851 2486 Sedeoias,

293 2500 349 2534 illo
374 2502 426 2534 est
448 2499 539 2545 ipse,
563 2498 622 2546 qui
640 2508 762 2545 regum
783 2498 993 2534 novissimus
1017 2498 1209 2546 imperavit.
1254 2498 1361 2535 Cuius
1375 2499 1481 2535 etiam
1496 2499 1639 2535 fratrem
1654 2499 1850 2536 Ioakimum

291 2557 458 2603 appellat,
474 2566 564 2603 quae
581 2558 704 2603 quarta
720 2558 774 2590 est
787 2553 1030 2599 hallucinat103
1046 2556 1114 2591 nisi
1130 2556 1208 2603 quis
1225 2555 1406 2592 Sedeoiam
1422 2555 1490 2592 elio
1506 2556 1648 2593 nomine
1660 2557 1850 2593 Ioacimum

292 2614 335 2648 ab
352 2611 545 2660 Epiphanio
562 2612 735 2648 nominari
751 2616 909 2656 censeat,
925 2615 966 2648 ut
977 2612 1030 2647 καὶ
1047 2610 1199 2660 Ἰωακιὶμ
1215 2613 1258 2649 ad
1275 2612 1476 2661 καλούμενον
1492 2614 1668 2652 referatur.
1701 2614 1801 2658 Quod
1815 2618 1851 2651 et

292 2669 398 2705 nihilo
413 2670 527 2705 secius
544 2670 671 2705 salsum
688 2673 757 2705 est:
776 2669 921 2705 loakimi
939 2670 1066 2717 quippe
1078 2670 1174 2706 tilius
1191 2669 1332 2707 Ioachin
1346 2669 1431 2714 ruit,
1447 2671 1508 2718 qui
1522 2672 1614 2708 male
1630 2671 1686 2708 hic
1697 2669 1849 2719 Ἰωακιὶμ

291 2727 497 2774 concipitur,
526 2727 624 2762 cuius
648 2731 811 2774 patruum
833 2727 1014 2763 Sedeoism
1035 2727 1214 2776 Scriptura
1238 2727 1352 2766 voest.
1389 2727 1526 2764 morou.
1555 2729 1591 2765 iu
1614 2739 1736 2776 caper,
1758 2729 1847 2767 Dan.

248 2811 254 2819 .
293 2785 481 2819 loacimum
500 2784 608 2820 leslae
628 2784 665 2821 1³⁸.
684 2795 745 2831 per
759 2783 849 2828 kim,
871 2784 1011 2821 Ioaeimi
1035 2795 1115 2820 vero
1136 2784 1247 2821 filium
1264 2784 1368 2821 scribi
1382 2794 1444 2832 per
1460 2784 1540 2822 chin
1557 2786 1728 2823 observat.
1766 2785 1848 2824 Tot-

292 2841 380 2877 idem
404 2841 524 2888 pancio·
546 2841 614 2876 illis
637 2841 751 2877 verbis
769 2848 794 2877 'a
821 2841 1040 2877 sanctissimo
1068 2841 1369 2890 eruditissimoque
1394 2841 1468 2878 viro
1491 2842 1684 2891 Epiphanio
1705 2847 1848 2891 peecata

291 2903 387 2939 sunt:
412 2908 559 2945 quorum
575 2897 760 2934 admonere
776 2899 938 2934 lectorem
954 2898 1059 2935 oflicii
1075 2902 1128 2935 est
1141 2899 1358 2947 institutique
1373 2900 1498 2943 nostri,
1522 2911 1707 2945 excusare,
1726 2900 1846 2937 huma·

292 2956 424 2998 nitatis,
442 2954 659 2991 dissimulare
675 2959 736 2991 sut
751 2955 838 2992 tueri
855 2956 942 2991 velle
957 2966 1070 3003 neque
1088 2955 1195 2992 offleii
1209 2966 1322 3004 neque
1336 2954 1562 2993 humanitatis
1578 2963 1642 2995 est.

380 3012 420 3049 N.
439 3024 513 3050 vm.
546 3011 605 3047 Καὶ
629 3012 738 3059 μηδεὶς
763 3012 833 3060 περὶ
857 3013 1002 3059 τούτω]
1039 3014 1103 3049 Hie
1125 3013 1185 3050 ills.
1201 3013 1318 3061 gravis
1333 3014 1486 3061 agitatur
1507 3016 1680 3062 quaestIo,
1703 3015 1792 3052 sitne
1808 3017 1844 3053 in

290 3069 455 3107 Matthaei
472 3069 679 3117 genealogia
695 3070 840 3106 alieuius
857 3082 984 3108 nomen
1008 3071 1242 3118 praeteritum.
1267 3069 1414 3108 Etenim
1429 3071 1626 3111 Matthaeus
1648 3074 1843 3120 generatio-
