2008 3294
190 2271 217 2298 p.
229 2262 287 2292 m.

317 199 445 236 GGXX

316 307 421 350 atque
437 303 625 338 eiulatibus
640 303 788 338 instaret
803 302 991 339 ardentius.
1035 303 1224 350 Propterea
1245 304 1431 339 concilium
1445 304 1686 352 Ancyranum,
1707 308 1748 341 ut
1768 316 1874 352 supra

315 360 483 403 vidimus,
505 361 589 396 Can
605 372 678 396 ιιι.
693 360 882 397 voluntarii
898 361 1073 407 parricidii
1092 373 1170 396 reos
1192 365 1266 396 toto
1282 361 1375 396 vitae
1390 361 1576 408 tempore‘
1561 362 1751 398 υποπίπτειν
1767 363 1874 400 iubet.

405 419 519 463 Atque
542 417 688 453 eandem
710 428 788 452 esse
809 428 970 453 caussam
991 419 1160 465 suspicor,
1182 429 1243 453 cur
1262 419 1515 464 poenitentium
1533 420 1675 456 nomine
1698 431 1802 466 saepe
1823 420 1876 456 illi

316 476 382 510 soli
397 473 732 521 comprehendantur
748 485 770 509 a
785 475 942 510 conciliis
958 478 994 510 et
1006 476 1181 522 patribus,
1205 475 1266 522 qui
1285 475 1323 510 in
1335 475 1454 514 ,tribus
1474 476 1596 522 primis
1611 477 1778 523 gradibus
1793 476 1875 513 hae-

314 538 440 567 rerent.
470 531 560 567 Nam
576 532 612 566 in
627 532 778 578 liturgiis
793 542 834 567 ac
849 531 1028 568 sacrificiis
1043 536 1124 579 post
1139 533 1389 578 scripturarum
1403 533 1590 570 lectionem
1606 538 1641 569 et
1656 534 1763 569 divini
1778 534 1876 570 verbi

314 589 608 636 praedicationem
630 589 837 635 priusquam
858 589 903 624 ad
929 600 1056 625 arcana
1084 590 1358 636 augustioraque
1385 591 1551 635 mysteria
1576 591 1876 638 progrederentur,

316 645 601 690 catechumenos,
625 657 878 692 energumenos
902 658 982 682 cnm
1005 647 1262 694 poenitentibus
1285 646 1458 682 facessere
1482 647 1647 684 diaconus
1669 649 1875 695 imperabat.

315 704 506 749 Dionysius
527 704 589 739 lib.
614 703 656 738 de
678 703 807 740 Eccles.
829 704 959 740 Hierar.
982 715 1058 750 cap.
1078 717 1131 740 ιιι.
1156 703 1210 738 καὶ
1233 701 1314 750 μετὰ
1329 704 1449 744 ταύτας
1466 705 1647 748 (lectiones
1662 707 1796 752 sacras)
1812 703 1876 746 ἔξω

317 760 460 808 γίνονται
476 763 531 804 τῆς
546 759 631 807 ἱερᾶς
647 763 801 808 περιοχῆς
817 759 848 795 oi
863 761 1113 808 κατηχούμενοι,
1131 760 1185 795 καὶ
1200 761 1282 807 πρὸς
1299 760 1410 802 αὐτοῖς
1427 760 1457 796 οἱ
1472 760 1707 809 ἐνεργούμενα,
1724 763 1778 798 καὶ
1794 762 1825 798 οἱ
1839 761 1872 797 ἐν

318 817 472 865 μετανοίᾳ
484 814 583 858 ὄντες.
619 817 678 853 Sic
690 818 727 854 in
739 817 885 855 constit.
893 819 1014 866 Apost.
1028 819 1166 855 lib.vm.
1180 829 1312 864 cap.1x.
1349 817 1410 852 Kal
1423 816 1441 852 ὁ
1456 816 1604 859 διάκονος
1615 819 1740 866 λεγέτω
1749 819 1772 864 ,’
1788 821 1878 855 Απο-

316 875 431 910 ideone
444 874 474 908 oi
486 873 518 909 ἐν
531 874 695 922 μεταναίῳ
723 875 876 911 Verbum
887 878 947 910 τοῦ
960 874 1112 910 ἀπολύειν
1126 878 1271 916 nn‘esam,
1288 875 1362 910 sive
1375 878 1571 918 missionem,
1583 876 1772 922 significat,
1787 881 1828 912 ut
1840 877 1879 912 in

317 933 536 979 expositione
551 932 648 968 Fidei
660 931 858 968 Catholicae
873 933 912 968 in
927 933 999 968 fine
1017 933 1131 979 operis
1147 932 1250 967 buius
1262 932 1468 968 videbimus.
1491 932 1747 969 Poenitentium
1762 934 1878 981 itaque

318 990 483 1026 discessio
498 989 623 1032 fiebat,
647 989 819 1024 duntaxat
833 1001 957 1025 eornm
975 991 1035 1036 qui
1057 990 1092 1025 in
1109 990 1220 1040 tribus
1242 990 1364 1036 primis
1388 989 1554 1035 gradibus
1570 994 1806 1034 censerentur,
1828 992 1881 1027 uti

317 1053 452 1082 veteres
468 1057 620 1082 canones
635 1058 700 1082 nos
718 1046 858 1089 docent,
875 1048 1078 1093 praesertim
1097 1047 1255 1093 Gregorii
1268 1046 1522 1094 Thaumaturgi
1538 1047 1760 1091 undecimus,
1775 1048 1880 1095 idque

316 1105 476 1152 pluribus
491 1104 646 1140 Zonaras
662 1108 698 1139 et
712 1103 877 1140 Balsamo
893 1105 1100 1151 interpretes
1116 1105 1314 1139 observant.
1359 1103 1450 1139 Nam
1473 1105 1532 1150 qni
1552 1105 1590 1140 in
1614 1109 1736 1151 quarto
1757 1105 1880 1152 gradu,

317 1161 383 1198 hoc
399 1166 454 1196 est
469 1164 508 1207 τῇ
525 1161 695 1207 συστάσει,
717 1161 1000 1213 numerabantur,
1023 1173 1103 1196 cum
1119 1161 1281 1197 fidelibus
1296 1162 1582 1208 perseverabant:
1607 1161 1627 1206 ἡ
1643 1162 1815 1208 σύστασις,
1829 1163 1882 1199 eit

318 1218 616 1265 Thaumaturgue,
635 1218 691 1252 ἵνα
715 1218 902 1253 συνίσταται
922 1221 991 1259 τοῖς
1007 1221 1151 1264 πιστοῖς,
1174 1218 1228 1253 καὶ
1245 1217 1290 1265 μὴ
1306 1217 1476 1265 ἐξέρχηται
1492 1219 1573 1266 μετὰ
1587 1221 1654 1254 τῶν
1670 1219 1881 1267 καπηλουμέ-

318 1288 394 1312 νων.
427 1276 632 1311 Hincmarus
647 1277 684 1311 in
699 1276 856 1322 Epistola
871 1275 915 1310 ad
930 1275 1156 1312 Hincmarum
1172 1275 1441 1312 Landunensem
1457 1277 1675 1324 episcopum,
1698 1288 1805 1324 quam
1824 1276 1880 1314 Iu-

318 1334 440 1369 stelIus
463 1334 561 1369 citat:
597 1333 747 1374 Quidam
767 1333 924 1368 iubentur
945 1345 1048 1380 usque
1070 1335 1120 1369 ad
1141 1336 1278 1368 messam
1295 1333 1608 1369 catechumenorum
1623 1346 1760 1370 mamre
1775 1338 1813 1370 s'n
1827 1346 1881 1369 eo-

320 1393 438 1426 etesia.
486 1390 634 1431 Quidam
651 1396 762 1425 autem
778 1391 853 1425 sola
869 1393 964 1425 intra
981 1391 1161 1426 ecclesiam
1170 1392 1325 1437 fidelium
1341 1394 1495 1426 oratioue
1511 1394 1608 1437 iunqi
1621 1403 1749 1427 sacrae
1763 1398 1882 1437 myste-

318 1451 446 1483 riorum
463 1449 670 1490 celebritati,
689 1461 711 1482 a
729 1449 920 1483 dominicae
937 1454 1048 1482 autem
1065 1459 1198 1483 mensae
1215 1450 1368 1483 convivio
1383 1451 1573 1494 sequ-eqari.
1617 1447 1788 1491 Quocirca
1803 1447 1833 1483 οἱ
1846 1447 1880 1485 ὃν

320 1506 473 1540 σύστασει
489 1501 577 1545 ὄντες
592 1509 693 1540 extra
714 1505 967 1552 poenitentium
991 1504 1150 1540 ordinem
1171 1515 1218 1540 ex
1240 1505 1302 1541 illa
1321 1515 1496 1541 canonum
1511 1516 1553 1541 ac
1566 1505 1631 1541 PP.
1645 1506 1811 1552 loquendi
1826 1517 1880 1543 raz-

319 1563 413 1599 tione
426 1563 548 1598 secreti
565 1566 658 1598 sunt.

377 1665 570 1709 QUONAM
592 1665 639 1702 IN
662 1665 993 1702 POENITENTIAE
1019 1665 1176 1702 GRADU
1200 1665 1578 1703 SAGRAMENTALIS
1603 1665 1825 1703 ABSLUTIO

886 1722 1119 1760 CONCESSA
1141 1722 1318 1760 FUERIT.

411 1793 463 1828 Ex
481 1804 551 1840 qno
567 1794 628 1829 illa
643 1803 727 1829 sane
742 1804 814 1828 non
829 1793 917 1828 levis
931 1793 1052 1828 existit
1065 1793 1234 1839 quaestio,
1252 1803 1406 1839 quonam
1417 1798 1584 1840 tempore,
1601 1803 1714 1840 quove
1725 1793 1762 1829 in
1773 1793 1886 1840 gradu

321 1854 534 1898 postremam
558 1851 655 1886 iilam
680 1862 701 1886 a
722 1851 875 1897 peccatis
898 1850 1155 1885 absolutionem
1178 1850 1394 1896 poenitentes
1419 1850 1622 1886 obtinerent.
1670 1849 1770 1892 Quod
1789 1851 1885 1887 euim

322 1908 468 1943 subinde
485 1912 563 1954 post
579 1907 707 1943 editam
724 1912 947 1954 peccatorum
962 1907 1218 1943 confessionem
1234 1907 1370 1943 absolvi
1393 1919 1464 1943 non
1486 1909 1653 1951 solerent,
1674 1907 1778 1954 idque
1798 1918 1885 1943 non·

322 1965 390 2000 nisi
406 1965 544 2011 expleto
562 1965 796 2011 poenitentiae
812 1969 966 2011 tempore
983 1970 1286 2010 consequerentur,
1309 1964 1465 2011 pluribus
1486 1969 1590 2000 antea
1610 1965 1884 2000 demonstratum

323 2027 386 2059 eet.
432 2022 531 2058 Nunc
553 2022 636 2057 illud
660 2022 784 2057 merito
802 2021 989 2064 dubitatur,
1011 2027 1211 2057 utrumnam
1230 2026 1354 2067 quarto
1371 2021 1512 2068 insuper
1528 2021 1657 2068 gradu,
1679 2021 1745 2058 hoc
1761 2026 1814 2058 est
1827 2033 1885 2056 συ-

323 2078 452 2125 στάσει,
474 2080 569 2126 prius
592 2078 854 2125 defungendum
871 2079 939 2113 illis
955 2078 1059 2114 fuerit
1076 2088 1179 2125 quam
1198 2079 1502 2121 sacramentalem,
1526 2084 1565 2114 nt
1580 2083 1723 2121 vocant,
1745 2079 1884 2115 absolu-

322 2138 453 2173 tionem
471 2137 709 2184 impetrarent.
732 2147 775 2171 an
795 2141 873 2182 post
889 2134 1080 2170 ὓπόπτωσιν
1097 2135 1358 2171 absolverentur
1375 2146 1395 2169 a
1412 2136 1563 2182 peccatis
1579 2136 1630 2171 illi
1646 2135 1802 2182 quidem,
1825 2136 1885 2172 sed

324 2194 479 2230 nondum
492 2199 608 2229 tamen
621 2193 663 2228 ad
677 2193 843 2229 dominici
857 2193 1136 2228 communionem
1150 2192 1304 2239 corporis
1321 2191 1590 2228 admitterentur.
1616 2193 1664 2228 Ac
1676 2193 1784 2229 videri
1800 2204 1886 2229 sane

325 2257 455 2299 potest,
478 2256 556 2298 post
578 2250 768 2286 ὓπόπτωσιν
784 2256 1003 2298 peccatorum
1020 2249 1088 2284 illis
1102 2249 1256 2292 veniam,
1273 2247 1336 2285 hoc
1354 2255 1408 2284 est
1422 2251 1707 2286 sacramentalem
1722 2250 1818 2286 iliam
1833 2262 1886 2286 re-

329 2310 541 2344 laxationem
559 2319 635 2344 eeee
651 2319 726 2344 con«
738 2317 865 2343 essenn
913 2306 1003 2343 Nem
1026 2316 1106 2343 cum
1128 2306 1229 2342 tertio
1246 2317 1289 2342 ex
1306 2307 1366 2342 iilo
1380 2306 1490 2353 gradu
1507 2306 1550 2342 ad
1567 2307 1722 2342 σύστασιν
1737 2318 1886 2344 emerse-

327 2372 419 2410 rant,
449 2367 661 2414 poenitentes
689 2375 766 2400 esse
789 2363 1044 2411 quodammodo
1074 2363 1292 2409 desinebant,
1321 2368 1358 2399 ut
1386 2364 1488 2411 psulo
1516 2369 1596 2399 ante
1623 2364 1885 2402 declaravimus.

331 2424 428 2467 Quod
447 2427 654 2470 argumento
672 2433 748 2458 esse
765 2427 894 2469 potest,
915 2422 1070 2458 relenta
1087 2421 1156 2456 iarn
1174 2421 1242 2456 illie
1259 2431 1299 2456 ec
1315 2420 1507 2457 condonate
1528 2432 1604 2456 esse
1626 2422 1786 2465 crimina,
1807 2434 1886 2470 pro·-

327 2488 401 2529 pter
417 2491 506 2528 quse
524 2481 558 2516 in
577 2481 672 2516 illam
693 2479 872 2515 obeundae
889 2478 1121 2526 poenitentiae
1137 2478 1379 2514 necessitatem
1395 2478 1620 2514 incurrerent.
1659 2478 1754 2515 Adde
1770 2480 1888 2515 omnis.

328 2539 414 2581 illis,
441 2549 509 2574 uno
533 2544 679 2584 excepto
703 2537 833 2572 domini
859 2546 1017 2583 corpore,
1042 2546 1120 2571 cum
1139 2536 1283 2571 caeteris
1299 2534 1458 2571 fidelibus
1473 2534 1581 2571 fuisse
1597 2537 1812 2579 communie,
1836 2537 1886 2572 lo-

327 2607 404 2632 cum
422 2595 594 2643 imprimis
609 2606 648 2630 sc
665 2602 805 2641 ternpus
823 2594 997 2629 orationis.
1030 2592 1151 2640 Neque
1168 2593 1260 2629 enim
1277 2603 1356 2628 cum
1374 2592 1631 2639 poenitentibus
1647 2593 1806 2637 exibent,
1821 2604 1886 2630 nec

328 2654 426 2694 unm,
453 2663 556 2700 quem
584 2652 641 2687 ubi
666 2651 785 2687 fideles
810 2650 954 2693 caeteri,
979 2651 1218 2686 versabantur.
1265 2649 1352 2685 Tum
1379 2649 1547 2685 sacrificis
1570 2650 1645 2697 ipse
1667 2655 1700 2685 et
1717 2650 1885 2697 liturgiae,

329 2721 477 2758 quorum
495 2710 581 2745 citra
597 2709 879 2745 communionem
897 2712 996 2744 erent
1012 2708 1207 2755 participes.
1254 2706 1384 2743 Deinde
1400 2717 1480 2742 vero
1496 2707 1626 2742 nemini
1643 2706 1785 2743 dubium
1801 2708 1886 2744 illud

329 2772 399 2808 ost.
417 2778 476 2813 per
489 2766 747 2814 impositionem
765 2776 950 2808 mertuum,
968 2770 1103 2801 caetere
1117 2770 1155 2801 nt
1167 2764 1344 2807 omittam,
1360 2766 1578 2811 peccatorum
1593 2764 1660 2799 illis
1673 2765 1887 2811 temporibus

329 2824 493 2859 tributam
512 2835 588 2859 esse
606 2824 755 2860 veniam.
808 2823 939 2858 Docent
956 2822 1020 2858 hoc
1036 2823 1218 2858 innumere
1233 2820 1398 2868 Cypriani
1421 2821 1636 2863 testiinoniu,
1658 2832 1805 2867 quornm
1825 2821 1886 2858 he.-

329 2886 450 2917 ctenus
467 2881 630 2927 pleraque
646 2881 893 2927 produximus,
914 2880 949 2916 in
973 2881 1100 2927 quibus
1123 2890 1183 2928 per
1203 2889 1328 2915 manue
1351 2877 1608 2925 impositionem
1632 2888 1701 2925 pax
1720 2884 1752 2915 et
1768 2890 1885 2915 recon-

330 2939 459 2974 ciliatio
475 2938 812 2983 communicatioque
828 2937 1036 2973 conceditur.
1083 2936 1173 2972 Tum
1196 2937 1232 2972 iu
1249 2934 1411 2982 Osrthng.
1429 2934 1531 2971 Cone.
1546 2947 1592 2972 iv.
1612 2935 1694 2971 Can.
1709 2947 1826 2972 mxxvi.
1843 2935 1886 2972 de

330 3006 371 3030 eo
388 2995 448 3042 qui
465 2995 711 3041 poenitentism
729 2995 762 3030 in
779 2994 980 3030 infirmitate
998 2994 1162 3041 postulat:
1201 2993 1243 3029 Ee
1257 2995 1289 3028 si
1305 2995 1474 3033 οοηιὺιαο,
1497 2993 1623 3039 lnquit,
1645 2995 1796 3028 creditur
1818 3005 1884 3029 mo-

332 3055 478 3095 rie-arun,
505 3052 741 3087 reconcilietur
752 3064 819 3098 per
836 3063 953 3086 manue
977 3053 1215 3098 impositionem
1240 3056 1272 3085 et
1287 3050 1488 3096 s'tffundawr
1502 3052 1555 3084 vri
1571 3052 1642 3085 eius
1659 3051 1882 3087 eucharistia.
