2008 3294
1667 180 1729 220 LV

180 289 347 322 stremum
361 285 447 323 illud
461 285 644 322 manifeste
659 297 739 323 cum
754 286 932 334 Scriptura
943 290 1088 333 pugnat.
1126 286 1173 322 Ut
1193 289 1230 322 et
1247 286 1335 322 illud
1355 284 1450 332 quod
1469 284 1594 321 asserit
1611 283 1726 320 Achaz

178 354 291 380 anuos
312 354 476 391 regnasse
498 355 569 386 xxv,
591 344 648 379 cui
661 355 724 380 ιη
744 343 924 391 Scriptura
944 343 1067 378 tribuit
1087 356 1134 380 xv.
1157 343 1244 390 Reg.
1263 354 1338 390 cap.
1350 354 1422 387 xvr,
1439 341 1472 379 2.
1506 341 1628 388 Neque
1643 353 1724 378 vero

177 400 293 437 minus
317 404 452 437 caetera
471 400 562 436 falsa
581 404 674 437 sunt.
712 401 787 436 Hoc
807 400 900 437 enim
919 400 1113 443 oraculum,
1135 401 1227 447 quod
1247 400 1358 436 Isaiae
1380 411 1441 436 vu.
1461 399 1607 446 legitur:
1631 399 1726 434 Eece

176 460 275 503 vir-90
291 460 458 504 eonm'pist
469 463 550 500 sto„
570 458 636 494 sub
658 458 744 494 illud
761 462 899 505 tempus
910 458 1179 505 pronunciatum
1196 461 1251 493 est
1265 469 1335 504 quo
1351 457 1460 493 Rasin
1473 467 1538 493 rex
1553 456 1676 502 Syriae
1691 460 1726 492 et

176 513 310 551 Phacee
322 514 415 551 filius
429 514 606 550 Romeliae
621 526 685 551 rex
699 515 808 551 Israel
820 515 984 551 adversus
998 514 1112 550 Achaz
1128 515 1320 550 exercitum
1335 515 1520 550 duxerunt.
1552 514 1627 550 Iam
1643 525 1724 550 vero

175 571 291 606 Achas
313 582 405 608 anno
427 571 560 608 Phacee
579 584 666 609 xvrr.
689 583 837 619 regnare
855 571 987 619 coepit,
1009 583 1055 607 ιν.
1076 571 1162 617 Reg.
1178 584 1257 615 xvr,
1281 571 1314 607 2.
1351 571 1462 617 Igitur
1486 575 1644 608 mortuus
1671 575 1726 607 est

175 627 309 664 Phacec
316 638 413 665 anno
422 629 535 665 Achaz
547 641 605 673 tv„
622 630 682 676 qui
696 629 853 666 Ioatham
866 641 926 666 xx.
941 639 1016 676 cap.
1028 640 1087 665 xv.
1105 628 1238 672 dicitur,
1255 628 1319 664 hoc
1336 632 1390 664 est
1404 629 1455 670 ab.
1466 629 1608 664 exordio
1623 629 1725 675 regni

175 685 413 732 Ioathan31qni
427 687 528 722 anuis
544 699 604 723 xvi
619 687 796 733 regnavit,
812 687 887 724 eod.
900 697 976 734 cap.
989 696 1113 722 comm.
1125 685 1180 722 33.
1205 686 1313 721 Paulo
1329 698 1411 722 vero
1427 690 1508 732 post
1522 686 1724 722 vaticinium

174 743 259 779 illud
274 742 581 792 Teglathphalasar
595 744 819 791 Assyriorum
832 755 913 788 rex,
934 743 1033 779 cuius
1055 754 1156 790 opem
1170 743 1280 778 Achaz
1303 744 1566 790 imploraverat,
1587 747 1725 779 vastata

174 799 277 847 Syria
286 800 399 836 Rasin
413 801 601 845 interfecit,
625 812 700 848 cap.
716 814 787 839 xvr.
820 801 889 837 Diu
908 801 1026 848 itaque
1048 803 1128 836 ante
1149 812 1196 836 ιι.
1212 800 1327 836 Achaz
1349 800 1436 835 illud
1459 801 1503 835 ab
1520 801 1611 835 Isaia
1625 812 1722 847 prae-

174 857 303 893 dictum
319 861 389 902 est,
405 861 527 906 atque,
543 859 596 894 uti
611 859 772 894 credibile
787 861 858 903 est,
880 858 946 894 sub
961 858 1055 894 illius
1071 858 1252 894 exordium
1268 860 1329 893 aut
1343 858 1469 893 saltem
1484 868 1554 893 uno
1571 859 1722 894 alterove

172 918 255 962 post
267 926 372 952 anno.
1259 946 1264 948 ,
1311 942 1319 943 ff
1370 935 1373 937 ·

263 967 330 1007 1Ἦν
347 971 382 1007 δὲ
397 971 562 1018 σάββατον
578 973 867 1020 δευτερόπρωτον]
901 972 1090 1009 Ῡοιιιιῦῑα
1110 972 1269 1020 quaestio
1291 976 1363 1015 est,
1386 971 1469 1018 quid
1491 972 1538 1007 sit
1557 971 1721 1017 σάββατον

172 1030 452 1077 δευτιρόπρωτονε
469 1030 512 1065 de
525 1041 596 1076 qua
611 1034 810 1066 sanctorm
824 1029 888 1067 PP.
903 1029 1019 1066 variae
1033 1034 1116 1065 sunt
1129 1040 1170 1065 ac
1187 1029 1417 1076 discrepantes
1433 1029 1625 1064 sententiae
1635 1056 1643 1071 ,
1660 1030 1722 1064 sed

171 1086 341 1133 imprimis
355 1086 479 1123 Isidori
493 1087 687 1123 Pelusiotae
702 1088 801 1135 epist.
810 1097 867 1124 ox.
878 1087 938 1123 lib.
947 1098 1011 1130 ur„
1026 1086 1264 1133 chrysostomi
1278 1086 1398 1122 homil.
1411 1098 1533 1122 xxxix.
1549 1086 1586 1121 in
1597 1086 1720 1122 Matth.

170 1147 208 1179 et
220 1143 405 1191 Epiphanii
419 1155 497 1180 cum
513 1144 685 1188 hocloco,
701 1149 777 1180 tum
792 1144 926 1180 haeresi
941 1156 999 1187 ιι,
1014 1155 1109 1180 num.
1126 1156 1223 1181 xxxi.
1259 1144 1415 1186 Quorum
1430 1143 1571 1190 quidem
1588 1144 1720 1190 opinio-

171 1211 232 1236 nes
248 1204 434 1248 utcumque
450 1212 530 1237 cum
549 1202 600 1237 rei
614 1203 758 1239 veritate
780 1204 1032 1238 consentaneae
1051 1205 1150 1245 sunt,
1172 1202 1218 1237 ab
1238 1202 1486 1238 recentioribus
1511 1200 1719 1246 quibusdam

170 1268 294 1305 parum
313 1258 461 1294 fideliter
483 1269 668 1306 expressae
690 1264 782 1296 sunt.
815 1258 906 1295 Nam
925 1262 966 1294 ut
985 1259 1031 1294 ab
1049 1258 1181 1295 Isidoro
1200 1258 1371 1301 exordiar,
1394 1259 1430 1294 in
1446 1258 1640 1293 Annalibus
1656 1258 1719 1293 Ec-

170 1316 323 1352 clesiast:
333 1326 426 1353 anno
442 1314 570 1351 Christi
585 1328 712 1360 xxxin,
732 1327 828 1353 num.
843 1329 901 1360 ιι,
923 1316 1046 1352 Isidori
1067 1316 1152 1352 haec
1171 1316 1319 1352 refertur
1340 1317 1620 1363 approbaturque
1641 1326 1719 1350 sen·

169 1373 293 1408 tentia:
323 1372 496 1419 Σαββάτὸν
512 1374 774 1420 δευτιρόπρωτον
793 1375 890 1409 illam
901 1376 1015 1420 fuisse
1037 1375 1126 1409 dien
1146 1386 1232 1420 quac
1251 1380 1330 1420 post
1344 1376 1496 1420 primam
1517 1373 1718 1417 „azymorum

169 1440 244 1465 mea:
257 1433 426 1477 sequitur,-
441 1433 555 1477 sicque
570 1433 695 1466 dietum
709 1431 886 1466 sabbarum
901 1432 1203 1478 secundo-primum
1211 1456 1221 1473 ‚
1237 1443 1295 1466 seu
1309 1431 1487 1466 sabbatum
1502 1443 1544 1466 ex
1558 1431 1718 1473 sabbato,-

163 1487 285 1523 ‘adlmc
299 1490 448 1534 insuper,
471 1489 559 1535 quod
573 1490 688 1523 eadem
706 1489 780 1523 dies
793 1489 970 1523 occidisset
987 1491 1025 1523 s’n
1038 1489 1215 1523 sabbatum
1237 1488 1555 1529 hebdomadarium,
1579 1489 1718 1523 duorum

159 1547 326 1591 festorum
342 1547 572 1580 coniunctione
587 1547 712 1580 dictum
728 1557 798 1580 csse
812 1546 988 1580 sabbatum
1003 1546 1228 1581 sabbatorum.
1251 1545 1400 1581 Subiicit
1414 1545 1537 1581 deinde
1546 1571 1556 1588 ‚
1572 1545 1718 1581 eandem

166 1613 246 1638 csse
261 1605 298 1638 et
311 1601 496 1649 Epiphanii
511 1603 734 1646 sententiam,
757 1603 828 1638 imo
845 1606 880 1639 et
895 1602 1040 1646 Suidae,
1065 1604 1142 1638 dum
1158 1605 1327 1649 as'eftcisse
1343 1615 1417 1638 eam
1433 1604 1520 1638 diem
1535 1604 1717 1638 secundam
1773 1634 1779 1641 ‚
1826 1634 1833 1641 ,

167 1659 362 1702 Panchaeis,
378 1671 478 1706 quan
493 1666 604 1695 tamen
617 1662 923 1707 nominarpm'mam
931 1661 1141 1706 Azymorum.
1163 1660 1232 1696 Sed
1247 1661 1284 1696 in
1298 1660 1342 1696 iis
1357 1660 1470 1695 verbis
1487 1659 1555 1695 duo
1573 1664 1656 1696 sunt
1671 1671 1717 1695 ex

166 1716 299 1752 Isidoro
315 1720 436 1752 conta-a
450 1716 573 1753 Isidori
587 1721 742 1754 mentem
757 1720 796 1752 et
808 1718 998 1753 orationem
1013 1718 1127 1755 allata.
1157 1718 1331 1762 Alterum,
1347 1718 1532 1753 sabbatum
1548 1718 1718 1753 secundo·
1772 1719 1778 1724 “

166 1774 416 1821 primumdiem
427 1774 523 1809 illam
534 1775 701 1821 appellari
712 1786 801 1822 quae
812 1778 892 1822 post
904 1775 1052 1822 primam
1059 1776 1270 1822 Azymorum
1281 1787 1367 1811 mox
1377 1775 1543 1821 sequitur.
1563 1775 1715 1811 Isidorus

166 1832 259 1867 enim
273 1831 454 1878 perspicue
468 1832 616 1878 primam
631 1833 744 1879 ipsam
755 1833 967 1879 Azymorum
978 1833 1070 1868 diem
1080 1833 1264 1868 sabbatum
1280 1833 1330 1868 ait
1336 1843 1422 1868 >esse
1435 1832 1715 1879 δεμτερόπρωτονς

166 1888 258 1935 quod
274 1889 458 1924 sabbatum
472 1889 550 1924 ideo
562 1893 715 1932 vocatur,
739 1890 822 1936 quia
834 1890 951 1925 Iudaei
969 1890 1060 1925 festa
1077 1891 1196 1926 omnia
1217 1890 1355 1925 sabbati
1376 1890 1517 1926 nomine
1533 1891 1716 1936 complecti

164 1946 288 1982 solent.
326 1945 600 1992 Δευτιρόπρωτον
621 1957 703 1982 vero
730 1950 911 1994 propterea
933 1947 1067 1990 dicitur,
1095 1948 1187 1994 quod
1209 1947 1362 1983 secunda
1383 1948 1429 1983 sit
1450 1958 1471 1982 a
1490 1946 1659 1982 Paschate
1682 1951 1716 1983 et

163 2002 375 2049 Azymorum
389 2003 512 2050 prima..
533 2003 658 2045 Isidori
665 2005 879 2040 verbascum:
897 2004 1166 2052 Δευτερόπρωτον
1178 2004 1310 2051 εἴρηται,
1327 2003 1435 2048 ἕπειδὴ
1452 2005 1582 2051 δεύτερο
1601 2003 1658 2051 μὲν
1675 2001 1714 2048 ἦν

163 2063 223 2095 τοῦ
238 2058 377 2107 Πάσχα,
392 2061 525 2106 πρῶτον
541 2059 576 2095 δὲ
591 2062 658 2096 τῶν
681 2062 842 2109 Ἀζύμων·
860 2060 996 2108 §cnlpae
1019 2061 1082 2109 γὰρ
1099 2062 1226 2103 θύοντες
1243 2062 1280 2096 τ“ο
1297 2060 1418 2109 Πάσχα
1433 2065 1472 2108 τῇ·
1489 2060 1559 2106 ἑξῆς
1574 2061 1632 2106 τὴν
1648 2063 1714 2096 τῶν

164 2116 315 2164 Ἀζῦμων
327 2115 560 2164 ἐπανηγύριζον
573 2116 697 2166 §opt-hv,
710 2119 752 2163 ἣν
763 2119 818 2155 καὶ
829 2120 1091 2166 δευτιρόπρωτον
1103 2118 1239 2154 ἐκάλουν
1255 2119 1308 2155 διὰ
1322 2119 1361 2153 τὸ
1370 2147 1379 2164 ,
1396 2118 1441 2159 ὡς
1457 2117 1547 2165 ἔφην,
1565 2119 1713 2166 δευτέραν

165 2173 222 2221 μὲν
238 2169 317 2208 εἶναι
331 2177 390 2208 τοῦ
406 2173 544 2222 Πάσχα,
560 2175 692 2222 πρώτην
705 2176 744 2211 δέ
755 2178 821 2211 τῶν
838 2175 999 2223 Ἀζύμων.
1023 2177 1209 2213 Manifesta
1220 2178 1368 2224 primam
1379 2177 1492 2224 ipsam
1503 2178 1714 2223 Aaymorum

164 2231 256 2267 diem
271 2231 534 2278 δωτερόκρωτον
549 2233 721 2276 nominat,
737 2245 815 2269 eam
826 2234 986 2270 videlicet
999 2235 1065 2270 sub
1081 2235 1178 2270 cuius
1192 2235 1343 2281 priorem
1358 2245 1539 2281 vesperam
1554 2235 1712 2270 immola-

163 2293 239 2324 tum
261 2292 316 2324 est
334 2287 483 2332 Pascha,
508 2301 580 2325 non
603 2291 647 2325 ab
667 2291 730 2326 illa
749 2292 938 2327 secundam
959 2302 1000 2327 ac
1022 2292 1229 2339 proximam.
1263 2292 1386 2327 Isidori
1401 2293 1507 2327 verba
1529 2303 1592 2326 suo
1615 2303 1712 2326 more

164 2345 291 2381 Suidas
307 2346 502 2392 exscripsit.
548 2346 703 2383 Alterum
731 2349 825 2395 quod
846 2349 892 2384 ab
913 2349 1035 2385 Isidori
1055 2350 1226 2384 sententia
1247 2349 1430 2385 abhorrere
1449 2349 1522 2384 dei
1542 2349 1627 2384 illud
1649 2353 1712 2392 est,

164 2403 256 2450 quod
275 2403 312 2438 in
333 2402 479 2438 eandem
495 2403 586 2439 diem
600 2405 787 2441 sabbatum
800 2406 996 2452 legitimum
1016 2410 1052 2441 et
1066 2406 1372 2442 hebdomadarium
1394 2406 1588 2449 incidisset,
1610 2407 1655 2442 ob
1675 2406 1712 2441 id

161 2461 348 2496 sabbatum
363 2460 587 2496 sabbatorum
602 2462 812 2508 appellatum
825 2462 946 2499 fuisse.
981 2463 1050 2499 Sed
1072 2464 1240 2501 eiusmodi
1263 2463 1349 2499 nihil
1369 2464 1414 2498 ab
1428 2463 1560 2499 Isidoro
1576 2463 1709 2500 dicitur.

161 2517 234 2552 Hoc
255 2528 382 2560 unum,
403 2521 442 2552 ut
462 2518 633 2554 rationem
655 2519 813 2554 redderet
833 2530 894 2555 cur
909 2520 1094 2556 sabbatum
1108 2522 1222 2567 prima
1235 2521 1295 2556 illa
1309 2521 1382 2556 dies
1397 2521 1607 2566 Azymorum
1622 2533 1711 2557 nun-

163 2578 324 2621 cupetur,
353 2574 551 2618 subiunxit,
573 2576 759 2612 sabbatum
779 2587 801 2610 a
821 2576 956 2612 Iudaeis
981 2577 1112 2612 festum
1134 2589 1271 2613 omnem
1295 2578 1386 2613 diem
1408 2578 1538 2620 vocari,
1562 2579 1709 2625 indeque

159 2631 326 2678 'loquendi
339 2642 452 2678 genus
467 2632 551 2667 illud
566 2643 746 2676 manasse,
767 2633 917 2679 σάββατα
939 2633 1124 2680 σαββάτων,
1147 2635 1311 2680 quoniam
1335 2635 1511 2670 accidebat
1525 2635 1709 2680 interdum,

163 2691 204 2724 ut
229 2689 376 2724 alicuius
397 2688 479 2724 festi
501 2690 709 2736 principium
731 2694 792 2725 aut
812 2690 892 2726 finis
918 2691 956 2726 in
981 2690 1288 2727 hebdomadarium
1314 2693 1500 2728 sabbatum
1524 2693 1708 2737 incideret;

164 2746 455 2791 quemadmodum
471 2747 563 2793 apud
579 2746 791 2782 Christianos
811 2748 939 2783 natalis
954 2747 1098 2791 Christi,
1118 2747 1186 2783 hoc
1204 2752 1258 2784 est
1271 2748 1481 2796 Epiphania,
1503 2751 1542 2786 in
1561 2751 1707 2786 domim·-

163 2813 244 2842 cum
254 2802 412 2838 incurrit:
430 2803 529 2838 Οὕτω
541 2803 595 2838 καὶ
607 2802 685 2850 παρ’
699 2803 808 2844 αὐτοῖς
820 2803 840 2848 ἡ
853 2804 907 2838 καὶ
918 2803 938 2848 ἡ
949 2805 1126 2851 πανήγυρις
1133 2808 1182 2852 τῷ
1196 2804 1352 2853 σαββάτῳ
1364 2806 1544 2852 συνέπιπτε,
1558 2807 1707 2854 σάββατα

164 2857 336 2904 σαββάτων
352 2857 510 2895 (sumto.
545 2860 794 2907 Corrigendum
810 2859 836 2895 εἰ
851 2861 904 2895 καὶ
918 2860 940 2906 ἡ
956 2873 1030 2898 παν.
1066 2861 1178 2904 Quare
1188 2874 1260 2899 non
1283 2875 1324 2899 eo
1345 2874 1452 2908 anno,
1474 2876 1578 2911 quem
1593 2865 1705 2901 Lucas

163 2920 422 2960 commemorat,
438 2929 644 2953 concursum
658 2919 757 2953 illum
771 2918 934 2954 incidisse
949 2919 1070 2954 scribit
1083 2919 1246 2963 Isidorus,
1267 2920 1328 2956 sed
1344 2922 1431 2957 alias
1446 2924 1611 2969 potuisse,
1627 2935 1706 2958 cum

163 2973 308 3008 sabbata
323 2974 546 3010 sabbatorum
561 2979 776 3010 vocarentur.
798 2975 922 3011 Isidori
933 2975 1032 3011 locus
1047 2978 1243 3014 necessario
1258 2977 1504 3015 adscribendus
1521 2984 1590 3016 est:
1615 2979 1654 3014 Εἰ
1670 2979 1705 3015 δὲ

164 3028 322 3078 σαββάτῳ
337 3029 476 3078 εἴρηται,
492 3031 536 3078 μὴ
551 3031 728 3079 θαυμάσῃς.
764 3030 934 3079 Σάββατον
956 3030 1019 3080 γὰρ
1040 3035 1147 3070 πᾶσαν
1169 3033 1282 3084 &optim
1302 3035 1456 3083 καλοῦσι,
1478 3036 1532 3072 καὶ
1548 3037 1601 3072 διὰ
1615 3036 1705 3072 τοῦτ’
