2008 3294
1556 133 1737 171 CCXXXI

275 238 503 286 Ἐπονομάσας
520 238 556 274 δὲ
571 237 677 286 ἐαυτῷ
694 237 732 273 τὶ)
749 241 808 273 τοῦ
824 236 946 282 Μάνη]
967 237 1059 273 Elias
1075 237 1112 272 in
1124 237 1245 273 Thisbi
1259 238 1386 273 mirum
1402 248 1478 272 esse
1495 238 1628 279 scribit,
1645 238 1736 284 quod

184 308 264 332 cum
286 296 403 332 Iudaei
423 299 534 357 ’,ΨΜ
553 302 678 337 vocent
698 295 904 340 haereticos,
923 294 962 330 in
987 293 1198 331 Graecorum
1221 295 1479 330 commentariis
1502 294 1669 342 scriptum
1693 295 1738 329 sit

183 353 392 389 haereticum
408 352 581 400 quendam
597 353 770 396 extitisse,
787 352 847 400 qui
860 351 981 388 Manes
998 351 1175 395 diceretur,
1192 353 1336 399 eiusque
1353 355 1540 387 sectatores
1556 353 1679 413 7³:³72.

274 407 337 451 Ὃς
353 409 407 444 καὶ
423 409 521 451 αὐτὸς
538 409 657 450 δοῦλος
675 409 800 457 ὑπῆρχε
815 408 1021 453 Σκυθιανοῦ.]
1069 407 1170 443 Errat
1184 408 1302 455 itaque
1318 408 1570 452 Theodoretus,
1587 409 1646 455 qui
1662 409 1736 443 Ma-

183 478 251 502 nen
267 478 346 502 cum
362 465 550 513 Scythiano
566 466 764 510 confundit,
779 469 818 502 ut
833 469 868 501 et
879 465 1021 508 Suidas,
1038 475 1119 500 cum
1134 469 1231 501 tanto
1249 469 1330 501 ante
1347 465 1556 512 Scythianus
1572 465 1736 502 extiterit.

273 522 313 558 Ὀ
331 522 387 570 μὲν
404 520 447 564 εἷς
461 521 513 558 ἐπὶ
529 522 586 568 τὴν
599 521 726 569 Αἰλάν.]
767 523 843 560 Lib.
856 534 910 560 ιιι.
932 522 1020 568 Reg.
1045 533 1120 569 cap.
1136 533 1193 566 rx„
1216 522 1270 558 26.
1319 522 1474 558 Classem
1496 534 1635 570 quoque
1655 522 1738 558 fecit

182 580 258 616 Rex
273 580 438 616 Salomon
453 581 490 616 in
505 580 750 627 Asiou-gaber,
765 591 856 627 quae
871 582 926 615 est
939 579 1038 615 iuxta
1053 578 1178 614 Aelath
1194 579 1229 614 iu
1245 579 1345 614 litore
1361 580 1467 615 maris
1483 580 1577 615 rubri
1592 580 1629 615 in
1645 583 1737 614 terra

180 637 376 674 Idumaeae.
399 649 482 674 ux.
506 634 619 684 Αἰλόιθ,
635 649 706 673 non
721 635 840 672 Αῑλών.
861 635 1028 684 Iosephus
1043 636 1104 671 lib.
1117 647 1192 672 vm.
1208 647 1282 683 cap.
1295 649 1342 673 vr.
1358 637 1575 683 Asiongaber
1596 637 1645 672 ait
1666 636 1731 673 Be-

180 694 319 731 renicen
339 695 473 738 vocari,
497 693 590 731 haud
611 695 732 742 procul
751 693 862 730 Elam
882 693 978 731 urbe.
1023 692 1093 728 Sed
1116 691 1347 729 hallucinatus
1372 698 1440 737 est,
1464 698 1503 728 ut
1527 694 1658 741 opinor,
1681 694 1735 728 Io-

179 750 316 798 sephus.
362 751 452 787 Nam
467 751 699 798 Asion-gaber
718 751 756 787 in
775 750 939 787 Idumaea
957 750 1109 798 ponitur.
1154 749 1322 786 Berenice
1338 762 1419 786 vero
1442 762 1463 786 a
1478 751 1676 786 Ptolemaeo
1699 752 1734 786 in

179 807 296 843 Africa
310 809 403 855 ipsa,
419 809 524 855 longe
539 809 706 856 superior,
722 819 762 844 ac
774 807 983 844 Thebaidem
999 818 1043 842 ex
1060 806 1206 844 adverso
1222 807 1427 854 respiciens,
1445 808 1537 854 quod
1553 807 1736 856 Epiphanii

179 865 402 912 descriptioni
417 866 593 912 congruit,
609 866 669 912 qui
683 865 871 902 Berenicen
886 864 1026 900 tertium
1042 864 1152 900 Rubri
1166 865 1271 900 maris
1288 867 1427 910 portum
1443 869 1632 900 enumerat.

267 921 310 958 N.
325 935 364 958 11.
397 921 452 963 Εἰς
468 921 603 969 Ὗψιλὴν
620 921 741 968 πόλιν]
773 920 969 968 Stephanus
983 919 1126 968 Ὕψηλις
1142 920 1239 968 κώμη
1255 919 1431 968 Αἰγύπτου.

270 978 331 1013 Καὶ
344 978 475 1024 βίβλους
491 978 676 1026 τέσσαρας.]
700 978 800 1027 Apud
816 978 959 1014 Suidam
975 990 1009 1014 ιν
1026 977 1193 1014 librorum
1208 978 1355 1014 istorum
1371 981 1471 1012 autor
1487 978 1594 1013 fuisse
1611 979 1735 1014 dicitur

179 1035 427 1079 Terebinthus,
449 1036 523 1071 sive
545 1034 702 1079 Buddas,
726 1047 872 1083 quorum
895 1035 1000 1071 etiam
1024 1034 1107 1070 ordo
1128 1035 1229 1071 aliter
1246 1035 1448 1070 instituitur.
1496 1035 1585 1070 Nam
1601 1037 1734 1082 primus

178 1093 440 1138 mysteriorum,
457 1092 629 1129 secundus
645 1093 833 1139 evangelii,
849 1093 971 1128 tertius
987 1091 1159 1135 thesauri,
1175 1096 1319 1139 quartus
1336 1092 1498 1139 capitum.

268 1149 310 1186 N.
326 1162 378 1186 111.
409 1149 487 1196 Περὶ
503 1151 571 1190 τοῖς
586 1149 716 1196 χρόνοις
734 1150 799 1183 τῶν
815 1147 1037 1194 ἀποστόλων]
1086 1149 1274 1185 Commode
1295 1149 1390 1184 istud
1413 1149 1652 1196 accipiendum
1670 1154 1733 1191 est,

180 1210 218 1242 ut
233 1207 469 1253 apostolorum
483 1209 640 1253 tempora
651 1209 766 1249 vocet,
783 1217 871 1253 quac
887 1206 956 1241 illis
972 1205 1134 1253 proxima
1148 1210 1240 1243 sunt.
1264 1205 1353 1241 Nam
1371 1210 1408 1241 ut
1423 1207 1600 1253 apostolos
1613 1207 1735 1242 viderit

178 1262 387 1309 Scythianns
402 1273 623 1310 nequaquam
643 1263 815 1311 procedit,
837 1263 889 1299 uti
912 1267 1034 1311 postea
1054 1263 1244 1306 constabit,
1267 1274 1347 1298 cum
1369 1262 1411 1298 de
1432 1262 1627 1298 Manichaei
1648 1267 1733 1299 tem-

178 1331 262 1367 pore
278 1320 518 1367 disputabitur.

267 1376 309 1413 N.
325 1389 373 1413 xr.
404 1375 529 1424 Ἠρέμα
545 1378 614 1417 πῶς
631 1375 663 1412 ἐν
679 1372 708 1424 ᾧ
725 1375 858 1423 ἑαυτῷ]
892 1377 985 1413 Corr.
1001 1375 1107 1424 ἠρέμα.
1122 1378 1203 1418 πῶς·
1222 1375 1254 1411 ἐν
1271 1373 1300 1424 ᾧ
1318 1380 1381 1414 etc.

267 1433 307 1469 N.
325 1446 386 1470 m.
419 1433 475 1469 Δὼ
493 1433 586 1469 αὐτοὶ
602 1433 632 1468 oi
647 1433 854 1480 Μανιχαῖοι]
901 1434 997 1470 verti
1012 1437 1144 1481 potest:
1177 1434 1224 1469 Ob
1242 1436 1281 1468 id
1295 1434 1499 1469 Manichaei
1513 1447 1615 1481 super
1632 1449 1733 1470 arun·

178 1492 274 1526 dines
289 1491 424 1528 cubant.
463 1490 552 1527 Nam
567 1491 732 1526 Manat-ii
746 1495 929 1538 propterea
945 1491 1044 1534 dicti,
1062 1491 1155 1538 quod
1171 1491 1205 1527 in
1223 1491 1340 1526 mattis
1358 1491 1556 1528 dormirent.
1589 1492 1679 1540 Aug.
1698 1506 1730 1530 v.

178 1559 255 1583 con.
271 1547 440 1583 Faustum
454 1547 607 1585 Manich.

266 1603 388 1652 Θωμᾶς
404 1603 439 1639 δὲ
463 1603 514 1639 ἐπὶ
530 1603 587 1650 τὴν
603 1603 792 1650 Ἰουδαίαν]
840 1605 1091 1652 Corrigendum
1111 1616 1157 1641 cx
1179 1604 1395 1641 Theodoreto
1419 1606 1526 1642 videri
1548 1608 1659 1653 possit
1681 1606 1732 1641 ἐπὶ

177 1660 233 1705 τὴν
250 1659 377 1696 Ἰνδίαν.
409 1661 498 1697 Nam
515 1665 554 1698 ut
569 1661 744 1698 Christum
759 1663 964 1705 imitaretur,
980 1663 1224 1709 cognominem
1240 1662 1332 1697 illius
1349 1663 1507 1710 apostolo
1525 1664 1733 1711 discipulum

176 1718 212 1753 in
225 1718 360 1754 Indiam
371 1719 548 1765 allegavit.
574 1719 703 1756 Verum
716 1720 821 1755 etiam
833 1719 924 1754 infra
939 1731 974 1756 n.
983 1731 1079 1755 xur-
1093 1718 1262 1756 'rhomam
1279 1719 1385 1755 istum
1401 1721 1732 1768 pseudoapostolum

175 1774 212 1810 in
227 1775 364 1821 Syriam
380 1775 588 1811 destinatum
603 1776 733 1813 scribit.

265 1829 386 1878 Ἔλεγε
402 1831 442 1877 δὴ
458 1831 572 1868 ἑαυτὴν
589 1831 607 1867 ὃ
623 1831 762 1878 Μάνης]
791 1833 866 1868 Imo
884 1837 919 1869 et
934 1832 1108 1869 Christum
1125 1834 1278 1881 seipsum
1296 1833 1371 1870 esse'
1387 1835 1486 1870 dixit.
1518 1834 1686 1870 Theodor.

264 1888 306 1925 N.
324 1901 382 1924 xx.
413 1887 569 1936 Ἰάκωβος
586 1889 675 1936 ξύλῳ
691 1889 851 1936 πληγείς]
899 1890 1291 1937 Hierosolymitanorum
1315 1892 1511 1927 antistitum
1526 1891 1731 1939 cathalogus

174 1945 240 1981 iste
256 1956 300 1981 ex
315 1945 457 1982 Eusebii
473 1946 642 1982 Chronico
658 1950 693 1981 et
707 1946 859 1982 Historia
873 1946 1066 1994 descriptus
1082 1951 1152 1990 est,
1169 1959 1272 1995 quem
1289 1952 1323 1983 et
1339 1949 1612 1984 Alexandrinum
1625 1949 1731 1985 Chro-

174 2003 276 2038 nicon
292 2005 328 2038 et
341 2002 524 2050 Nicephori
540 2003 680 2050 perinde
697 2002 892 2039 Chronicon
909 2003 1062 2040 exhibet.
1108 2004 1161 2040 Ex
1180 2005 1305 2051 quibus
1322 2006 1502 2049 omnibus,
1526 2006 1592 2042 hoc
1617 2012 1670 2042 est
1685 2019 1730 2042 ex

173 2058 377 2095 Eusebianis
403 2059 558 2096 fontibus
587 2060 823 2096 emendandus
851 2065 906 2096 est
932 2060 1117 2108 Epiphanii
1137 2062 1344 2106 laterculus,
1367 2064 1464 2100 velut
1487 2075 1567 2099 cum
1590 2064 1730 2099 tertium

173 2119 334 2152 numerat
347 2116 485 2160 Iudam,
503 2117 563 2164 qui
577 2117 622 2153 ab
636 2116 787 2152 Eusebio
803 2120 839 2152 et
853 2118 998 2153 caeteris
1013 2118 1129 2155 Iustus
1146 2121 1351 2166 appellatur.
1379 2120 1467 2156 Item
1483 2133 1530 2156 xv.
1546 2121 1729 2156 Zacharias

174 2173 218 2208 ab
240 2172 431 2221 Epiphanio
454 2174 498 2209 ab
521 2173 598 2211 aliis
621 2173 798 2210 Zachaeus
820 2179 975 2211 vocatur.
1021 2175 1112 2211 Sunt
1137 2180 1172 2212 et
1198 2177 1268 2212 alia
1288 2178 1460 2224 quaedam
1481 2179 1518 2212 in
1537 2181 1622 2212 nota
1643 2182 1728 2212 tem-

173 2241 296 2277 porum
315 2230 359 2265 ab
371 2229 580 2278 Epiphanio,
595 2231 651 2266 vel
665 2231 781 2278 potius
797 2242 820 2266 a
833 2232 992 2275 librario,
1008 2233 1213 2276 commissa,
1230 2245 1319 2280 quae
1335 2238 1374 2270 ut
1389 2235 1582 2270 accuratius
1599 2235 1728 2281 disqui-

173 2290 303 2324 rantur.
333 2287 485 2325 Primum
509 2299 527 2323 e
549 2286 742 2335 Nicephoro
766 2289 914 2324 eundem
934 2290 1034 2325 illum
1050 2291 1249 2337 catalogum
1266 2302 1344 2326 cum
1361 2291 1579 2338 singulorum
1596 2292 1728 2328 antisti-

173 2347 247 2380 tum
264 2344 364 2381 annis
379 2345 633 2389 exscribemus,
650 2348 689 2380 ut
704 2349 740 2380 et
755 2344 987 2392 Nicephorum
1003 2347 1122 2383 eadem
1139 2358 1243 2394 opera
1259 2349 1482 2394 castigemus.

394 2481 634 2518 INDICULUS
658 2480 1189 2538 mEROSOLmTANORUM
1212 2483 1502 2520 ANTISTITUM.

1254 2581 1340 2612 Anni,
1351 2582 1456 2614 quibus

1279 2627 1426 2653 aederunt.

835 2595 1058 2642 Episcopi.

464 2697 480 2732 1
678 2697 824 2732 Iacobus
847 2697 988 2733 Domini
1009 2698 1128 2734 Frater
1298 2700 1418 2735 XXVI

463 2755 495 2790 11
679 2754 855 2800 Symaeon
879 2754 1050 2802 Cleophae
1072 2755 1110 2792 F.
1297 2757 1419 2793 XXIII

463 2811 512 2847 111
678 2811 795 2846 Iustus
1296 2814 1343 2850 vl

463 2868 510 2904 1v
678 2866 861 2903 Zacharias
1294 2871 1342 2906 IV

463 2925 494 2959 V
678 2925 805 2960 Tobias
1294 2927 1341 2963 IV

463 2981 511 3017 VI
678 2981 862 3018 Beniamin
1294 2984 1326 3020 Π

1770 1000 1797 1024 p.
1811 991 1871 1018 264.
