2008 3294
1639 229 1743 266 cem

195 339 351 375 Primum
366 337 459 375 enim
474 337 516 374 de
531 337 725 373 libidinosis
742 340 776 372 et
790 335 1084 374 incontinentibus
1099 338 1243 380 rogatus
1267 335 1308 370 de
1328 335 1453 382 lapsis,
1473 333 1539 370 hoc
1562 337 1615 369 est
1634 333 1742 369 idolo·
1777 348 1804 374 p.
1817 340 1879 367 231.

195 396 293 432 latris
307 395 515 432 nominatim
531 395 668 430 decreta
687 394 827 441 profert.
871 392 1002 429 Deinde
1026 402 1106 427 cum
1128 392 1378 438 poenitentiam
1401 392 1475 428 sine
1499 391 1743 427 communione

197 463 401 489 concessam
415 452 555 494 asserit,
576 463 647 488 non
670 455 744 487 tam
762 451 855 487 istud
876 450 920 487 ad
941 449 1082 485 clinicos
1105 460 1211 495 quam
1230 449 1274 484 ad
1291 460 1528 496 quoscumque
1542 451 1742 496 peccatores

197 510 330 546 attinet.
359 509 466 556 Atqui
477 509 518 544 de
530 509 746 544 moribundis
759 508 928 544 duntaxat
936 506 1175 552 interrogabat
1186 506 1392 553 Exuperius,
1410 510 1444 542 et
1459 506 1559 541 aliter
1573 506 1742 549 dubitare,

195 566 346 603 hominis
362 570 436 601 erat
449 577 573 613 parum
588 566 626 601 in
642 566 806 601 ecclesiae
822 564 943 600 ritibus
959 563 1091 599 eruditi.
1125 562 1356 605 Quamobrem
1372 564 1557 599 verisimile
1574 567 1627 599 est
1639 562 1743 599 Inno-

196 624 348 661 centium
362 622 570 670 hypothesin
586 623 629 658 ad
644 622 786 666 thesim,
810 622 875 658 hoc
891 624 944 657 est
958 621 1157 667 generalem
1173 620 1444 666 disputationem
1459 621 1743 656 controversiam-

195 692 262 728 que
276 691 458 717 revocasse
474 683 509 715 et
524 691 684 715 caussam
700 680 874 723 attulisse,
889 689 950 715 cur
965 677 1150 724 aliquando
1163 677 1270 712 tardis
1286 678 1354 712 illis
1370 678 1644 724 poenitentibus,
1660 678 1744 714 olim

194 749 276 774 vero
293 738 398 774 etiam
415 738 626 784 quibuslibet
640 737 840 783 graviorum
854 736 1036 772 criminum
1050 735 1120 770 reis
1137 735 1390 770 communionis
1413 746 1492 782 spes
1513 736 1671 782 praecisa
1689 735 1743 771 fu-

196 795 270 831 erit.
300 794 490 838 Nimirum,
506 806 574 841 quo
590 806 781 841 poenarum
795 797 892 830 metu
905 793 943 829 in
958 792 1072 829 officio
1089 791 1275 828 Christiani
1291 793 1558 835 continerentur,
1573 794 1742 840 principio

198 852 442 888 communione
464 851 657 899 prohibitos
681 851 896 899 capitalium,
923 850 976 885 uti
998 849 1088 892 dixi,
1112 850 1282 885 scelerum
1305 849 1477 892 conscios,
1500 861 1564 884 nec
1588 861 1744 897 unquam

196 909 269 945 sive
284 909 474 946 incolumes
484 936 492 952 ,
509 909 582 944 sive
599 908 838 951 moribundos,
858 907 1022 949 ecclesiae
1038 907 1228 942 restitutos.
1276 906 1402 941 Postea
1417 917 1498 942 vero
1514 907 1670 943 nondum
1683 919 1743 954 pe-

194 966 290 1014 nitus
305 966 495 1002 constituta
510 976 595 1013 pace
610 966 854 1012 poenitentiam
869 964 1009 1011 quidem
1023 964 1092 1001 iuis
1107 974 1149 999 ac
1171 963 1451 999 communionem
1472 963 1640 1000 indultam
1650 991 1659 1007 ,
1684 966 1744 1011 qui

194 1026 330 1059 mature
345 1022 390 1058 ad
405 1034 481 1058 eam
496 1023 681 1070 petendam
700 1022 942 1063 accessissent,
966 1021 1111 1059 caeteris
1132 1021 1168 1056 iu
1190 1024 1396 1067 perpetuum
1419 1021 1565 1056 reiectis.
1611 1024 1661 1056 Ac
1682 1033 1744 1069 po·

195 1083 322 1116 stremo
338 1081 470 1127 pacatis
487 1080 650 1116 ecclesiae
665 1080 768 1115 rebus
780 1079 884 1116 etiam
895 1078 1060 1114 tardiores
1072 1078 1151 1113 illos
1163 1078 1313 1113 instante
1325 1078 1396 1113 iam
1407 1082 1518 1112 morte
1530 1080 1743 1115 communio·

193 1148 276 1173 nem
291 1138 507 1184 impetrasse.
553 1137 634 1174 Tria
648 1136 732 1172 haec
749 1136 943 1172 necessario
960 1134 1207 1181 distinguenda
1221 1139 1304 1170 sunt
1319 1135 1486 1170 ecclesiae
1508 1139 1682 1182 tempora,
1706 1140 1745 1173 ut

195 1194 401 1230 dissidentes
417 1205 439 1230 a
455 1205 492 1230 se
507 1195 655 1231 invicem
670 1193 956 1240 gravissimorum
970 1196 1110 1239 patrum
1125 1192 1329 1227 autoritates
1346 1192 1582 1228 concilientur.
1610 1193 1654 1228 Et
1670 1194 1743 1239 qui-

195 1251 273 1287 dem
289 1251 403 1298 prima
418 1252 480 1287 illa
494 1251 780 1298 severissimaque
796 1250 977 1297 disciplina
992 1250 1058 1285 sub
1074 1250 1311 1296 apostolorum
1326 1252 1484 1296 tempora
1503 1253 1538 1284 et
1553 1250 1596 1285 ad
1611 1250 1744 1286 Tertul-

194 1309 280 1344 liani
299 1309 372 1346 fere
393 1309 569 1345 saeculum
591 1308 756 1351 obtinuit,
783 1317 872 1354 quae
893 1318 916 1342 a
937 1306 1133 1354 Zephyrino
1149 1306 1332 1353 pontifice,
1360 1306 1452 1353 quod
1479 1307 1523 1342 ad
1550 1308 1744 1343 moechiam

196 1369 348 1413 spectat,
363 1366 543 1413 paululum
558 1366 714 1402 relaxata
727 1365 889 1412 Cypriani
900 1364 1114 1412 temporibus
1127 1364 1276 1399 maiores
1293 1363 1337 1398 ad
1349 1364 1526 1400 lenitatem
1537 1375 1744 1411 progressus

194 1422 326 1459 habuit.
371 1422 451 1458 Fuit
474 1423 566 1459 euim
582 1422 772 1459 secundum
787 1422 872 1457 illud
886 1422 1040 1458 maxime
1054 1425 1192 1468 tempus
1210 1432 1279 1468 quo
1295 1421 1430 1456 nullum
1445 1423 1579 1468 peccati
1595 1433 1707 1468 genus
1722 1434 1744 1458 a

194 1480 309 1516 fructu
323 1481 576 1516 communionis
593 1483 776 1527 exceptum
793 1482 861 1522 est,
877 1479 1002 1515 sedita
1017 1482 1132 1514 tamen
1143 1505 1152 1522 ,
1175 1479 1207 1513 si
1227 1479 1416 1525 temporius
1438 1490 1477 1514 se
1498 1479 1543 1514 ad
1565 1481 1744 1527 poeniten-

194 1538 281 1573 tiam
296 1537 516 1584 applicarent.
561 1533 650 1574 Nam
666 1541 741 1573 tum
756 1548 833 1579 eos,
850 1537 961 1583 quiin
977 1536 1110 1572 obitum
1125 1546 1237 1582 usque
1252 1536 1463 1583 proferrent,
1485 1537 1624 1583 penitus
1640 1538 1744 1573 inter·

186 1595 312 1645 -clusos
326 1594 435 1630 fuisse
451 1605 586 1631 censeo.
610 1594 764 1630 Tandem
778 1605 856 1629 vero
873 1605 916 1629 ne
932 1594 1007 1629 istis
1023 1593 1161 1639 quidem
1177 1594 1299 1640 negari
1310 1594 1591 1629 communionem
1603 1595 1744 1640 placuit,

195 1662 275 1687 cum
290 1652 482 1687 instaurata
498 1652 661 1688 ecclesiae
677 1652 834 1687 libertate
850 1651 1039 1697 plurimum
1055 1650 1096 1685 de
1113 1651 1333 1696 antiquorum
1347 1651 1476 1686 rituum
1500 1652 1682 1687 severitate
1704 1662 1744 1686 ac

195 1708 322 1744 duritia
336 1708 550 1744 decessisset.
585 1709 650 1744 Per
665 1708 751 1744 haec
765 1709 979 1744 incrementa
993 1708 1176 1754 paulatim,
1199 1712 1368 1754 quantum
1383 1708 1541 1752 arbitror,
1563 1709 1744 1756 disciplina

194 1766 373 1813 processit.
418 1765 538 1812 Neque
558 1769 675 1801 tamen
698 1766 810 1801 ubivis
826 1769 996 1801 terrarum
1019 1768 1055 1800 et
1076 1766 1112 1811 in
1135 1765 1296 1800 omnibus
1317 1766 1473 1802 ecclesiis
1490 1765 1644 1801 moribus
1658 1765 1744 1801 haec

196 1823 343 1859 subinde
357 1826 495 1870 recepta
509 1823 678 1865 videntur,
700 1826 830 1858 etcum
846 1823 935 1857 aliae
959 1823 1034 1858 aliis
1056 1823 1157 1858 citius
1181 1823 1425 1866 adscivissent,
1447 1823 1572 1858 veteris
1595 1823 1745 1859 instituti

196 1890 237 1915 ao
253 1880 447 1916 severitatis
463 1880 629 1927 reliquiae
644 1891 751 1927 penes
772 1880 907 1926 aliquas
929 1880 987 1915 diu
1009 1880 1196 1915 admodum
1217 1880 1427 1916 resederunt.
1472 1879 1636 1923 Nondum
1651 1881 1744 1916 enim

195 1937 351 1983 generali
365 1937 480 1984 aliqua
496 1937 690 1980 sanctione,
713 1948 782 1984 qua
798 1948 917 1973 omnes
933 1938 1097 1972 ecclesiae
1112 1941 1321 1981 tenerentur,
1338 1948 1379 1972 ea
1393 1948 1448 1973 res
1465 1938 1655 1973 constituta
1668 1938 1743 1974 fue·

194 1998 264 2038 rat,
289 1998 350 2030 aut
370 1994 467 2030 illam
490 1998 580 2030 certe
602 1994 734 2030 tardius
757 1995 911 2040 regionis
935 1995 1080 2030 alicuius
1108 1995 1321 2030 consuetudo
1349 1998 1453 2041 atque
1480 2006 1565 2030 usus
1592 1995 1742 2031 admisit.

196 2050 309 2094 Quam
321 2051 359 2087 in
374 2061 448 2087 rem
462 2051 548 2087 facit
563 2051 726 2098 Cypriani
741 2051 871 2087 dictum
886 2051 970 2086 illud
986 2052 1094 2099 Epist.
1111 2052 1155 2087 ad
1170 2053 1297 2089 Anton.
1328 2052 1376 2087 Et
1391 2053 1521 2098 quidem
1539 2055 1635 2099 apud
1649 2059 1741 2088 ante-

196 2119 343 2143 cessores
357 2114 487 2144 nostroe
502 2110 637 2154 quidam
655 2110 696 2144 de
711 2111 879 2155 episcopas
893 2112 971 2144 istic
983 2112 1018 2143 in
1029 2112 1216 2156 prot-incia
1232 2115 1348 2143 nostra
1362 2111 1512 2144 dandam
1519 2122 1643 2156 pacem
1657 2123 1741 2145 moc-

196 2165 270 2201 clu‘s
291 2178 356 2200 non
372 2171 594 2212 putaverunt,
619 2172 651 2200 et
671 2168 708 2200 in
731 2172 830 2202 totum
845 2169 1074 2212 poenitentiae
1089 2168 1195 2201 locum
1213 2173 1332 2201 eontra
1349 2168 1522 2201 adulteria
1539 2169 1742 2209 clauserunt,

196 2228 384 2258 nontamen
396 2223 439 2258 ab
453 2225 682 2270 episcoporum
694 2234 826 2258 suorum
844 2225 984 2268 coeleqio
995 2230 1212 2259 recesserunt.
1236 2224 1329 2259 Haec
1344 2224 1402 2259 ille
1418 2224 1648 2260 Novatianum
1665 2236 1742 2271 per-

194 2280 386 2326 stringens,
402 2279 494 2327 quod
509 2280 554 2315 ad
568 2281 847 2327 intempestivam
862 2281 899 2316 in
915 2281 1032 2327 lapsos
1048 2281 1299 2323 crudelitatem,
1318 2281 1409 2328 quod
1424 2282 1568 2317 minime
1584 2293 1741 2318 necessa-

193 2337 285 2373 rium
301 2340 390 2380 erat,
406 2337 587 2373 dissidium
599 2337 832 2380 adiunxisset,
849 2349 927 2373 cum
944 2338 1073 2384 alioqui
1089 2338 1130 2373 de
1145 2338 1252 2384 lapsis
1269 2339 1362 2384 quod
1373 2340 1476 2373 vellet
1486 2339 1648 2384 privatim
1663 2350 1740 2374 sen-

193 2395 258 2430 tire
280 2394 445 2442 potuerit,
468 2406 532 2430 nec
557 2394 600 2429 ab
625 2394 790 2432 ecclesiae
814 2395 978 2430 societate
1002 2395 1127 2430 divelli.
1174 2394 1271 2436 Quod
1296 2395 1338 2430 de
1361 2395 1573 2430 Tertulliano
1600 2396 1741 2442 perinde

194 2451 433 2498 usurpandum
449 2455 539 2494 erat,
557 2452 675 2487 sitam
691 2451 755 2486 iste
772 2462 875 2497 quam
891 2451 1104 2487 Novatianus
1121 2451 1287 2487 hactenus
1302 2452 1542 2498 procederent,
1563 2456 1602 2487 ut
1623 2453 1741 2499 lapsos

193 2508 407 2544 reconciliari
421 2519 492 2544 non
516 2512 671 2555 oportere
695 2507 860 2550 dicerent,
883 2519 954 2543 non
975 2512 1091 2544 autem
1106 2509 1228 2544 veniae
1244 2509 1446 2544 tribuendae
1461 2510 1516 2544 ius
1533 2509 1578 2544 ab
1594 2511 1742 2546 ecclesia

193 2576 335 2613 prorsus
351 2565 622 2608 abiudicassent3
639 2575 745 2611 quam
762 2565 806 2600 ob
819 2575 979 2600 caussam
990 2565 1112 2600 merito
1125 2569 1291 2611 tanquam
1304 2564 1468 2601 haeretici
1480 2566 1634 2601 damnati
1649 2572 1740 2608 sunt,

193 2622 268 2658 Iam
278 2633 358 2658 vero
376 2633 421 2658 ex
434 2623 574 2658 illorum
589 2633 750 2664 numero,
767 2621 859 2668 quod
871 2622 1018 2668 spissius
1035 2633 1073 2656 ac
1089 2622 1221 2657 tardius
1236 2622 1273 2656 in
1290 2633 1366 2656 eam
1381 2623 1559 2659 lenitatem
1574 2623 1740 2659 infractos

195 2690 271 2715 esse
286 2679 455 2723 diximus,
471 2680 718 2726 Hispanienses
735 2679 900 2727 ecclesiae
915 2682 1019 2724 atque
1035 2679 1206 2714 antistites
1221 2679 1395 2714 recenseri
1410 2679 1550 2723 debent,
1567 2692 1654 2728 quos
1670 2693 1741 2717 non

195 2735 309 2782 magis
325 2747 431 2783 quam
446 2740 598 2772 caeteros
616 2747 752 2778 omnes,
775 2735 930 2782 adeoque
952 2736 1133 2770 ecclesiam
1154 2735 1252 2770 initio
1272 2740 1382 2771 totam
1397 2740 1512 2772 tuetur
1527 2742 1739 2785 excusatque

195 2791 364 2839 pontifex.
387 2794 474 2830 Volo
487 2794 579 2830 enim
591 2793 782 2828 innocentii
793 2793 898 2828 verba
909 2792 1059 2838 prudens
1070 2793 1177 2827 lector
1189 2793 1453 2837 animadvertat,
1466 2795 1738 2839 observ-ationem,

196 2851 267 2884 sive
282 2852 544 2886 consuetudinem
552 2854 705 2897 priorem
722 2853 880 2892 tenuisse,
904 2849 995 2895 quod
1017 2849 1058 2884 de
1080 2849 1302 2895 provincialis
1324 2851 1448 2896 synodi
1468 2862 1601 2887 canone
1622 2864 1661 2887 ac
1683 2853 1739 2888 de-

198 2909 290 2941 creto
305 2917 525 2954 nequaquam
541 2908 681 2950 diceret,
705 2907 766 2941 sed
788 2907 829 2941 de
852 2918 893 2941 eo
910 2906 1028 2951 utique
1044 2906 1112 2941 ritu
1128 2907 1188 2952 qui
1203 2907 1309 2942 totius
1325 2908 1492 2944 ecclesiae
1507 2910 1569 2952 sit,
1591 2914 1652 2944 aut
1666 2921 1736 2944 ma‘

197 2962 280 2998 ioris
295 2963 418 2999 saltem
432 2965 539 3011 partis
555 2964 802 3000 consuetudine
818 2967 988 3010 receptuS.
1032 2962 1200 3004 Quocirca
1215 2965 1389 3010 praeclare
1404 2965 1455 3008 id,
1473 2966 1564 3012 quod
1581 2968 1738 3014 superius

197 3019 350 3065 positum
365 3023 436 3062 est,
449 3019 515 3056 hoc
529 3021 721 3057 Innocentii
736 3020 973 3055 testimonium
990 3019 1187 3063 confirmat,
1203 3025 1367 3067 negatam
1378 3023 1541 3057 maximis
1553 3024 1739 3058 sceleribus

200 3076 282 3112 olim
297 3077 574 3113 communionem
589 3078 716 3119 fuisse,
743 3089 809 3123 qua
832 3080 953 3123 postea
968 3077 1135 3123 permissa
1150 3078 1217 3112 soli
1229 3078 1282 3112 illi
1296 3079 1432 3125 excepti
1447 3079 1606 3115 videntur
1622 3081 1682 3126 qui
1697 3080 1739 3114 ad

1798 2711 1804 2718 .
1817 2692 1875 2719 2³2.
