2008 3294
1600 183 1708 219 CLXI

166 287 258 335 quod
273 289 303 324 is
318 287 448 326 mensis
464 291 558 323 totus
572 287 644 322 fere
660 287 923 326 solennitatibus
938 289 1134 332 occupatur.
1173 286 1263 322 Nam
1278 286 1308 321 si
1323 286 1415 322 Tisri
1427 285 1465 322 in
1479 285 1601 323 teriam
1616 299 1640 322 1.
1657 287 1708 321 in-

166 345 271 388 cidat,
294 345 428 381 decime.
442 344 564 391 quinta
579 343 634 379 die
651 345 715 380 erit
727 343 950 390 scenopegia,
972 342 1131 389 proxime
1151 347 1231 389 post
1246 343 1440 379 sabbatum.
1477 342 1515 379 Si
1530 343 1567 379 in
1581 356 1640 386 1v.,
1653 343 1708 378 de-

165 402 255 438 eima
270 401 358 446 dies,
379 411 469 448 quae
487 400 617 436 festum
633 404 686 436 est
699 400 899 448 ffippurim,
921 399 958 435 in
979 411 1026 435 Vl.
1044 399 1166 434 feriam
1186 400 1348 436 incurret.
1395 399 1434 435 Si
1448 400 1486 435 in
1500 412 1547 436 vr.
1563 399 1709 446 denique

165 458 341 502 ceciderit,
364 458 574 505 scenopegia
594 469 640 494 vr.
657 457 744 493 feria
758 456 917 504 proxime
932 458 1012 492 unte
1027 456 1212 492 sabbatum
1227 457 1416 502 continget.
1462 457 1503 493 In
1518 456 1627 493 Nisan
1642 457 1710 492 slis.

164 526 289 551 caussa
304 519 356 550 est
372 525 477 562 quam
492 514 639 551 duorum
654 514 880 553 sabbatorum
893 512 1118 549 continuatio.
1146 513 1236 548 Nam
1251 516 1287 548 et
1302 524 1342 548 ea
1357 513 1501 549 devitari
1514 513 1622 550 nihilo
1637 524 1709 549 ma·

165 572 220 618 gis
234 572 371 619 poterit.
402 571 448 607 Ut
463 582 544 607 cum
558 572 743 607 neomenia
757 571 866 607 Nisan
879 569 999 616 incipit
1013 579 1035 604 a
1048 568 1135 605 feria
1150 582 1189 613 1.,
1211 581 1298 616 quae
1313 571 1471 616 legitime.
1486 575 1555 615 est,
1578 570 1710 607 decima

165 633 288 675 quarte
303 629 358 666 die
373 628 557 665 sabbatum
573 632 642 671 est,
658 632 693 664 et
707 627 866 675 sequenti
878 627 1020 664 solenne
1035 637 1249 673 azymorum.
1285 626 1427 662 Caetera
1442 639 1521 663 cum
1538 627 1630 675 apud
1644 627 1709 664 He-

163 686 305 729 braeos,
319 690 396 722 tum
410 697 456 721 ex
470 685 604 721 Latinis
619 685 711 732 apud
725 685 871 720 Paulum
884 683 1147 730 Forosempron.
1162 683 1222 719 lib.
1234 696 1309 719 vm.
1325 688 1412 730 part.
1423 697 1478 727 11.,
1494 685 1710 720 Munsterum

163 742 200 779 in
213 742 373 786 Kalend„
388 753 452 779 nec
468 754 539 778 non
554 745 590 778 et
605 742 734 789 Scalig.
748 741 808 777 lib.
819 752 858 781 ιι.
875 744 910 777 et
924 753 985 778 vu.
1001 740 1043 776 de
1058 739 1201 776 Emend.
1217 740 1335 787 Temp.
1352 742 1422 788 legi
1437 746 1614 788 poterunt,
1636 742 1709 789 qui-

163 799 228 836 bus
242 799 366 837 merito
382 799 658 846 supersedemus.

252 855 352 893 Nunc
373 856 459 892 illud
474 857 510 891 in
526 856 802 903 disquisitionem
817 858 968 899 vocatur,
989 854 1137 891 fuerime
1160 854 1286 902 priscis
1308 859 1475 902 usurpata
1497 857 1710 903 temporibus

163 912 296 949 dierum
312 924 353 950 ac
367 913 533 950 feriarum
549 913 609 949 illa
624 913 816 956 distinctim
838 911 923 949 adeo
945 915 986 948 ut
1006 923 1074 959 quo
1097 922 1190 948 anno
1212 922 1337 959 passus
1354 916 1407 948 est
1423 912 1578 949 Christus
1593 913 1710 949 Iudaei

163 981 208 1006 ex
222 970 435 1017 praescripta
448 969 599 1007 formula
612 969 741 1018 pascha
756 969 1007 1006 transtulerint.
1042 969 1333 1015 Antiquissimum
1348 968 1440 1005 hunc
1455 982 1586 1005 morem
1602 971 1711 1006 fuisse

163 1029 198 1062 et
212 1030 293 1063 ante
305 1026 561 1064 Seleucidarum
576 1030 734 1074 tempora
745 1033 922 1074 receptum
937 1025 1089 1065 defendit
1101 1025 1266 1072 Scaliger,
1289 1030 1325 1062 et
1339 1037 1399 1062 cur
1414 1027 1449 1062 id
1464 1028 1501 1062 in
1513 1027 1602 1063 Tisri
1614 1038 1710 1074 prae-

163 1084 282 1120 sertim
299 1084 520 1120 observatum
533 1084 597 1128 sit,
619 1093 778 1120 caussam
799 1094 876 1120 esse
896 1086 1012 1130 putat,
1034 1083 1200 1130 quoniam
1221 1093 1326 1129 aegre
1347 1087 1464 1120 coctos
1488 1084 1583 1119 cibos
1606 1085 1710 1120 biduo

163 1151 300 1177 servare
322 1145 465 1188 possent
486 1141 523 1176 in
545 1141 614 1177 illis
637 1140 859 1188 regionibus,
887 1150 977 1187 quse
1005 1145 1171 1176 sutumno
1194 1140 1467 1176 ferventissimae
1490 1152 1566 1176 esse
1589 1142 1711 1176 solent.

163 1196 259 1239 Quae
274 1198 362 1235 tatio
378 1198 482 1234 tacite
496 1197 532 1235 id
547 1197 654 1234 sumit
668 1197 761 1244 qnod
775 1197 843 1233 slio
859 1197 936 1233 loco
952 1197 1141 1234 refutatum
1156 1201 1226 1240 est,
1246 1197 1352 1233 nullis
1373 1198 1514 1233 omnino
1530 1198 1627 1233 festis
1643 1198 1711 1234 die-

163 1254 229 1289 bus
245 1254 375 1291 cibsira
390 1265 536 1302 coquere
549 1254 686 1292 Iudaeis
702 1254 756 1290 fas
770 1253 892 1291 fuisse.
936 1255 1011 1291 Hoc
1026 1265 1107 1290 vero
1130 1254 1172 1290 de
1193 1254 1277 1290 solis
1298 1254 1453 1290 sabbatis
1469 1259 1545 1298 sut,
1567 1256 1598 1291 si
1612 1255 1711 1299 forte,

162 1311 342 1358 Kippurim
358 1312 463 1349 etiam
477 1311 533 1348 die
547 1315 767 1359 praeceptum
782 1311 821 1349 iu
834 1311 913 1357 lege
925 1312 1034 1348 veteri
1045 1311 1356 1347 demonstravimus
1365 1338 1373 1354 ,
1389 1312 1426 1347 in
1442 1312 1583 1358 reliquis
1598 1313 1710 1348 solen·

163 1368 265 1404 nibus
281 1369 442 1405 servilem
456 1379 596 1416 operam
607 1368 776 1405 duntsxat
787 1372 987 1415 exceptam,
1003 1372 1041 1405 st
1054 1379 1144 1415 quse
1156 1368 1199 1404 sd
1210 1369 1340 1404 victum
1353 1369 1500 1404 attinent
1510 1370 1602 1405 licite
1613 1381 1710 1416 prae-

163 1435 315 1471 purssse.
359 1424 430 1462 Sed
449 1424 672 1464 nihilominus
691 1425 955 1463 translationem
971 1424 1227 1461 chsrscterismi
1241 1425 1332 1461 Tisri
1354 1426 1419 1462 sub
1440 1425 1630 1462 Seleucidis
1650 1428 1709 1462 ob-

163 1486 335 1519 servatam
355 1482 478 1530 probat
499 1483 560 1519 lib.
577 1495 633 1526 ιι,
654 1482 716 1518 ubi
737 1481 780 1519 de
800 1481 940 1529 periodo
963 1481 1170 1519 Iudaeorum
1191 1482 1409 1519 Alexandrea
1429 1482 1581 1527 disserit,
1608 1484 1711 1530 idque

164 1539 298 1586 aliquot
311 1539 480 1586 exemplis
494 1539 688 1576 confirmat.
719 1538 821 1577 Velut
837 1539 930 1586 quod
945 1549 1037 1575 anno
1053 1538 1245 1575 dominicae
1261 1539 1433 1586 passionis
1449 1540 1556 1584 Tisri,
1579 1552 1658 1577 cnm
1673 1542 1709 1576 in

164 1608 258 1633 xxxv.
275 1595 370 1643 Sept.
389 1595 477 1633 feria
490 1596 523 1632 4.
543 1596 736 1639 incidisset,
757 1596 795 1631 in
809 1596 968 1643 quintam
983 1596 1189 1633 translatum
1205 1600 1273 1639 est,
1293 1600 1475 1644 propterea
1497 1597 1590 1644 quod
1603 1597 1710 1633 Nissn

164 1654 201 1690 iu
214 1652 416 1696 sabbatum,
437 1652 503 1692 hoc
525 1656 581 1689 est
599 1663 622 1688 a.
637 1664 683 1689 vr.
698 1652 785 1689 feria
805 1653 843 1689 in
858 1664 920 1690 vri.
936 1653 1124 1689 transierit.
1153 1652 1244 1689 Nam
1259 1657 1333 1689 erat
1347 1662 1459 1691 annus
1474 1655 1710 1691 Alexandreus

163 1709 241 1747 344.
250 1735 262 1755 ,
283 1714 318 1746 et
337 1709 480 1757 proinde
495 1721 552 1746 ιι..
563 1709 701 1760 periodi
716 1722 748 1745 v.
794 1707 853 1746 Sic
874 1720 966 1746 anno
988 1709 1116 1746 Christi
1130 1722 1211 1747 Lxx.
1231 1712 1414 1747 neomenia
1435 1711 1543 1747 Nisan
1564 1723 1644 1748 cum
1665 1724 1711 1748 ex

164 1766 380 1803 Alexandreo
404 1767 499 1815 cyclo
522 1766 559 1802 in
579 1765 702 1802 feriam
716 1778 777 1810 vn.
798 1767 1014 1811 conveniret,
1036 1767 1072 1802 in
1087 1779 1112 1803 1.
1129 1767 1297 1803 translata
1315 1771 1379 1804 est.
1422 1768 1516 1816 Ergo
1537 1773 1571 1804 et
1585 1769 1675 1805 Tisri
1690 1780 1711 1804 a

163 1823 250 1859 feria
264 1835 310 1860 rv.
325 1822 362 1859 in
378 1836 410 1861 v.
427 1834 517 1860 enno
532 1821 763 1859 embolimaeo
779 1823 960 1862 defectivo.
1011 1822 1110 1866 Quod
1131 1828 1247 1860 autem
1267 1823 1377 1861 Nisan
1397 1825 1484 1861 feria
1503 1827 1616 1873 prims
1635 1837 1709 1862 coe·

163 1881 254 1927 perit
267 1891 311 1916 ex
328 1891 369 1916 eo
385 1879 517 1928 colligit
531 1880 624 1928 quod
639 1879 806 1928 Iosephus
823 1880 993 1916 decimum
1008 1885 1167 1928 quartum
1184 1881 1291 1916 Nisan
1307 1883 1511 1918 convenisse
1527 1882 1616 1919 dicat
1631 1894 1710 1919 cum

164 1949 236 1975 xxv.
252 1937 383 1975 mensis
397 1937 533 1974 Iuliani.
566 1937 650 1973 Erst
668 1948 782 1973 annus
801 1938 934 1984 primus
950 1949 998 1975 vx.
1012 1938 1144 1984 periodi
1165 1942 1419 1983 contractuum,
1442 1939 1532 1975 Tisri
1552 1952 1598 1976 vr.
1615 1940 1709 1988 Sept.

164 1994 250 2031 feria
263 2006 330 2040 rv.‚
344 1995 442 2041 cyclo
457 1994 540 2031 solis
556 2006 644 2031 xxix.
686 1994 868 2031 Translata
883 1994 1000 2041 itaque
1015 1995 1198 2031 neomenia
1212 1995 1249 2030 in
1265 2007 1297 2030 v.
1312 1995 1452 2040 feriam,
1474 2001 1510 2032 et
1528 2002 1710 2044 propterea

164 2050 273 2088 Nisan
286 2062 310 2087 a
325 2062 385 2087 vn.
400 2051 438 2087 in
451 2064 496 2094 1.,
512 2061 601 2099 quse
615 2050 690 2087 Kal.
703 2051 782 2098 Apr.
801 2052 978 2095 convenit,
995 2052 1093 2098 cyclo
1110 2052 1192 2088 solis
1208 2064 1310 2090 xxm.
1327 2053 1503 2089 traductus
1519 2058 1582 2089 est.

253 2108 381 2145 Verum
395 2108 433 2144 in
447 2112 592 2156 utreque
608 2108 897 2145 demonstratione
913 2109 968 2144 sui
983 2109 1105 2144 similis
1122 2115 1176 2145 est.
1189 2109 1356 2155 Scaliger,
1380 2115 1415 2145 et
1433 2110 1527 2146 adid
1542 2111 1634 2158 quod
1649 2112 1708 2147 du-

165 2165 263 2202 bium
275 2168 331 2202 est
342 2165 603 2213 approbandum
619 2165 725 2202 dubia
737 2166 853 2212 magis
867 2165 970 2201 affert
983 2171 1019 2201 et
1032 2166 1173 2203 incerta.
1207 2165 1291 2209 Quis
1307 2168 1399 2203 enim
1414 2167 1479 2203 hoc
1495 2169 1645 2214 primum
1658 2170 1709 2204 illi

165 2222 389 2266 concesserit,
409 2233 540 2259 annum
559 2233 634 2258 esse
656 2223 827 2269 passionis
847 2223 965 2265 illum,
989 2234 1093 2270 quem
1114 2224 1188 2270 ipse
1209 2224 1344 2267 statuit,
1365 2224 1537 2260 Iulianum
1553 2237 1708 2268 nxxvm„

165 2290 264 2317 aerae
278 2279 511 2326 Dionysiana
527 2282 676 2316 unm?
708 2279 798 2322 Quid
813 2280 845 2315 si
858 2284 1036 2327 praeterea
1049 2291 1094 2315 ne
1108 2280 1363 2316 Alexandream
1379 2281 1518 2328 quidem
1532 2282 1636 2317 istam
1650 2294 1707 2329 pe-

164 2335 300 2372 riodum
316 2335 432 2372 Iudaei
446 2347 601 2384 unquam
617 2336 770 2382 amplexi
785 2337 876 2372 sint?
897 2336 933 2371 id
955 2337 1046 2382 quod
1062 2342 1163 2372 untes
1179 2337 1417 2374 discussimus.
1466 2338 1578 2381 Quare
1592 2340 1647 2374 vel
1661 2340 1708 2376 le-

164 2393 309 2431 vissims
321 2393 533 2431 inficiatione
554 2393 802 2429 demonstratio
823 2393 1060 2440 Scaligeriana
1078 2395 1280 2430 convellitur
1301 2405 1414 2440 neque
1433 2395 1570 2441 proficit
1588 2395 1706 2433 hilum.

164 2449 285 2498 Neque
299 2461 380 2487 vero
395 2450 535 2488 solidior
551 2461 591 2486 ac
605 2450 737 2486 firmior
752 2453 808 2486 est
821 2450 947 2493 alters,
970 2461 1034 2486 nec
1056 2451 1172 2486 minus
1192 2451 1290 2486 falsis
1307 2455 1342 2486 et
1356 2451 1510 2487 obscuris
1525 2454 1709 2499 postulatis

164 2507 333 2545 innititur.
356 2506 446 2547 Num
457 2507 550 2555 quod
560 2505 745 2554 Iosephum
755 2507 804 2542 ait
815 2518 884 2543 xiv.
893 2506 1001 2543 Nisan
1013 2517 1093 2542 cum
1103 2508 1231 2554 Aprilis
1247 2519 1318 2544 xrv.
1335 2518 1426 2547 anno
1443 2509 1569 2545 excidii
1578 2510 1710 2547 Iudaici

166 2565 393 2612 coniungere,
407 2575 588 2612 nunquam
602 2563 637 2599 id
652 2561 818 2610 Iosephus
834 2562 937 2607 dixit,
953 2563 1014 2599 sed
1029 2574 1228 2610 azymorum
1244 2563 1335 2600 diem
1350 2576 1422 2601 nx.
1433 2565 1599 2602 Xanthici
1612 2578 1707 2604 men·

168 2622 215 2659 sis
235 2621 399 2658 accidisse
422 2621 522 2658 docet
542 2622 604 2658 lib.
618 2633 649 2656 v.
667 2620 708 2655 de
725 2619 808 2657 Exc.
826 2630 902 2667 cap.
914 2632 980 2656 ιω
1005 2619 1059 2655 καὶ
1081 2623 1136 2665 τῆς
1157 2622 1224 2655 τῶν
1239 2619 1389 2667 'Attium
1411 2619 1565 2667 ἐνστάσης
1586 2622 1706 2671 ἡμέρας

169 2677 490 2726 τεσσαρεςκαιδεκάτῃ
507 2678 668 2712 Ξανθικοῦ
685 2676 803 2722 μηνὸς,
826 2674 857 2710 ἐν
875 2671 896 2723 ᾖ
913 2676 1062 2711 δοκοῦσιν
1078 2675 1231 2710 Ἰουδαῖοι
1253 2677 1309 2710 τὸν
1333 2679 1463 2724 πρῶτον
1479 2678 1707 2728 ἀπαλλαγῆναι

171 2733 280 2781 καιρὸν
293 2733 488 2783 Αἰγυπτίων.
535 2733 751 2770 Xanthicum
770 2732 835 2768 hoc
855 2733 933 2769 loco
947 2732 1120 2768 Iulianum
1132 2734 1286 2780 Aprilem
1307 2745 1384 2771 esse
1399 2735 1528 2772 divinat
1543 2737 1705 2785 Scaliger,

172 2790 270 2836 qussi
287 2795 452 2839 perpetuo
467 2791 712 2828 Macedonicas
733 2790 810 2825 inas
831 2789 1004 2825 mensium
1026 2790 1272 2837 appellationes
1292 2791 1434 2828 Iulianis
1455 2795 1632 2831 mensibus
1653 2796 1705 2831 in·

171 2846 314 2891 cidariu,
325 2848 417 2894 quod
431 2853 485 2889 est
496 2849 735 2885 falsissimum.
777 2846 868 2882 Nam
881 2845 1076 2882 Xenthicus
1092 2858 1338 2894 saepenumero
1352 2849 1443 2886 idem
1459 2855 1512 2886 est
1525 2862 1565 2887 sc
1580 2851 1703 2896 Nisam

173 2907 212 2939 ut
224 2903 284 2939 lib·
295 2915 348 2942 m.
366 2903 459 2952 Orig-
475 2916 548 2953 cap.
562 2918 612 2942 x.:
629 2907 678 2951 τῷ
696 2903 730 2939 δὲ
747 2903 822 2950 μηνὶ
837 2906 886 2949 τῷ
903 2903 1071 2950 Ξανθικῷ,
1094 2902 1130 2944 ὃς
1145 2903 1265 2939 Νισσὰν
1281 2904 1359 2952 παρ’
1373 2905 1450 2953 ἡμῖν
1467 2907 1628 2955 καλεῖται,
1652 2909 1703 2943 καὶ

172 2962 231 2993 τοῦ
243 2957 332 3000 ἔτους
343 2958 426 2996 ἐστὶν
433 2960 530 3010 ἁρχὴ,
542 2958 864 3008 τεσσαρεςκαιὸεκάτῃ
874 2959 956 2994 κατὰ
965 2959 1110 3007 σελήνην,
1123 2959 1155 2995 ἐν
1168 2963 1248 3008 κριῷ
1256 2965 1314 2996 τοῦ
1322 2961 1414 3006 ἡλίου
1424 2965 1623 3006 καθεστῶτος
1636 2970 1701 3002 etc.

172 3015 301 3062 pascha
314 3017 478 3054 celebrari
490 3019 624 3063 scribit3
641 3018 733 3066 quod
749 3021 783 3054 et
798 3027 872 3064 cap.
889 3029 936 3055 rx.
955 3017 996 3053 de
1011 3028 1129 3053 mense
1145 3017 1287 3054 dixerat.

241 3084 325 3118 corp.
336 3085 500 3114 lisere-eol.
511 3088 560 3115 111.
1406 3088 1433 3125 L

1746 1265 1773 1290 ρ.
1788 1259 1843 1284 isi.
