2008 3294
321 200 391 236 XII

410 302 595 350 Αἰγυπτίων
617 313 652 336 τε
676 299 954 350 ὂκτοκαιδεκάτη]
991 303 1214 350 Longissima
1236 302 1279 338 de
1293 303 1544 350 Aegyptiorum
1567 302 1735 350 dynastiis
1758 303 1870 349 deque

321 360 491 406 Scaligeri
504 361 542 395 in
556 359 744 395 Eusebium
757 360 1025 407 intemperantia
1040 360 1226 406 disputatio
1242 359 1307 395 hoc
1322 361 1400 396 loco
1414 361 1550 396 institui
1563 362 1709 407 poterat.
1730 359 1820 395 Nam
1836 363 1871 395 et

320 417 377 452 hic
398 428 537 463 quoqne
556 417 738 463 proleptici
758 418 924 464 temporis
946 418 1329 463 commentitiarumque
1351 418 1588 463 dynastiamm
1609 415 1791 452 methodus
1811 427 1870 452 ve·

320 475 427 520 stigia
440 474 558 509 omnia
571 474 726 509 veritatis
739 475 951 520 permiscuit.
991 474 1059 510 Sed
1076 474 1415 510 animadversionum
1429 486 1495 510 nos
1510 474 1662 510 brevitas
1677 474 1788 509 libare
1800 474 1872 508 ista

319 531 441 566 leviter
461 531 627 566 admonet
645 541 760 578 neque
779 522 1016 567 vehementius
1040 532 1084 566 ad
1106 542 1165 566 eas
1187 532 1409 578 quaestiones
1428 532 1640 568 incumbere.
1683 530 1869 576 Dyuastias

319 588 571 634 Aegyptiorum
586 599 632 623 ex
646 587 856 624 Manethone
871 589 1053 624 Africanus
1077 599 1183 624 unam
1199 593 1234 623 et
1254 589 1399 635 triginta
1420 588 1722 631 commemoravit,
1746 587 1871 634 quibus

320 655 430 680 annos
443 645 602 692 assignat
609 644 710 681 5354.
726 645 780 681 Ab
791 657 832 681 eo
844 646 1098 681 diversissimus
1111 649 1166 681 est
1175 645 1348 681 Eusebius
1357 649 1431 682 tam
1441 647 1479 681 in
1491 646 1730 692 dynastiamm
1741 644 1872 687 ordine,

320 712 427 748 quam
445 702 484 737 in
506 713 676 738 annorum
697 712 845 740 summa.
889 703 1075 750 Propterea
1098 703 1215 739 odiose
1237 702 1414 738 hominem
1435 703 1626 738 insectatur
1647 702 1814 748 Scaliger,
1837 705 1873 736 et

319 758 541 794 Manethonis
563 759 732 806 dynastiis
754 761 916 796 omnibus
945 760 1144 807 explicatis,
1168 771 1288 796 earum
1311 763 1416 807 caput
1429 761 1520 795 ultra
1541 759 1662 795 mundi
1683 758 1872 805 primordia

318 815 526 863 longissime
540 820 731 863 promovet.
767 817 867 860 Quod
883 817 927 852 ad
942 817 1139 852 fabularum
1154 818 1352 852 institutum
1374 820 1624 864 opportunum,
1646 816 1690 851 ad
1709 815 1872 851 historiae

319 874 500 909 veritatem
513 873 750 920 indagandam
762 874 926 910 frivolum
942 885 982 909 ac
997 874 1182 910 ridiculum
1204 878 1266 910 est.
1302 873 1381 910 Non
1401 875 1495 910 enim
1515 873 1699 909 mediocris
1719 873 1872 920 ineptiae

321 934 390 974 est,
411 930 508 966 hisce
527 931 632 978 nugis
653 941 695 966 ac
710 931 907 978 quisquiliis
929 932 1046 966 locum
1060 932 1097 966 in
1112 931 1257 967 historia
1271 932 1565 978 chronologiaque
1580 931 1748 974 tribuere,
1767 933 1872 976 atque

320 988 512 1024 Eusebium
532 991 692 1035 proterea
714 989 869 1035 culpare,
901 989 994 1035 quod
1017 1000 1039 1024 a
1059 989 1229 1024 fabulosis
1252 989 1381 1024 deliriis
1405 989 1584 1025 abstinens
1607 991 1736 1023 certam
1756 984 1874 1022 inierit

320 1045 431 1088 viam,
452 1055 524 1092 qua
543 1045 631 1081 haec
645 1046 689 1080 ad
703 1045 883 1081 historiam
899 1046 1185 1082 accommodaret.
1201 1081 1203 1083 ,
1221 1045 1393 1088 Quoniam
1406 1045 1516 1093 igitur
1529 1045 1800 1092 Aegyptiorum,
1820 1044 1874 1079 uti

320 1102 492 1146 diximus,
513 1102 615 1138 initia
637 1103 885 1139 obscurissima
904 1107 1002 1146 sunt,
1022 1102 1146 1138 harum
1162 1103 1399 1150 dynastiarum
1413 1103 1605 1139 novissima
1618 1106 1776 1149 tempora
1789 1110 1873 1136 con-

321 1160 529 1203 sideremus,
552 1171 700 1206 quorum
720 1158 867 1196 historia
882 1159 1017 1203 certior,
1037 1165 1079 1195 ut
1094 1160 1241 1196 effusam
1256 1161 1454 1196 fabularum
1467 1161 1649 1196 lasciviam
1665 1159 1873 1206 quibusdam

319 1217 477 1252 terminis
493 1227 534 1252 ac
547 1218 717 1252 limitibus
733 1228 966 1254 coerceamus.
989 1217 1180 1264 Cambyses
1196 1229 1299 1261 anno,
1315 1221 1356 1253 ut
1370 1222 1470 1253 autor
1485 1221 1540 1253 est
1552 1217 1757 1260 Herodotus,
1772 1215 1874 1262 regni

322 1274 380 1309 sui
395 1275 518 1320 quinto
534 1274 751 1322 expugnavit
763 1274 979 1321 Aegyptum,
1000 1275 1106 1321 paulo
1121 1279 1203 1321 post
1215 1275 1390 1310 Amasidis
1407 1275 1552 1311 obitum.
1586 1274 1639 1309 Ad
1654 1274 1720 1309 hoc
1733 1277 1872 1320 tempus

320 1341 383 1365 sex
406 1335 442 1366 et
454 1331 582 1377 viginti
603 1331 783 1378 dynastiae
806 1332 851 1366 ab
865 1331 1027 1367 Africano
1049 1335 1285 1376 numerantur,
1307 1333 1390 1368 anni
1404 1331 1504 1368 5159.
1538 1331 1590 1367 De
1606 1330 1788 1377 Cambysis
1811 1341 1873 1366 ex-

319 1388 415 1423 ordio
437 1388 586 1423 dubitari
607 1399 679 1423 non
701 1391 832 1435 potest,
854 1399 935 1424 cum
956 1392 992 1423 et
1013 1399 1058 1424 ex
1079 1388 1237 1435 hystoria
1256 1394 1291 1424 et
1305 1399 1350 1424 ex
1367 1389 1606 1425 astronomicis
1623 1384 1871 1424 observationi-

318 1445 386 1480 bus
400 1445 492 1492 apud
505 1445 743 1480 Ptolemaeum
757 1445 986 1492 liquidissime
1001 1447 1146 1480 constet.
1181 1446 1350 1482 Convenit
1364 1450 1479 1482 autem
1495 1457 1585 1482 anuo
1601 1456 1674 1492 per.
1689 1445 1752 1480 Iul.
1767 1443 1869 1481 4185.

318 1501 411 1549 Ergo
426 1513 539 1537 annus
555 1502 630 1537 eius
645 1503 782 1549 imperii
797 1503 966 1548 septimus
982 1502 1096 1549 coepit
1110 1512 1201 1538 anno
1217 1502 1323 1546 4189,
1339 1512 1443 1550 quem
1459 1515 1535 1539 esse
1551 1503 1735 1539 definimus
1749 1501 1872 1539 mundi

318 1558 419 1594 3459.
441 1559 472 1594 A
487 1559 617 1595 diluvio
633 1559 678 1594 ad
692 1558 759 1595 hoc
771 1562 910 1606 tempus
925 1560 1007 1594 anni
1023 1559 1246 1595 decurrerunt
1260 1558 1357 1603 1803,
1373 1571 1443 1607 quo
1458 1561 1571 1607 spatio
1587 1558 1796 1596 continenda
1809 1559 1870 1605 dy·

318 1617 511 1652 nastiarum
531 1617 730 1659 intervalla,
754 1617 879 1663 quibus
902 1616 947 1651 ab
968 1620 1047 1652 ortu
1062 1617 1226 1652 Abraami
1248 1617 1292 1652 ad
1309 1616 1493 1664 Cambysis
1516 1618 1677 1664 quintum
1698 1615 1870 1651 Eusebius

318 1673 466 1720 imputat
479 1684 591 1710 annos
610 1673 706 1709 1491.
731 1673 800 1709 Sed
814 1673 987 1709 Abraamo
1003 1678 1167 1709 nascente
1181 1685 1252 1711 xvr.
1270 1673 1468 1720 dynastiam
1482 1674 1681 1710 inchoatam
1697 1673 1833 1717 scribit3
1849 1682 1872 1708 a

319 1741 387 1777 quo
398 1730 549 1766 discedit
562 1730 794 1778 Epiphanius,
818 1732 880 1778 qui
894 1743 983 1767 xvnr
1004 1732 1140 1778 posuit,
1161 1735 1202 1766 ut
1223 1731 1345 1767 eodem
1367 1736 1541 1779 tempore,
1564 1742 1632 1779 quo
1648 1731 1871 1777 Assyriorum

317 1787 522 1823 monarchia
536 1788 666 1835 coepit,
680 1788 873 1835 Aegyptios
888 1798 1056 1835 regnasse
1069 1789 1258 1824 dixerimus
1267 1816 1276 1832 ,
1293 1799 1373 1825 cum
1386 1789 1526 1825 illorum
1539 1787 1767 1836 primordium
1783 1788 1873 1824 circa

318 1856 450 1881 annum
464 1855 487 1880 a
501 1845 629 1880 diluvio
648 1844 722 1880 153.
737 1846 912 1889 inciderit,
934 1845 1096 1882 detractis
1116 1846 1262 1882 totidem
1277 1847 1378 1882 annis
1394 1847 1439 1882 ab
1453 1846 1653 1890 intervallo,
1677 1845 1770 1892 quod
1784 1846 1808 1880 a'
1819 1845 1871 1882 di-

317 1903 412 1938 luvio
427 1902 472 1937 ad
487 1902 649 1949 quintum
665 1902 849 1949 Cambysis
864 1903 1022 1950 elapsum
1037 1906 1108 1950 est,
1131 1904 1214 1939 anni
1234 1907 1440 1951 supererunt
1457 1903 1544 1939 1650
1558 1904 1603 1939 ab
1618 1903 1871 1950 Aegyptiorum

317 1960 416 1995 initio
432 1959 475 1994 ad
491 1959 688 2006 Cambysen
703 1970 813 2007 usque
829 1963 865 1995 et
878 1960 1061 1996 Persarum
1076 1961 1112 1996 in
1128 1961 1288 2008 Aegypto
1305 1961 1541 2004 dominatum,
1560 1971 1621 2007 per
1636 1959 1788 1995 Africani
1809 1959 1871 2006 dy-

317 2017 466 2062 nastias,
481 2017 513 2052 si
527 2017 640 2061 lubet,
656 2017 897 2064 dispensandi3
914 2017 1006 2064 quod
1021 2018 1174 2054 otiosum
1189 2029 1230 2054 ac
1245 2019 1522 2066 nugacissimum
1536 2022 1600 2054 est.
1627 2017 1680 2052 Ad
1695 2026 1870 2053 summam

318 2074 379 2120 qui
393 2074 686 2120 Aegyptiacarum
710 2074 886 2121 originum
906 2074 1087 2111 historiam
1107 2076 1355 2123 veritatemque
1378 2075 1543 2122 consequi
1563 2075 1693 2118 studet,
1715 2075 1871 2122 postula-

316 2130 412 2166 titias
428 2132 506 2166 illas
519 2131 688 2179 Scaligeri
699 2131 860 2179 periodos
875 2135 911 2167 et
926 2143 1065 2168 omnem
1077 2133 1314 2179 dynastiarum
1325 2143 1490 2180 pompam
1501 2132 1636 2168 reiiciat
1646 2142 1788 2168 necesse
1805 2135 1868 2176 est,

317 2198 358 2223 sc
373 2189 476 2224 certis
490 2200 528 2224 se
544 2199 714 2225 annorum
728 2189 919 2225 intervallis
933 2189 1137 2237 adstringat.

408 2244 449 2280 Oi
460 2245 496 2280 ix
508 2246 647 2281 Σικυῶνι
658 2245 694 2281 ei
707 2246 826 2294 μόνοι]
851 2246 905 2282 Ex
921 2247 1043 2283 eodem
1059 2247 1208 2284 Eusebio
1224 2248 1383 2295 sumpsit.
1409 2246 1478 2283 Sed
1492 2245 1559 2282 hoc
1574 2257 1697 2294 parum
1711 2246 1868 2290 fideliter,

317 2303 410 2349 quod
424 2304 576 2351 primum
591 2302 833 2350 Sicyoniorum
848 2313 967 2350 regem
982 2304 1068 2340 facit
1081 2303 1266 2351 Europem,
1281 2315 1361 2340 cum
1378 2305 1424 2340 sit
1438 2304 1530 2351 apud
1542 2304 1730 2339 Eusequm
1746 2312 1871 2340 secun-

317 2360 392 2395 dus.
435 2360 523 2396 Nam
538 2361 672 2408 primus
682 2364 742 2396 est
755 2361 957 2407 Aegiaieus,
979 2362 1039 2408 qui
1053 2362 1152 2397 annis
1168 2372 1219 2397 ιιι
1233 2362 1404 2408 regnavit.
1439 2361 1526 2397 Huic
1540 2361 1674 2408 Europe
1690 2362 1868 2405 successit,

316 2418 415 2453 cuius
432 2428 525 2454 auno
539 2429 617 2454 nn
630 2417 785 2453 nascitur
799 2418 1004 2454 Abrasmus.
1040 2418 1329 2465 Antiquissimum
1344 2418 1410 2454 hoc
1425 2419 1461 2454 in
1477 2418 1615 2466 Europa
1629 2429 1776 2465 regnum
1791 2418 1867 2455 luit.

317 2474 424 2510 Cuius
438 2476 475 2510 in
497 2475 598 2511 annis
619 2475 761 2511 minime
784 2479 923 2511 autores
946 2476 1176 2512 consentiunt.
1207 2476 1276 2512 Sed
1299 2485 1422 2523 parum
1445 2475 1630 2511 admodum
1653 2476 1725 2512 fere
1747 2485 1868 2513 omnes

317 2532 447 2567 absunt
468 2542 490 2567 a
512 2532 680 2576 millenis,
703 2536 790 2579 quot
803 2532 1032 2580 Apollodorus
1055 2533 1147 2580 apud
1167 2533 1355 2569 Eusebium
1378 2536 1545 2569 numerat.
1580 2533 1691 2569 Huius
1714 2534 1815 2581 regni
1836 2533 1868 2569 si

318 2589 454 2624 initium
470 2590 653 2637 explorare
668 2590 840 2634 volumus,
862 2590 994 2634 eadem,
1010 2600 1080 2637 qna
1094 2601 1211 2637 supra,
1225 2590 1400 2634 methodo,
1422 2590 1690 2626 considerandus
1707 2594 1760 2627 est
1773 2590 1862 2628 finis.

276 2688 281 2694 ,
318 2645 514 2682 Postremus
530 2646 773 2694 Sicyoniorum
788 2658 911 2694 regum
927 2648 1128 2695 Zeuxippus
1149 2647 1232 2691 suit,
1256 2648 1352 2683 cuius
1372 2650 1455 2695 post
1475 2647 1608 2683 obitum
1625 2648 1865 2695 Agamemnon

316 2713 462 2748 regnum
477 2704 562 2739 illud
577 2704 719 2740 invasitz
740 2705 791 2740 ita
812 2708 853 2740 ut
873 2704 1033 2752 deinceps
1049 2715 1149 2752 reges
1165 2705 1253 2741 nulli
1266 2705 1396 2753 proprii
1408 2704 1553 2748 inerint,
1576 2705 1636 2740 sed
1653 2705 1865 2741 sacerdotes:

318 2761 457 2795 tametsi
473 2766 551 2807 post
566 2761 785 2809 Zeuxippum
801 2761 988 2797 Pausanias
1002 2762 1228 2809 Hippolytum
1243 2760 1408 2808 regnasse
1427 2762 1562 2805 scribit,
1584 2772 1652 2809 quo
1674 2763 1866 2809 imperante

317 2816 492 2863 Sicyoniis
507 2819 638 2864 potitus
652 2823 707 2854 est
721 2818 973 2866 Agamemnon.
1009 2819 1114 2855 Addit
1135 2823 1171 2855 et
1184 2817 1410 2855 Laoestadem
1430 2828 1567 2865 regem,
1587 2820 1653 2854 sub
1670 2830 1738 2866 quo
1760 2829 1782 2855 a
1796 2819 1865 2856 Do-

318 2873 489 2909 riensibus
504 2875 659 2921 Sicyonii
673 2876 808 2912 subacti
824 2880 916 2912 sunt.
951 2875 1097 2913 Constat
1116 2877 1223 2924 igitur
1241 2875 1489 2924 propemodum
1513 2876 1577 2911 sub
1593 2876 1780 2913 Troianum
1804 2886 1865 2913 ex-

317 2930 445 2967 cidium
461 2932 701 2978 Sicyoniorum
722 2933 866 2969 desiisse
885 2942 1044 2980 regnum.
1080 2932 1232 2982 Tempus
1255 2931 1409 2974 ἁλώσεως
1425 2932 1594 2969 Troianae
1617 2943 1729 2969 annus
1753 2937 1806 2970 est
1827 2934 1863 2970 in

317 2998 388 3035 per.
404 2988 466 3024 lul.
480 2988 592 3030 8280..
608 2989 726 3025 mundi
739 2989 850 3033 ww„
866 2994 946 3038 post
960 2990 1127 3027 diluvium
1144 2991 1239 3027 1144.
1263 2989 1376 3033 Quare
1391 3000 1471 3026 cum
1484 2990 1724 3038 Agamemnon
1742 3003 1788 3027 xv
1803 3001 1863 3027 an·

318 3057 381 3081 uos
397 3046 606 3092 regnaverit,
629 3057 672 3082 ex
690 3048 815 3093 quibus
833 3060 853 3083 x
870 3048 1039 3084 'l'roiauae
1056 3048 1227 3084 obsidioni
1241 3047 1444 3094 decerpendi
1460 3050 1558 3091 sunt,
1575 3047 1726 3095 quinque
1742 3049 1862 3095 primis
1902 3076 1905 3078 -
