<?xml version="1.0" encoding="UTF-8"?>
<!DOCTYPE html PUBLIC "-//W3C//DTD XHTML 1.0 Transitional//EN"
    "http://www.w3.org/TR/xhtml1/DTD/xhtml1-transitional.dtd">
<html xmlns="http://www.w3.org/1999/xhtml" xml:lang="en" lang="en">
 <head>
  <title>
</title>
<meta http-equiv="Content-Type" content="text/html;charset=utf-8" />
  <meta name='ocr-system' content='tesseract 3.04.00' />
  <meta name='ocr-capabilities' content='ocr_page ocr_carea ocr_par ocr_line ocrx_word'/>
</head>
<body>
  <div class='ocr_page' id='page_1' title='image "./corporishaereseo03epip_0387.png"; bbox 0 0 2008 3294; ppageno 0'>
   <div class='ocr_carea' id='block_1_1' title="bbox 1544 193 1679 231">
    <p class='ocr_par' dir='ltr' id='par_1_1' title="bbox 1544 193 1679 231">
     <span class='ocr_line' id='line_1_1' title="bbox 1544 193 1679 231; baseline 0.007 -1"><span class='ocrx_word' id='word_1_1' title='bbox 1544 193 1679 231; x_wconf 79' lang='lat' dir='ltr'><strong>ccmx</strong></span> 
     </span>
    </p>
   </div>
   <div class='ocr_carea' id='block_1_2' title="bbox 128 294 1818 800">
    <p class='ocr_par' dir='ltr' id='par_1_2' title="bbox 128 294 1818 800">
     <span class='ocr_line' id='line_1_2' title="bbox 131 294 1818 345; baseline -0.002 -12"><span class='ocrx_word' id='word_1_2' title='bbox 131 297 304 341; x_wconf 77' lang='lat' dir='ltr'><strong>inciderit,</strong></span> <span class='ocrx_word' id='word_1_3' title='bbox 316 297 482 345; x_wconf 70' lang='lat' dir='ltr'><strong>postridie</strong></span> <span class='ocrx_word' id='word_1_4' title='bbox 498 296 748 344; x_wconf 81' lang='lat' dir='ltr'>xerophagiam</span> <span class='ocrx_word' id='word_1_5' title='bbox 765 294 983 333; x_wconf 78' lang='lat' dir='ltr'><strong>inchoabant.</strong></span> <span class='ocrx_word' id='word_1_6' title='bbox 1010 296 1051 332; x_wconf 91' lang='lat' dir='ltr'><strong>In</strong></span> <span class='ocrx_word' id='word_1_7' title='bbox 1067 296 1523 334; x_wconf 84' lang='lat' dir='ltr'><strong>Tessarescaedecatitarum</strong></span> <span class='ocrx_word' id='word_1_8' title='bbox 1538 296 1684 341; x_wconf 84' lang='lat' dir='ltr'><strong>haeresi,</strong></span> <span class='ocrx_word' id='word_1_9' title='bbox 1720 312 1748 337; x_wconf 73' lang='lat' dir='ltr'><strong>p.</strong></span> <span class='ocrx_word' id='word_1_10' title='bbox 1760 303 1818 331; x_wconf 71' lang='lat'><strong>296.</strong></span> 
     </span>
     <span class='ocr_line' id='line_1_3' title="bbox 131 353 1683 401; baseline 0 -11"><span class='ocrx_word' id='word_1_11' title='bbox 131 365 220 401; x_wconf 79' lang='lat' dir='ltr'><strong>quae</strong></span> <span class='ocrx_word' id='word_1_12' title='bbox 235 358 291 390; x_wconf 82' lang='lat' dir='ltr'><strong>est</strong></span> <span class='ocrx_word' id='word_1_13' title='bbox 304 354 606 401; x_wconf 80' lang='lat' dir='ltr'><strong>quinquagesima,</strong></span> <span class='ocrx_word' id='word_1_14' title='bbox 623 365 719 391; x_wconf 87' lang='lat' dir='ltr'><strong>num.</strong></span> <span class='ocrx_word' id='word_1_15' title='bbox 733 367 772 390; x_wconf 50' lang='grc' dir='ltr'><strong>ιιι</strong></span> <span class='ocrx_word' id='word_1_16' title='bbox 788 354 831 390; x_wconf 82' lang='lat' dir='ltr'><strong>de</strong></span> <span class='ocrx_word' id='word_1_17' title='bbox 845 353 966 389; x_wconf 81' lang='lat' dir='ltr'><strong>diebus</strong></span> <span class='ocrx_word' id='word_1_18' title='bbox 983 354 1057 400; x_wconf 84' lang='lat' dir='ltr'><strong>agit</strong></span> <span class='ocrx_word' id='word_1_19' title='bbox 1072 366 1160 400; x_wconf 82' lang='lat' dir='ltr'><strong>quos</strong></span> <span class='ocrx_word' id='word_1_20' title='bbox 1177 358 1257 390; x_wconf 86' lang='lat' dir='ltr'><strong>ante</strong></span> <span class='ocrx_word' id='word_1_21' title='bbox 1269 353 1444 401; x_wconf 83' lang='lat' dir='ltr'><strong>paschatis</strong></span> <span class='ocrx_word' id='word_1_22' title='bbox 1456 355 1598 391; x_wconf 85' lang='lat' dir='ltr'><strong>solenne</strong></span> <span class='ocrx_word' id='word_1_23' title='bbox 1611 359 1683 390; x_wconf 83' lang='lat' dir='ltr'><strong>tam</strong></span> 
     </span>
     <span class='ocr_line' id='line_1_4' title="bbox 130 409 1685 458; baseline 0.001 -12"><span class='ocrx_word' id='word_1_24' title='bbox 130 411 249 447; x_wconf 84' lang='lat' dir='ltr'><strong>Iudaei</strong></span> <span class='ocrx_word' id='word_1_25' title='bbox 263 422 368 458; x_wconf 82' lang='lat' dir='ltr'><strong>quam</strong></span> <span class='ocrx_word' id='word_1_26' title='bbox 385 410 570 446; x_wconf 82' lang='lat' dir='ltr'><strong>Christiani</strong></span> <span class='ocrx_word' id='word_1_27' title='bbox 585 412 823 448; x_wconf 65' lang='lat' dir='ltr'><strong>celebrabant.</strong></span> <span class='ocrx_word' id='word_1_28' title='bbox 846 409 1079 457; x_wconf 84' lang='lat' dir='ltr'><strong>Reprehendit</strong></span> <span class='ocrx_word' id='word_1_29' title='bbox 1095 412 1186 446; x_wconf 88' lang='lat' dir='ltr'><strong>enim</strong></span> <span class='ocrx_word' id='word_1_30' title='bbox 1202 411 1410 454; x_wconf 85' lang='lat' dir='ltr'><strong>haereticos,</strong></span> <span class='ocrx_word' id='word_1_31' title='bbox 1434 412 1495 458; x_wconf 91' lang='lat' dir='ltr'><strong>qui</strong></span> <span class='ocrx_word' id='word_1_32' title='bbox 1516 412 1561 447; x_wconf 88' lang='lat' dir='ltr'><strong>ad</strong></span> <span class='ocrx_word' id='word_1_33' title='bbox 1577 423 1685 448; x_wconf 90' lang='lat' dir='ltr'><strong>unum</strong></span> 
     </span>
     <span class='ocr_line' id='line_1_5' title="bbox 130 467 1684 516; baseline 0 -12"><span class='ocrx_word' id='word_1_34' title='bbox 130 468 222 504; x_wconf 86' lang='lat' dir='ltr'><strong>diem</strong></span> <span class='ocrx_word' id='word_1_35' title='bbox 237 471 434 516; x_wconf 82' lang='lat' dir='ltr'><strong>respectum</strong></span> <span class='ocrx_word' id='word_1_36' title='bbox 448 467 631 511; x_wconf 85' lang='lat' dir='ltr'><strong>haberent,</strong></span> <span class='ocrx_word' id='word_1_37' title='bbox 648 479 729 504; x_wconf 90' lang='lat' dir='ltr'><strong>cum</strong></span> <span class='ocrx_word' id='word_1_38' title='bbox 744 479 766 503; x_wconf 87' lang='lat' dir='ltr'><strong>a</strong></span> <span class='ocrx_word' id='word_1_39' title='bbox 781 467 914 504; x_wconf 79' lang='lat' dir='ltr'><strong>decimo</strong></span> <span class='ocrx_word' id='word_1_40' title='bbox 930 467 985 503; x_wconf 86' lang='lat' dir='ltr'><strong>die</strong></span> <span class='ocrx_word' id='word_1_41' title='bbox 1001 478 1133 513; x_wconf 82' lang='lat' dir='ltr'><strong>agnum</strong></span> <span class='ocrx_word' id='word_1_42' title='bbox 1145 468 1251 515; x_wconf 80' lang='lat' dir='ltr'>deligi</span> <span class='ocrx_word' id='word_1_43' title='bbox 1261 469 1501 516; x_wconf 85' lang='lat' dir='ltr'><strong>asservariqne</strong></span> <span class='ocrx_word' id='word_1_44' title='bbox 1513 469 1572 504; x_wconf 90' lang='lat' dir='ltr'><strong>lex</strong></span> <span class='ocrx_word' id='word_1_45' title='bbox 1586 479 1684 516; x_wconf 81' lang='lat' dir='ltr'><strong>prae-</strong></span> 
     </span>
     <span class='ocr_line' id='line_1_6' title="bbox 129 524 1684 574; baseline 0.001 -14"><span class='ocrx_word' id='word_1_46' title='bbox 129 526 267 574; x_wconf 77' lang='lat' dir='ltr'><strong>ceperit.</strong></span> <span class='ocrx_word' id='word_1_47' title='bbox 299 525 395 561; x_wconf 88' lang='lat' dir='ltr'><strong>Unde</strong></span> <span class='ocrx_word' id='word_1_48' title='bbox 412 525 564 571; x_wconf 88' lang='lat' dir='ltr'><strong>quinque</strong></span> <span class='ocrx_word' id='word_1_49' title='bbox 580 525 624 560; x_wconf 89' lang='lat' dir='ltr'><strong>ab</strong></span> <span class='ocrx_word' id='word_1_50' title='bbox 639 525 708 560; x_wconf 88' lang='lat' dir='ltr'><strong>illis</strong></span> <span class='ocrx_word' id='word_1_51' title='bbox 725 524 989 560; x_wconf 68' lang='lat' dir='ltr'><strong>dies—observari</strong></span> <span class='ocrx_word' id='word_1_52' title='bbox 1004 524 1202 560; x_wconf 78' lang='lat' dir='ltr'>debuerant.</span> <span class='ocrx_word' id='word_1_53' title='bbox 1247 525 1298 560; x_wconf 89' lang='lat' dir='ltr'><strong>De</strong></span> <span class='ocrx_word' id='word_1_54' title='bbox 1314 525 1448 561; x_wconf 86' lang='lat' dir='ltr'><strong>Iudaeis</strong></span> <span class='ocrx_word' id='word_1_55' title='bbox 1464 527 1558 562; x_wconf 88' lang='lat' dir='ltr'><strong>enim</strong></span> <span class='ocrx_word' id='word_1_56' title='bbox 1573 537 1614 561; x_wconf 86' lang='lat' dir='ltr'><strong>ac</strong></span> <span class='ocrx_word' id='word_1_57' title='bbox 1630 526 1684 561; x_wconf 85' lang='lat' dir='ltr'><strong>Iu·</strong></span> 
     </span>
     <span class='ocr_line' id='line_1_7' title="bbox 131 581 1684 630; baseline 0.001 -13"><span class='ocrx_word' id='word_1_58' title='bbox 131 583 344 618; x_wconf 78' lang='lat' dir='ltr'><strong>daizantibus</strong></span> <span class='ocrx_word' id='word_1_59' title='bbox 361 581 680 624; x_wconf 83' lang='lat' dir='ltr'><strong>Quartadecimanis</strong></span> <span class='ocrx_word' id='word_1_60' title='bbox 695 583 859 629; x_wconf 79' lang='lat' dir='ltr'><strong>loquitur.</strong></span> <span class='ocrx_word' id='word_1_61' title='bbox 905 581 1011 617; x_wconf 87' lang='lat' dir='ltr'><strong>Porro</strong></span> <span class='ocrx_word' id='word_1_62' title='bbox 1034 581 1153 617; x_wconf 80' lang='lat' dir='ltr'><strong>Iudaei</strong></span> <span class='ocrx_word' id='word_1_63' title='bbox 1173 593 1255 617; x_wconf 86' lang='lat' dir='ltr'><strong>cum</strong></span> <span class='ocrx_word' id='word_1_64' title='bbox 1277 583 1412 618; x_wconf 87' lang='lat' dir='ltr'><strong>decima</strong></span> <span class='ocrx_word' id='word_1_65' title='bbox 1431 587 1555 630; x_wconf 83' lang='lat' dir='ltr'><strong>quarta</strong></span> <span class='ocrx_word' id='word_1_66' title='bbox 1571 583 1626 619; x_wconf 89' lang='lat' dir='ltr'><strong>die</strong></span> <span class='ocrx_word' id='word_1_67' title='bbox 1641 583 1684 619; x_wconf 83' lang='lat' dir='ltr'><strong>sd</strong></span> 
     </span>
     <span class='ocr_line' id='line_1_8' title="bbox 129 638 1686 687; baseline 0 -12"><span class='ocrx_word' id='word_1_68' title='bbox 129 651 310 687; x_wconf 78' lang='lat' dir='ltr'><strong>vesperam</strong></span> <span class='ocrx_word' id='word_1_69' title='bbox 330 638 460 686; x_wconf 83' lang='lat' dir='ltr'><strong>pascha</strong></span> <span class='ocrx_word' id='word_1_70' title='bbox 480 643 686 686; x_wconf 78' lang='lat' dir='ltr'><strong>peragerent</strong></span> <span class='ocrx_word' id='word_1_71' title='bbox 706 643 744 675; x_wconf 88' lang='lat' dir='ltr'><strong>et</strong></span> <span class='ocrx_word' id='word_1_72' title='bbox 764 639 897 675; x_wconf 71' lang='lat' dir='ltr'><strong>decima</strong></span> <span class='ocrx_word' id='word_1_73' title='bbox 914 639 975 675; x_wconf 62' lang='lat' dir='ltr'><strong>&gt;die</strong></span> <span class='ocrx_word' id='word_1_74' title='bbox 996 649 1130 685; x_wconf 87' lang='lat' dir='ltr'><strong>agnum</strong></span> <span class='ocrx_word' id='word_1_75' title='bbox 1145 643 1324 685; x_wconf 80' lang='lat' dir='ltr'><strong>caperent,</strong></span> <span class='ocrx_word' id='word_1_76' title='bbox 1347 652 1370 673; x_wconf 89' lang='lat' dir='ltr'>v</span> <span class='ocrx_word' id='word_1_77' title='bbox 1386 640 1516 676; x_wconf 84' lang='lat' dir='ltr'><strong>solidos</strong></span> <span class='ocrx_word' id='word_1_78' title='bbox 1538 641 1610 675; x_wconf 82' lang='lat' dir='ltr'><strong>dies</strong></span> <span class='ocrx_word' id='word_1_79' title='bbox 1633 651 1686 675; x_wconf 89' lang='lat' dir='ltr'><strong>re-</strong></span> 
     </span>
     <span class='ocr_line' id='line_1_9' title="bbox 128 695 1684 744; baseline 0 -12"><span class='ocrx_word' id='word_1_80' title='bbox 128 697 253 743; x_wconf 81' lang='lat' dir='ltr'><strong>ligioni</strong></span> <span class='ocrx_word' id='word_1_81' title='bbox 272 696 449 744; x_wconf 83' lang='lat' dir='ltr'><strong>paschatis</strong></span> <span class='ocrx_word' id='word_1_82' title='bbox 471 697 719 733; x_wconf 69' lang='lat' dir='ltr'><strong>attribuebant.</strong></span> <span class='ocrx_word' id='word_1_83' title='bbox 763 695 837 733; x_wconf 91' lang='lat' dir='ltr'><strong>Imo</strong></span> <span class='ocrx_word' id='word_1_84' title='bbox 853 707 934 733; x_wconf 72' lang='lat' dir='ltr'><strong>vero</strong></span> <span class='ocrx_word' id='word_1_85' title='bbox 956 707 1037 732; x_wconf 89' lang='lat' dir='ltr'><strong>cum</strong></span> <span class='ocrx_word' id='word_1_86' title='bbox 1053 701 1203 731; x_wconf 86' lang='lat' dir='ltr'><strong>exeunte</strong></span> <span class='ocrx_word' id='word_1_87' title='bbox 1220 709 1290 733; x_wconf 77' lang='lat' dir='ltr'><strong>xxv.</strong></span> <span class='ocrx_word' id='word_1_88' title='bbox 1308 707 1440 743; x_wconf 86' lang='lat' dir='ltr'><strong>agnum</strong></span> <span class='ocrx_word' id='word_1_89' title='bbox 1455 698 1684 740; x_wconf 75' lang='lat' dir='ltr'><strong>immolarent,</strong></span> 
     </span>
     <span class='ocr_line' id='line_1_10' title="bbox 129 753 1685 800; baseline 0 -11"><span class='ocrx_word' id='word_1_90' title='bbox 129 753 270 790; x_wconf 84' lang='lat' dir='ltr'><strong>ineunte</strong></span> <span class='ocrx_word' id='word_1_91' title='bbox 285 765 432 800; x_wconf 81' lang='lat' dir='ltr'><strong>vespera</strong></span> <span class='ocrx_word' id='word_1_92' title='bbox 447 766 503 789; x_wconf 86' lang='lat' dir='ltr'><strong>xv.</strong></span> <span class='ocrx_word' id='word_1_93' title='bbox 518 753 622 789; x_wconf 85' lang='lat' dir='ltr'><strong>huius</strong></span> <span class='ocrx_word' id='word_1_94' title='bbox 638 753 703 790; x_wconf 88' lang='lat' dir='ltr'><strong>hoc</strong></span> <span class='ocrx_word' id='word_1_95' title='bbox 719 758 774 790; x_wconf 86' lang='lat' dir='ltr'><strong>est</strong></span> <span class='ocrx_word' id='word_1_96' title='bbox 783 765 842 789; x_wconf 83' lang='lat' dir='ltr'><strong>xv.</strong></span> <span class='ocrx_word' id='word_1_97' title='bbox 857 757 991 800; x_wconf 84' lang='lat' dir='ltr'><strong>partem</strong></span> <span class='ocrx_word' id='word_1_98' title='bbox 1001 753 1180 795; x_wconf 76' lang='lat' dir='ltr'><strong>1ibabant,</strong></span> <span class='ocrx_word' id='word_1_99' title='bbox 1205 754 1360 800; x_wconf 79' lang='lat' dir='ltr'><strong>adeoque</strong></span> <span class='ocrx_word' id='word_1_100' title='bbox 1375 767 1412 790; x_wconf 87' lang='lat' dir='ltr'><strong>vr</strong></span> <span class='ocrx_word' id='word_1_101' title='bbox 1428 754 1502 789; x_wconf 88' lang='lat' dir='ltr'><strong>dies</strong></span> <span class='ocrx_word' id='word_1_102' title='bbox 1524 755 1685 790; x_wconf 82' lang='lat' dir='ltr'><strong>observa·</strong></span> 
     </span>
    </p>
   </div>
   <div class='ocr_carea' id='block_1_3' title="bbox 75 810 1685 857">
    <p class='ocr_par' dir='ltr' id='par_1_3' title="bbox 75 810 1685 857">
     <span class='ocr_line' id='line_1_11' title="bbox 75 810 1685 857; baseline 0 -11"><span class='ocrx_word' id='word_1_103' title='bbox 75 835 79 840; x_wconf 80' lang='lat'><em>,</em></span> <span class='ocrx_word' id='word_1_104' title='bbox 130 810 229 854; x_wconf 80' lang='lat' dir='ltr'><strong>bant,</strong></span> <span class='ocrx_word' id='word_1_105' title='bbox 243 822 316 846; x_wconf 90' lang='lat' dir='ltr'><strong>non</strong></span> <span class='ocrx_word' id='word_1_106' title='bbox 331 821 437 848; x_wconf 87' lang='lat' dir='ltr'><strong>unam</strong></span> <span class='ocrx_word' id='word_1_107' title='bbox 449 810 629 848; x_wconf 85' lang='lat' dir='ltr'><strong>duntaxat.</strong></span> <span class='ocrx_word' id='word_1_108' title='bbox 655 810 768 854; x_wconf 91' lang='lat' dir='ltr'><strong>Quare</strong></span> <span class='ocrx_word' id='word_1_109' title='bbox 782 821 847 846; x_wconf 86' lang='lat' dir='ltr'><strong>nos</strong></span> <span class='ocrx_word' id='word_1_110' title='bbox 863 821 904 846; x_wconf 90' lang='lat' dir='ltr'><strong>eo</strong></span> <span class='ocrx_word' id='word_1_111' title='bbox 919 811 1013 854; x_wconf 89' lang='lat' dir='ltr'><strong>loco,</strong></span> <span class='ocrx_word' id='word_1_112' title='bbox 1030 810 1065 845; x_wconf 86' lang='lat' dir='ltr'><strong>id</strong></span> <span class='ocrx_word' id='word_1_113' title='bbox 1081 814 1134 846; x_wconf 83' lang='lat' dir='ltr'><strong>est</strong></span> <span class='ocrx_word' id='word_1_114' title='bbox 1149 821 1230 857; x_wconf 86' lang='lat' dir='ltr'><strong>pag.</strong></span> <span class='ocrx_word' id='word_1_115' title='bbox 1245 810 1322 846; x_wconf 79' lang='lat'><strong>421.</strong></span> <span class='ocrx_word' id='word_1_116' title='bbox 1340 823 1373 853; x_wconf 89' lang='lat' dir='ltr'><strong>v,</strong></span> <span class='ocrx_word' id='word_1_117' title='bbox 1391 811 1422 847; x_wconf 78' lang='lat'><strong>2.</strong></span> <span class='ocrx_word' id='word_1_118' title='bbox 1438 810 1458 855; x_wconf 81' lang='grc' dir='ltr'>ἡ</span> <span class='ocrx_word' id='word_1_119' title='bbox 1477 810 1558 855; x_wconf 84' lang='grc' dir='ltr'><strong>αὐτὴ</strong></span> <span class='ocrx_word' id='word_1_120' title='bbox 1575 823 1685 846; x_wconf 81' lang='grc' dir='ltr'><strong>πεντε-</strong></span> 
     </span>
    </p>
   </div>
   <div class='ocr_carea' id='block_1_4' title="bbox 127 865 1812 3084">
    <p class='ocr_par' dir='ltr' id='par_1_4' title="bbox 129 865 1685 972">
     <span class='ocr_line' id='line_1_12' title="bbox 129 865 1685 916; baseline 0.001 -13"><span class='ocrx_word' id='word_1_121' title='bbox 129 866 301 911; x_wconf 66' lang='grc' dir='ltr'><strong>καιδεκάτη</strong></span> <span class='ocrx_word' id='word_1_122' title='bbox 314 866 546 913; x_wconf 79' lang='grc' dir='ltr'><strong>ἐπιφώσκουσα</strong></span> <span class='ocrx_word' id='word_1_123' title='bbox 557 879 619 916; x_wconf 88' lang='lat' dir='ltr'><strong>pro</strong></span> <span class='ocrx_word' id='word_1_124' title='bbox 632 865 955 915; x_wconf 75' lang='grc' dir='ltr'><strong>τεσσαρεςκαιδεκάτη</strong></span> <span class='ocrx_word' id='word_1_125' title='bbox 972 867 1230 904; x_wconf 82' lang='lat' dir='ltr'><strong>rescribendum</strong></span> <span class='ocrx_word' id='word_1_126' title='bbox 1242 871 1417 914; x_wconf 79' lang='lat' dir='ltr'><strong>putamus.</strong></span> <span class='ocrx_word' id='word_1_127' title='bbox 1441 868 1552 910; x_wconf 88' lang='lat' dir='ltr'><strong>Quam</strong></span> <span class='ocrx_word' id='word_1_128' title='bbox 1568 880 1685 904; x_wconf 90' lang='lat' dir='ltr'><strong>emen·</strong></span> 
     </span>
     <span class='ocr_line' id='line_1_13' title="bbox 130 923 1157 972; baseline -0.002 -11"><span class='ocrx_word' id='word_1_129' title='bbox 130 923 305 961; x_wconf 77' lang='lat' dir='ltr'><strong>dationem</strong></span> <span class='ocrx_word' id='word_1_130' title='bbox 320 925 517 960; x_wconf 82' lang='lat' dir='ltr'><strong>sententia</strong></span> <span class='ocrx_word' id='word_1_131' title='bbox 506 936 584 972; x_wconf 77' lang='lat' dir='ltr'><strong>ipss</strong></span> <span class='ocrx_word' id='word_1_132' title='bbox 597 925 760 972; x_wconf 81' lang='lat' dir='ltr'><strong>postulat.</strong></span> <span class='ocrx_word' id='word_1_133' title='bbox 1154 942 1157 945; x_wconf 91' lang='lat'>·</span> 
     </span>
    </p>

    <p class='ocr_par' dir='ltr' id='par_1_5' title="bbox 127 980 1812 3084">
     <span class='ocr_line' id='line_1_14' title="bbox 220 980 1685 1029; baseline 0.001 -12"><span class='ocrx_word' id='word_1_134' title='bbox 220 980 305 1018; x_wconf 77' lang='grc' dir='ltr'><strong>Οὔτε</strong></span> <span class='ocrx_word' id='word_1_135' title='bbox 321 980 387 1029; x_wconf 78' lang='grc' dir='ltr'><strong>γὰρ</strong></span> <span class='ocrx_word' id='word_1_136' title='bbox 399 981 434 1023; x_wconf 72' lang='grc' dir='ltr'><strong>ἐξ</strong></span> <span class='ocrx_word' id='word_1_137' title='bbox 449 980 702 1027; x_wconf 54' lang='grc' dir='ltr'><strong>ἑκκαιδεκάτης]</strong></span> <span class='ocrx_word' id='word_1_138' title='bbox 742 983 895 1018; x_wconf 80' lang='lat' dir='ltr'><strong>Multum</strong></span> <span class='ocrx_word' id='word_1_139' title='bbox 917 982 1114 1029; x_wconf 85' lang='lat' dir='ltr'><strong>implicatus</strong></span> <span class='ocrx_word' id='word_1_140' title='bbox 1137 993 1178 1018; x_wconf 84' lang='lat' dir='ltr'><strong>ac</strong></span> <span class='ocrx_word' id='word_1_141' title='bbox 1194 983 1400 1021; x_wconf 82' lang='lat' dir='ltr'><strong>salebrosas</strong></span> <span class='ocrx_word' id='word_1_142' title='bbox 1422 982 1478 1018; x_wconf 89' lang='lat' dir='ltr'><strong>hic</strong></span> <span class='ocrx_word' id='word_1_143' title='bbox 1499 984 1598 1018; x_wconf 88' lang='lat' dir='ltr'><strong>locus</strong></span> <span class='ocrx_word' id='word_1_144' title='bbox 1621 987 1685 1026; x_wconf 88' lang='lat' dir='ltr'><strong>est,</strong></span> 
     </span>
     <span class='ocr_line' id='line_1_15' title="bbox 130 1038 1685 1086; baseline 0.001 -12"><span class='ocrx_word' id='word_1_145' title='bbox 130 1038 320 1084; x_wconf 75' lang='lat' dir='ltr'><strong>quinetiam</strong></span> <span class='ocrx_word' id='word_1_146' title='bbox 343 1039 511 1086; x_wconf 75' lang='lat' dir='ltr'><strong>superiori</strong></span> <span class='ocrx_word' id='word_1_147' title='bbox 533 1039 709 1075; x_wconf 82' lang='lat' dir='ltr'><strong>doctrinae</strong></span> <span class='ocrx_word' id='word_1_148' title='bbox 724 1040 869 1075; x_wconf 87' lang='lat' dir='ltr'><strong>minime</strong></span> <span class='ocrx_word' id='word_1_149' title='bbox 884 1042 1138 1075; x_wconf 83' lang='lat' dir='ltr'><strong>consentaneus</strong></span> <span class='ocrx_word' id='word_1_150' title='bbox 1154 1040 1305 1082; x_wconf 53' lang='lat' dir='ltr'><strong>videtum</strong></span> <span class='ocrx_word' id='word_1_151' title='bbox 1328 1050 1397 1086; x_wconf 90' lang='lat' dir='ltr'><strong>qua</strong></span> <span class='ocrx_word' id='word_1_152' title='bbox 1418 1039 1599 1075; x_wconf 88' lang='lat' dir='ltr'><strong>definitum</strong></span> <span class='ocrx_word' id='word_1_153' title='bbox 1621 1044 1685 1083; x_wconf 88' lang='lat' dir='ltr'><strong>est,</strong></span> 
     </span>
     <span class='ocr_line' id='line_1_16' title="bbox 129 1095 1686 1142; baseline 0.001 -11"><span class='ocrx_word' id='word_1_154' title='bbox 129 1096 161 1131; x_wconf 88' lang='lat' dir='ltr'><strong>si</strong></span> <span class='ocrx_word' id='word_1_155' title='bbox 180 1096 217 1131; x_wconf 89' lang='lat' dir='ltr'><strong>in</strong></span> <span class='ocrx_word' id='word_1_156' title='bbox 238 1095 392 1142; x_wconf 85' lang='lat' dir='ltr'><strong>aliquam</strong></span> <span class='ocrx_word' id='word_1_157' title='bbox 413 1107 431 1132; x_wconf 87' lang='lat' dir='ltr'><strong>e</strong></span> <span class='ocrx_word' id='word_1_158' title='bbox 457 1107 520 1132; x_wconf 86' lang='lat' dir='ltr'><strong>sex</strong></span> <span class='ocrx_word' id='word_1_159' title='bbox 541 1095 777 1133; x_wconf 70' lang='lat' dir='ltr'><strong>hebdomadae</strong></span> <span class='ocrx_word' id='word_1_160' title='bbox 792 1096 889 1132; x_wconf 78' lang='lat' dir='ltr'><strong>feriis</strong></span> <span class='ocrx_word' id='word_1_161' title='bbox 913 1108 983 1132; x_wconf 82' lang='lat' dir='ltr'><strong>x1v.</strong></span> <span class='ocrx_word' id='word_1_162' title='bbox 999 1096 1086 1132; x_wconf 87' lang='lat' dir='ltr'><strong>luna</strong></span> <span class='ocrx_word' id='word_1_163' title='bbox 1108 1097 1285 1140; x_wconf 77' lang='lat' dir='ltr'><strong>ceciderit,</strong></span> <span class='ocrx_word' id='word_1_164' title='bbox 1308 1096 1561 1132; x_wconf 71' lang='lat' dir='ltr'><strong>hebdomadem</strong></span> <span class='ocrx_word' id='word_1_165' title='bbox 1584 1109 1686 1132; x_wconf 89' lang='lat' dir='ltr'><strong>xero-</strong></span> 
     </span>
     <span class='ocr_line' id='line_1_17' title="bbox 129 1151 1686 1200; baseline 0.001 -11"><span class='ocrx_word' id='word_1_166' title='bbox 129 1151 282 1199; x_wconf 80' lang='lat' dir='ltr'><strong>phagiae</strong></span> <span class='ocrx_word' id='word_1_167' title='bbox 303 1153 391 1189; x_wconf 87' lang='lat' dir='ltr'><strong>inire</strong></span> <span class='ocrx_word' id='word_1_168' title='bbox 414 1154 459 1189; x_wconf 87' lang='lat' dir='ltr'><strong>ab</strong></span> <span class='ocrx_word' id='word_1_169' title='bbox 483 1154 636 1190; x_wconf 83' lang='lat' dir='ltr'><strong>secunda</strong></span> <span class='ocrx_word' id='word_1_170' title='bbox 656 1153 752 1189; x_wconf 76' lang='lat' dir='ltr'><strong>feria.</strong></span> <span class='ocrx_word' id='word_1_171' title='bbox 798 1153 990 1200; x_wconf 80' lang='lat' dir='ltr'><strong>Fingamus</strong></span> <span class='ocrx_word' id='word_1_172' title='bbox 1010 1154 1131 1200; x_wconf 86' lang='lat' dir='ltr'><strong>itaque</strong></span> <span class='ocrx_word' id='word_1_173' title='bbox 1149 1154 1271 1190; x_wconf 86' lang='lat' dir='ltr'><strong>lunam</strong></span> <span class='ocrx_word' id='word_1_174' title='bbox 1286 1166 1357 1190; x_wconf 85' lang='lat' dir='ltr'><strong>xrv.</strong></span> <span class='ocrx_word' id='word_1_175' title='bbox 1374 1154 1411 1190; x_wconf 89' lang='lat' dir='ltr'><strong>in</strong></span> <span class='ocrx_word' id='word_1_176' title='bbox 1427 1154 1612 1190; x_wconf 87' lang='lat' dir='ltr'><strong>sabbatum</strong></span> <span class='ocrx_word' id='word_1_177' title='bbox 1634 1156 1686 1191; x_wconf 86' lang='lat' dir='ltr'><strong>iu-</strong></span> 
     </span>
     <span class='ocr_line' id='line_1_18' title="bbox 129 1210 1687 1258; baseline 0.001 -13"><span class='ocrx_word' id='word_1_178' title='bbox 129 1219 283 1253; x_wconf 85' lang='lat' dir='ltr'><strong>cnrrere,</strong></span> <span class='ocrx_word' id='word_1_179' title='bbox 302 1210 445 1257; x_wconf 84' lang='lat' dir='ltr'><strong>incipiet</strong></span> <span class='ocrx_word' id='word_1_180' title='bbox 458 1210 692 1258; x_wconf 69' lang='lat' dir='ltr'><strong>xerophagiae</strong></span> <span class='ocrx_word' id='word_1_181' title='bbox 702 1237 711 1254; x_wconf 94' lang='lat'>‚</span> <span class='ocrx_word' id='word_1_182' title='bbox 734 1211 808 1246; x_wconf 83' lang='lat' dir='ltr'><strong>sive</strong></span> <span class='ocrx_word' id='word_1_183' title='bbox 828 1210 1003 1257; x_wconf 79' lang='lat' dir='ltr'><strong>paschatis</strong></span> <span class='ocrx_word' id='word_1_184' title='bbox 1018 1210 1211 1246; x_wconf 74' lang='lat' dir='ltr'><strong>hebdomas</strong></span> <span class='ocrx_word' id='word_1_185' title='bbox 1225 1212 1270 1246; x_wconf 81' lang='lat' dir='ltr'><strong>ab</strong></span> <span class='ocrx_word' id='word_1_186' title='bbox 1285 1212 1456 1246; x_wconf 86' lang='lat' dir='ltr'><strong>anteriore</strong></span> <span class='ocrx_word' id='word_1_187' title='bbox 1474 1211 1561 1247; x_wconf 79' lang='lat' dir='ltr'><strong>feria</strong></span> <span class='ocrx_word' id='word_1_188' title='bbox 1576 1224 1626 1254; x_wconf 67' lang='grc' dir='ltr'><strong>ιι,</strong></span> <span class='ocrx_word' id='word_1_189' title='bbox 1647 1215 1687 1246; x_wconf 85' lang='lat' dir='ltr'><strong>nt</strong></span> 
     </span>
     <span class='ocr_line' id='line_1_19' title="bbox 130 1266 1685 1315; baseline 0.002 -14"><span class='ocrx_word' id='word_1_190' title='bbox 130 1266 262 1304; x_wconf 84' lang='lat' dir='ltr'><strong>dictum</strong></span> <span class='ocrx_word' id='word_1_191' title='bbox 275 1270 339 1303; x_wconf 85' lang='lat' dir='ltr'><strong>est.</strong></span> <span class='ocrx_word' id='word_1_192' title='bbox 369 1267 477 1314; x_wconf 81' lang='lat' dir='ltr'><strong>Atqui</strong></span> <span class='ocrx_word' id='word_1_193' title='bbox 489 1266 668 1315; x_wconf 86' lang='lat' dir='ltr'><strong>haec-ipsa</strong></span> <span class='ocrx_word' id='word_1_194' title='bbox 682 1280 731 1304; x_wconf 84' lang='lat' dir='ltr'><strong>rx.</strong></span> <span class='ocrx_word' id='word_1_195' title='bbox 746 1271 801 1303; x_wconf 90' lang='lat' dir='ltr'><strong>est</strong></span> <span class='ocrx_word' id='word_1_196' title='bbox 815 1269 916 1311; x_wconf 87' lang='lat' dir='ltr'><strong>luna,</strong></span> <span class='ocrx_word' id='word_1_197' title='bbox 931 1279 1002 1306; x_wconf 88' lang='lat' dir='ltr'><strong>non</strong></span> <span class='ocrx_word' id='word_1_198' title='bbox 1020 1280 1054 1304; x_wconf 90' lang='lat' dir='ltr'><strong>x.</strong></span> <span class='ocrx_word' id='word_1_199' title='bbox 1086 1267 1185 1311; x_wconf 90' lang='lat' dir='ltr'><strong>Quod</strong></span> <span class='ocrx_word' id='word_1_200' title='bbox 1202 1269 1248 1311; x_wconf 81' lang='lat' dir='ltr'><strong>si,</strong></span> <span class='ocrx_word' id='word_1_201' title='bbox 1266 1273 1305 1303; x_wconf 86' lang='lat' dir='ltr'><strong>ut</strong></span> <span class='ocrx_word' id='word_1_202' title='bbox 1320 1268 1518 1315; x_wconf 81' lang='lat' dir='ltr'><strong>Scaligero,</strong></span> <span class='ocrx_word' id='word_1_203' title='bbox 1535 1268 1685 1304; x_wconf 81' lang='lat' dir='ltr'><strong>Calvisio</strong></span> 
     </span>
     <span class='ocr_line' id='line_1_20' title="bbox 129 1323 1686 1372; baseline 0.003 -14"><span class='ocrx_word' id='word_1_204' title='bbox 129 1323 275 1370; x_wconf 87' lang='lat' dir='ltr'><strong>aliisque</strong></span> <span class='ocrx_word' id='word_1_205' title='bbox 291 1324 406 1360; x_wconf 88' lang='lat' dir='ltr'><strong>visum</strong></span> <span class='ocrx_word' id='word_1_206' title='bbox 429 1327 498 1368; x_wconf 88' lang='lat' dir='ltr'><strong>est,</strong></span> <span class='ocrx_word' id='word_1_207' title='bbox 522 1323 784 1360; x_wconf 84' lang='lat' dir='ltr'><strong>diffundendum</strong></span> <span class='ocrx_word' id='word_1_208' title='bbox 808 1326 854 1360; x_wconf 89' lang='lat' dir='ltr'><strong>sit</strong></span> <span class='ocrx_word' id='word_1_209' title='bbox 875 1325 1112 1372; x_wconf 74' lang='lat' dir='ltr'><strong>xerophagiae</strong></span> <span class='ocrx_word' id='word_1_210' title='bbox 1131 1326 1272 1361; x_wconf 85' lang='lat' dir='ltr'><strong>initium</strong></span> <span class='ocrx_word' id='word_1_211' title='bbox 1292 1326 1330 1361; x_wconf 91' lang='lat' dir='ltr'><strong>in</strong></span> <span class='ocrx_word' id='word_1_212' title='bbox 1349 1326 1472 1361; x_wconf 74' lang='lat' dir='ltr'><strong>feriam</strong></span> <span class='ocrx_word' id='word_1_213' title='bbox 1488 1337 1526 1362; x_wconf 81' lang='grc' dir='ltr'><strong>ιι.</strong></span> <span class='ocrx_word' id='word_1_214' title='bbox 1545 1327 1686 1362; x_wconf 84' lang='lat' dir='ltr'><strong>alterius</strong></span> 
     </span>
     <span class='ocr_line' id='line_1_21' title="bbox 128 1380 1686 1430; baseline 0.001 -14"><span class='ocrx_word' id='word_1_215' title='bbox 128 1380 371 1424; x_wconf 73' lang='lat' dir='ltr'><strong>hebdomadis,</strong></span> <span class='ocrx_word' id='word_1_216' title='bbox 393 1381 582 1428; x_wconf 80' lang='lat' dir='ltr'><strong>itidemque</strong></span> <span class='ocrx_word' id='word_1_217' title='bbox 600 1381 729 1429; x_wconf 67' lang='lat' dir='ltr'><strong>pascha</strong></span> <span class='ocrx_word' id='word_1_218' title='bbox 745 1393 766 1417; x_wconf 88' lang='lat' dir='ltr'><strong>a</strong></span> <span class='ocrx_word' id='word_1_219' title='bbox 780 1383 864 1418; x_wconf 87' lang='lat' dir='ltr'><strong>luna</strong></span> <span class='ocrx_word' id='word_1_220' title='bbox 878 1394 935 1418; x_wconf 94' lang='lat' dir='ltr'><strong>xv.</strong></span> <span class='ocrx_word' id='word_1_221' title='bbox 951 1383 989 1417; x_wconf 93' lang='lat' dir='ltr'><strong>in</strong></span> <span class='ocrx_word' id='word_1_222' title='bbox 1005 1394 1091 1419; x_wconf 85' lang='lat' dir='ltr'><strong>xxu.</strong></span> <span class='ocrx_word' id='word_1_223' title='bbox 1107 1383 1403 1425; x_wconf 75' lang='lat' dir='ltr'><strong>transferendum,</strong></span> <span class='ocrx_word' id='word_1_224' title='bbox 1427 1382 1644 1430; x_wconf 81' lang='lat' dir='ltr'><strong>xerophagia</strong></span> <span class='ocrx_word' id='word_1_225' title='bbox 1665 1394 1686 1418; x_wconf 86' lang='lat' dir='ltr'><strong>a</strong></span> 
     </span>
     <span class='ocr_line' id='line_1_22' title="bbox 130 1437 1686 1486; baseline 0.001 -12"><span class='ocrx_word' id='word_1_226' title='bbox 130 1449 202 1474; x_wconf 86' lang='lat' dir='ltr'><strong>xvr.</strong></span> <span class='ocrx_word' id='word_1_227' title='bbox 219 1438 306 1474; x_wconf 86' lang='lat' dir='ltr'><strong>luna</strong></span> <span class='ocrx_word' id='word_1_228' title='bbox 319 1437 515 1475; x_wconf 84' lang='lat' dir='ltr'><strong>inchoanda</strong></span> <span class='ocrx_word' id='word_1_229' title='bbox 527 1438 649 1482; x_wconf 78' lang='lat' dir='ltr'><strong>fuerit,</strong></span> <span class='ocrx_word' id='word_1_230' title='bbox 671 1439 764 1486; x_wconf 84' lang='lat' dir='ltr'><strong>quod</strong></span> <span class='ocrx_word' id='word_1_231' title='bbox 786 1439 982 1486; x_wconf 82' lang='lat' dir='ltr'><strong>legitimum</strong></span> <span class='ocrx_word' id='word_1_232' title='bbox 1005 1451 1083 1475; x_wconf 87' lang='lat' dir='ltr'><strong>esse</strong></span> <span class='ocrx_word' id='word_1_233' title='bbox 1097 1444 1206 1486; x_wconf 89' lang='lat' dir='ltr'><strong>negat</strong></span> <span class='ocrx_word' id='word_1_234' title='bbox 1219 1439 1447 1486; x_wconf 81' lang='lat' dir='ltr'><strong>Epiphanius.</strong></span> <span class='ocrx_word' id='word_1_235' title='bbox 1494 1439 1607 1482; x_wconf 88' lang='lat' dir='ltr'><strong>Quare</strong></span> <span class='ocrx_word' id='word_1_236' title='bbox 1622 1441 1686 1476; x_wconf 84' lang='lat' dir='ltr'><strong>vix</strong></span> 
     </span>
     <span class='ocr_line' id='line_1_23' title="bbox 130 1495 1684 1544; baseline 0.002 -14"><span class='ocrx_word' id='word_1_237' title='bbox 130 1499 182 1530; x_wconf 87' lang='lat' dir='ltr'><strong>est</strong></span> <span class='ocrx_word' id='word_1_238' title='bbox 196 1498 236 1530; x_wconf 84' lang='lat' dir='ltr'><strong>ut</strong></span> <span class='ocrx_word' id='word_1_239' title='bbox 250 1495 417 1542; x_wconf 84' lang='lat' dir='ltr'><strong>expedire</strong></span> <span class='ocrx_word' id='word_1_240' title='bbox 427 1506 499 1533; x_wconf 80' lang='lat' dir='ltr'><strong>nea</strong></span> <span class='ocrx_word' id='word_1_241' title='bbox 507 1507 555 1531; x_wconf 83' lang='lat' dir='ltr'><strong>ex</strong></span> <span class='ocrx_word' id='word_1_242' title='bbox 568 1495 622 1532; x_wconf 87' lang='lat' dir='ltr'><strong>his</strong></span> <span class='ocrx_word' id='word_1_243' title='bbox 636 1497 772 1543; x_wconf 83' lang='lat' dir='ltr'><strong>laqueis</strong></span> <span class='ocrx_word' id='word_1_244' title='bbox 786 1498 975 1544; x_wconf 88' lang='lat' dir='ltr'><strong>possimus.</strong></span> <span class='ocrx_word' id='word_1_245' title='bbox 1023 1497 1105 1532; x_wconf 84' lang='lat' dir='ltr'><strong>Sive</strong></span> <span class='ocrx_word' id='word_1_246' title='bbox 1122 1498 1216 1532; x_wconf 91' lang='lat' dir='ltr'><strong>enim</strong></span> <span class='ocrx_word' id='word_1_247' title='bbox 1231 1496 1468 1544; x_wconf 82' lang='lat' dir='ltr'><strong>xerophagiae</strong></span> <span class='ocrx_word' id='word_1_248' title='bbox 1484 1498 1597 1544; x_wconf 86' lang='lat' dir='ltr'><strong>prima</strong></span> <span class='ocrx_word' id='word_1_249' title='bbox 1611 1498 1684 1533; x_wconf 88' lang='lat' dir='ltr'><strong>dies</strong></span> 
     </span>
     <span class='ocr_line' id='line_1_24' title="bbox 128 1551 1686 1601; baseline 0.002 -14"><span class='ocrx_word' id='word_1_250' title='bbox 128 1552 165 1587; x_wconf 93' lang='lat' dir='ltr'><strong>in</strong></span> <span class='ocrx_word' id='word_1_251' title='bbox 180 1552 241 1588; x_wconf 86' lang='lat' dir='ltr'><strong>illa</strong></span> <span class='ocrx_word' id='word_1_252' title='bbox 256 1551 439 1599; x_wconf 78' lang='lat' dir='ltr'><strong>hypothesi</strong></span> <span class='ocrx_word' id='word_1_253' title='bbox 456 1553 504 1589; x_wconf 90' lang='lat' dir='ltr'><strong>sit</strong></span> <span class='ocrx_word' id='word_1_254' title='bbox 517 1552 603 1589; x_wconf 74' lang='lat' dir='ltr'><strong>feria</strong></span> <span class='ocrx_word' id='word_1_255' title='bbox 623 1553 793 1596; x_wconf 82' lang='lat' dir='ltr'><strong>secunda,</strong></span> <span class='ocrx_word' id='word_1_256' title='bbox 817 1554 863 1589; x_wconf 86' lang='lat' dir='ltr'><strong>ab</strong></span> <span class='ocrx_word' id='word_1_257' title='bbox 884 1554 968 1589; x_wconf 90' lang='lat' dir='ltr'><strong>luna</strong></span> <span class='ocrx_word' id='word_1_258' title='bbox 983 1565 1032 1590; x_wconf 80' lang='lat' dir='ltr'><strong>rx.</strong></span> <span class='ocrx_word' id='word_1_259' title='bbox 1050 1553 1301 1590; x_wconf 86' lang='lat' dir='ltr'><strong>hebdomadem</strong></span> <span class='ocrx_word' id='word_1_260' title='bbox 1317 1558 1475 1590; x_wconf 87' lang='lat' dir='ltr'><strong>sanctam</strong></span> <span class='ocrx_word' id='word_1_261' title='bbox 1490 1555 1686 1601; x_wconf 83' lang='lat' dir='ltr'><strong>auspicabi-</strong></span> 
     </span>
     <span class='ocr_line' id='line_1_25' title="bbox 128 1609 1684 1656; baseline 0.003 -12"><span class='ocrx_word' id='word_1_262' title='bbox 128 1619 217 1652; x_wconf 87' lang='lat' dir='ltr'><strong>mur,</strong></span> <span class='ocrx_word' id='word_1_263' title='bbox 236 1610 311 1646; x_wconf 82' lang='lat' dir='ltr'><strong>sive</strong></span> <span class='ocrx_word' id='word_1_264' title='bbox 323 1610 362 1646; x_wconf 87' lang='lat' dir='ltr'><strong>in</strong></span> <span class='ocrx_word' id='word_1_265' title='bbox 377 1613 580 1656; x_wconf 73' lang='lat' dir='ltr'><strong>sequentem</strong></span> <span class='ocrx_word' id='word_1_266' title='bbox 593 1609 716 1646; x_wconf 73' lang='lat' dir='ltr'><strong>feriam</strong></span> <span class='ocrx_word' id='word_1_267' title='bbox 732 1611 920 1647; x_wconf 85' lang='lat' dir='ltr'><strong>secundam</strong></span> <span class='ocrx_word' id='word_1_268' title='bbox 936 1610 1115 1646; x_wconf 82' lang='lat' dir='ltr'><strong>differatur</strong></span> <span class='ocrx_word' id='word_1_269' title='bbox 1128 1612 1222 1646; x_wconf 79' lang='lat' dir='ltr'><strong>illius</strong></span> <span class='ocrx_word' id='word_1_270' title='bbox 1238 1611 1376 1648; x_wconf 89' lang='lat' dir='ltr'><strong>initium</strong></span> <span class='ocrx_word' id='word_1_271' title='bbox 1387 1638 1396 1654; x_wconf 96' lang='lat'><strong>,</strong></span> <span class='ocrx_word' id='word_1_272' title='bbox 1419 1612 1456 1646; x_wconf 89' lang='lat' dir='ltr'><strong>in</strong></span> <span class='ocrx_word' id='word_1_273' title='bbox 1477 1612 1598 1647; x_wconf 87' lang='lat' dir='ltr'><strong>lunam</strong></span> <span class='ocrx_word' id='word_1_274' title='bbox 1612 1624 1684 1648; x_wconf 84' lang='lat' dir='ltr'><strong>xvr.</strong></span> 
     </span>
     <span class='ocr_line' id='line_1_26' title="bbox 129 1666 1685 1714; baseline 0.002 -13"><span class='ocrx_word' id='word_1_275' title='bbox 129 1666 266 1702; x_wconf 88' lang='lat' dir='ltr'><strong>incidet.</strong></span> <span class='ocrx_word' id='word_1_276' title='bbox 310 1667 493 1702; x_wconf 77' lang='lat' dir='ltr'><strong>Haesimus</strong></span> <span class='ocrx_word' id='word_1_277' title='bbox 516 1666 571 1702; x_wconf 87' lang='lat' dir='ltr'><strong>hic</strong></span> <span class='ocrx_word' id='word_1_278' title='bbox 594 1667 811 1714; x_wconf 87' lang='lat' dir='ltr'><strong>aliquandiu,</strong></span> <span class='ocrx_word' id='word_1_279' title='bbox 835 1667 943 1704; x_wconf 86' lang='lat' dir='ltr'><strong>donec</strong></span> <span class='ocrx_word' id='word_1_280' title='bbox 967 1671 1098 1704; x_wconf 87' lang='lat' dir='ltr'><strong>certam</strong></span> <span class='ocrx_word' id='word_1_281' title='bbox 1111 1669 1207 1704; x_wconf 82' lang='lat' dir='ltr'><strong>viam</strong></span> <span class='ocrx_word' id='word_1_282' title='bbox 1228 1679 1270 1704; x_wconf 90' lang='lat' dir='ltr'><strong>ac</strong></span> <span class='ocrx_word' id='word_1_283' title='bbox 1291 1669 1462 1704; x_wconf 80' lang='lat' dir='ltr'><strong>rationem</strong></span> <span class='ocrx_word' id='word_1_284' title='bbox 1475 1669 1685 1712; x_wconf 84' lang='lat' dir='ltr'><strong>invenimus,</strong></span> 
     </span>
     <span class='ocr_line' id='line_1_27' title="bbox 130 1723 1686 1772; baseline 0.002 -14"><span class='ocrx_word' id='word_1_285' title='bbox 130 1733 201 1770; x_wconf 83' lang='lat' dir='ltr'><strong>qua</strong></span> <span class='ocrx_word' id='word_1_286' title='bbox 214 1723 392 1760; x_wconf 86' lang='lat' dir='ltr'><strong>conciliari</strong></span> <span class='ocrx_word' id='word_1_287' title='bbox 405 1723 491 1759; x_wconf 82' lang='lat' dir='ltr'><strong>haec</strong></span> <span class='ocrx_word' id='word_1_288' title='bbox 505 1723 596 1759; x_wconf 88' lang='lat' dir='ltr'><strong>inter</strong></span> <span class='ocrx_word' id='word_1_289' title='bbox 607 1735 650 1760; x_wconf 86' lang='lat' dir='ltr'><strong>se</strong></span> <span class='ocrx_word' id='word_1_290' title='bbox 664 1725 900 1772; x_wconf 81' lang='lat' dir='ltr'><strong>explicarique</strong></span> <span class='ocrx_word' id='word_1_291' title='bbox 914 1728 1069 1772; x_wconf 83' lang='lat' dir='ltr'><strong>possent.</strong></span> <span class='ocrx_word' id='word_1_292' title='bbox 1098 1725 1174 1761; x_wconf 81' lang='lat' dir='ltr'><strong>Hoc</strong></span> <span class='ocrx_word' id='word_1_293' title='bbox 1189 1726 1299 1772; x_wconf 83' lang='lat' dir='ltr'><strong>igitur</strong></span> <span class='ocrx_word' id='word_1_294' title='bbox 1314 1726 1359 1760; x_wconf 84' lang='lat' dir='ltr'><strong>ad</strong></span> <span class='ocrx_word' id='word_1_295' title='bbox 1375 1737 1455 1761; x_wconf 89' lang='lat' dir='ltr'><strong>eum</strong></span> <span class='ocrx_word' id='word_1_296' title='bbox 1471 1726 1602 1762; x_wconf 88' lang='lat' dir='ltr'><strong>nodum</strong></span> <span class='ocrx_word' id='word_1_297' title='bbox 1618 1726 1686 1761; x_wconf 90' lang='lat' dir='ltr'><strong>dis-</strong></span> 
     </span>
     <span class='ocr_line' id='line_1_28' title="bbox 130 1780 1687 1829; baseline 0.001 -13"><span class='ocrx_word' id='word_1_298' title='bbox 130 1780 335 1816; x_wconf 83' lang='lat' dir='ltr'><strong>solvendum</strong></span> <span class='ocrx_word' id='word_1_299' title='bbox 351 1781 507 1817; x_wconf 85' lang='lat' dir='ltr'><strong>occurrit.</strong></span> <span class='ocrx_word' id='word_1_300' title='bbox 545 1780 758 1828; x_wconf 78' lang='lat' dir='ltr'><strong>Epiphanius</strong></span> <span class='ocrx_word' id='word_1_301' title='bbox 771 1782 892 1817; x_wconf 83' lang='lat' dir='ltr'><strong>lunam</strong></span> <span class='ocrx_word' id='word_1_302' title='bbox 907 1780 1059 1828; x_wconf 80' lang='grc' dir='ltr'><strong>ὴμερινὴν</strong></span> <span class='ocrx_word' id='word_1_303' title='bbox 1075 1780 1140 1816; x_wconf 70' lang='grc' dir='ltr'><strong>ἀπὸ</strong></span> <span class='ocrx_word' id='word_1_304' title='bbox 1158 1785 1338 1829; x_wconf 79' lang='grc' dir='ltr'><strong>νυκτερινῆς</strong></span> <span class='ocrx_word' id='word_1_305' title='bbox 1354 1783 1511 1818; x_wconf 82' lang='lat' dir='ltr'><strong>discerne</strong></span> <span class='ocrx_word' id='word_1_306' title='bbox 1526 1784 1631 1825; x_wconf 85' lang='lat' dir='ltr'><strong>solet,</strong></span> <span class='ocrx_word' id='word_1_307' title='bbox 1647 1787 1687 1818; x_wconf 92' lang='lat' dir='ltr'><strong>ut</strong></span> 
     </span>
     <span class='ocr_line' id='line_1_29' title="bbox 130 1836 1685 1886; baseline 0.003 -14"><span class='ocrx_word' id='word_1_308' title='bbox 130 1837 167 1873; x_wconf 89' lang='lat' dir='ltr'><strong>in</strong></span> <span class='ocrx_word' id='word_1_309' title='bbox 182 1836 276 1873; x_wconf 86' lang='lat' dir='ltr'><strong>haer.</strong></span> <span class='ocrx_word' id='word_1_310' title='bbox 289 1849 336 1877; x_wconf 53' lang='grc' dir='ltr'><strong>ιιι</strong></span> <span class='ocrx_word' id='word_1_311' title='bbox 350 1849 387 1874; x_wconf 86' lang='grc' dir='ltr'><strong>ιι.</strong></span> <span class='ocrx_word' id='word_1_312' title='bbox 399 1850 494 1876; x_wconf 70' lang='lat' dir='ltr'><strong>xxvi.</strong></span> <span class='ocrx_word' id='word_1_313' title='bbox 527 1837 617 1874; x_wconf 85' lang='lat' dir='ltr'><strong>Nam</strong></span> <span class='ocrx_word' id='word_1_314' title='bbox 631 1838 702 1875; x_wconf 80' lang='lat' dir='ltr'><strong>iuic</strong></span> <span class='ocrx_word' id='word_1_315' title='bbox 718 1848 808 1885; x_wconf 88' lang='lat' dir='ltr'><strong>quae</strong></span> <span class='ocrx_word' id='word_1_316' title='bbox 823 1837 986 1885; x_wconf 73' lang='grc' dir='ltr'><strong>νυκτερινὴ</strong></span> <span class='ocrx_word' id='word_1_317' title='bbox 1002 1840 1155 1886; x_wconf 74' lang='lat' dir='ltr'><strong>exempli</strong></span> <span class='ocrx_word' id='word_1_318' title='bbox 1171 1850 1296 1874; x_wconf 80' lang='lat' dir='ltr'><strong>caussa</strong></span> <span class='ocrx_word' id='word_1_319' title='bbox 1312 1838 1464 1884; x_wconf 72' lang='grc' dir='ltr'>ἑνδεκάτη</span> <span class='ocrx_word' id='word_1_320' title='bbox 1478 1840 1609 1883; x_wconf 77' lang='lat' dir='ltr'><strong>fuerat,</strong></span> <span class='ocrx_word' id='word_1_321' title='bbox 1631 1852 1685 1876; x_wconf 88' lang='lat' dir='ltr'><strong>se-</strong></span> 
     </span>
     <span class='ocr_line' id='line_1_30' title="bbox 131 1893 1686 1944; baseline 0.002 -14"><span class='ocrx_word' id='word_1_322' title='bbox 131 1895 250 1940; x_wconf 82' lang='lat' dir='ltr'><strong>quenti</strong></span> <span class='ocrx_word' id='word_1_323' title='bbox 262 1895 343 1931; x_wconf 80' lang='lat' dir='ltr'><strong>luce</strong></span> <span class='ocrx_word' id='word_1_324' title='bbox 358 1893 492 1942; x_wconf 80' lang='grc' dir='ltr'><strong>ἧμερινὴ</strong></span> <span class='ocrx_word' id='word_1_325' title='bbox 509 1893 678 1939; x_wconf 72' lang='grc' dir='ltr'><strong>δωδεκάτη</strong></span> <span class='ocrx_word' id='word_1_326' title='bbox 688 1895 824 1938; x_wconf 84' lang='lat' dir='ltr'><strong>dicitur,</strong></span> <span class='ocrx_word' id='word_1_327' title='bbox 841 1899 876 1931; x_wconf 83' lang='lat' dir='ltr'><strong>et</strong></span> <span class='ocrx_word' id='word_1_328' title='bbox 891 1907 981 1942; x_wconf 85' lang='lat' dir='ltr'><strong>quae</strong></span> <span class='ocrx_word' id='word_1_329' title='bbox 996 1894 1129 1942; x_wconf 80' lang='grc' dir='ltr'><strong>ἡμερινὴ</strong></span> <span class='ocrx_word' id='word_1_330' title='bbox 1146 1894 1314 1940; x_wconf 77' lang='grc' dir='ltr'><strong>δωδεκάτη</strong></span> <span class='ocrx_word' id='word_1_331' title='bbox 1331 1896 1457 1932; x_wconf 88' lang='lat' dir='ltr'><strong>dicitur</strong></span> <span class='ocrx_word' id='word_1_332' title='bbox 1470 1900 1552 1944; x_wconf 85' lang='lat' dir='ltr'><strong>post</strong></span> <span class='ocrx_word' id='word_1_333' title='bbox 1565 1908 1686 1944; x_wconf 86' lang='lat' dir='ltr'><strong>vespe-</strong></span> 
     </span>
     <span class='ocr_line' id='line_1_31' title="bbox 130 1951 1686 2000; baseline 0.003 -14"><span class='ocrx_word' id='word_1_334' title='bbox 130 1962 204 1987; x_wconf 82' lang='lat' dir='ltr'><strong>ram</strong></span> <span class='ocrx_word' id='word_1_335' title='bbox 219 1951 382 1999; x_wconf 72' lang='grc' dir='ltr'><strong>νυκτερινὴ</strong></span> <span class='ocrx_word' id='word_1_336' title='bbox 397 1951 638 1998; x_wconf 79' lang='grc' dir='ltr'><strong>τριςκαιδεκαίτη</strong></span> <span class='ocrx_word' id='word_1_337' title='bbox 659 1952 834 1989; x_wconf 84' lang='lat' dir='ltr'><strong>nominari</strong></span> <span class='ocrx_word' id='word_1_338' title='bbox 851 1953 985 1999; x_wconf 83' lang='lat' dir='ltr'><strong>incipit.</strong></span> <span class='ocrx_word' id='word_1_339' title='bbox 1031 1953 1122 1989; x_wconf 89' lang='lat' dir='ltr'><strong>Nam</strong></span> <span class='ocrx_word' id='word_1_340' title='bbox 1145 1964 1167 1988; x_wconf 87' lang='lat' dir='ltr'><strong>a</strong></span> <span class='ocrx_word' id='word_1_341' title='bbox 1181 1964 1326 2000; x_wconf 83' lang='lat' dir='ltr'><strong>vespera</strong></span> <span class='ocrx_word' id='word_1_342' title='bbox 1349 1954 1440 1989; x_wconf 87' lang='lat' dir='ltr'><strong>diem</strong></span> <span class='ocrx_word' id='word_1_343' title='bbox 1463 1955 1581 1990; x_wconf 87' lang='lat' dir='ltr'><strong>exorsi</strong></span> <span class='ocrx_word' id='word_1_344' title='bbox 1603 1959 1686 1990; x_wconf 86' lang='lat' dir='ltr'><strong>sunt</strong></span> 
     </span>
     <span class='ocr_line' id='line_1_32' title="bbox 129 2008 1685 2055; baseline 0.003 -12"><span class='ocrx_word' id='word_1_345' title='bbox 129 2008 653 2055; x_wconf 70' lang='lat' dir='ltr'><strong>Iudaei51deo-prius.noeturna</strong></span> <span class='ocrx_word' id='word_1_346' title='bbox 668 2018 773 2055; x_wconf 82' lang='lat' dir='ltr'><strong>quam</strong></span> <span class='ocrx_word' id='word_1_347' title='bbox 790 2009 1012 2045; x_wconf 79' lang='lat' dir='ltr'><strong>diurnaluna</strong></span> <span class='ocrx_word' id='word_1_348' title='bbox 1028 2014 1198 2046; x_wconf 87' lang='lat' dir='ltr'><strong>censetur.</strong></span> <span class='ocrx_word' id='word_1_349' title='bbox 1246 2010 1480 2053; x_wconf 84' lang='lat' dir='ltr'><strong>Quamobrem</strong></span> <span class='ocrx_word' id='word_1_350' title='bbox 1497 2012 1563 2047; x_wconf 81' lang='lat' dir='ltr'><strong>etsi</strong></span> <span class='ocrx_word' id='word_1_351' title='bbox 1577 2023 1685 2047; x_wconf 83' lang='grc' dir='ltr'><strong>νυκτε-</strong></span> 
     </span>
     <span class='ocr_line' id='line_1_33' title="bbox 131 2064 1684 2114; baseline 0.001 -13"><span class='ocrx_word' id='word_1_352' title='bbox 131 2067 216 2111; x_wconf 77' lang='grc' dir='ltr'><strong>ρινῆς</strong></span> <span class='ocrx_word' id='word_1_353' title='bbox 232 2069 349 2112; x_wconf 63' lang='grc' dir='ltr'><strong>ιαὶιιιιο</strong></span> <span class='ocrx_word' id='word_1_354' title='bbox 364 2064 520 2112; x_wconf 63' lang='grc' dir='ltr'><strong>ἡμερινῆς</strong></span> <span class='ocrx_word' id='word_1_355' title='bbox 534 2066 706 2102; x_wconf 69' lang='lat' dir='ltr'><strong>voeabula</strong></span> <span class='ocrx_word' id='word_1_356' title='bbox 727 2076 798 2102; x_wconf 88' lang='lat' dir='ltr'><strong>non</strong></span> <span class='ocrx_word' id='word_1_357' title='bbox 821 2067 1048 2112; x_wconf 77' lang='lat' dir='ltr'><strong>expresserit,</strong></span> <span class='ocrx_word' id='word_1_358' title='bbox 1073 2065 1258 2114; x_wconf 75' lang='grc' dir='ltr'><strong>ὁμωνύμως</strong></span> <span class='ocrx_word' id='word_1_359' title='bbox 1279 2079 1364 2103; x_wconf 88' lang='lat' dir='ltr'><strong>usus</strong></span> <span class='ocrx_word' id='word_1_360' title='bbox 1391 2068 1528 2103; x_wconf 84' lang='lat' dir='ltr'><strong>videtur</strong></span> <span class='ocrx_word' id='word_1_361' title='bbox 1548 2069 1684 2112; x_wconf 79' lang='grc' dir='ltr'><strong>σελήνης</strong></span> 
     </span>
     <span class='ocr_line' id='line_1_34' title="bbox 128 2121 1684 2171; baseline 0.002 -13"><span class='ocrx_word' id='word_1_362' title='bbox 128 2122 307 2159; x_wconf 70' lang='lat' dir='ltr'><strong>vocabulo.</strong></span> <span class='ocrx_word' id='word_1_363' title='bbox 337 2121 427 2159; x_wconf 78' lang='lat' dir='ltr'><strong>Nam</strong></span> <span class='ocrx_word' id='word_1_364' title='bbox 443 2133 522 2159; x_wconf 82' lang='lat' dir='ltr'><strong>oum</strong></span> <span class='ocrx_word' id='word_1_365' title='bbox 537 2126 644 2169; x_wconf 83' lang='lat' dir='ltr'><strong>negat</strong></span> <span class='ocrx_word' id='word_1_366' title='bbox 659 2134 682 2158; x_wconf 87' lang='lat' dir='ltr'><strong>a</strong></span> <span class='ocrx_word' id='word_1_367' title='bbox 695 2132 745 2159; x_wconf 82' lang='lat' dir='ltr'><strong>rx.</strong></span> <span class='ocrx_word' id='word_1_368' title='bbox 760 2123 864 2159; x_wconf 85' lang='lat' dir='ltr'><strong>lunae</strong></span> <span class='ocrx_word' id='word_1_369' title='bbox 880 2123 1116 2170; x_wconf 79' lang='lat' dir='ltr'><strong>xerophagiae</strong></span> <span class='ocrx_word' id='word_1_370' title='bbox 1132 2125 1342 2171; x_wconf 88' lang='lat' dir='ltr'><strong>principium</strong></span> <span class='ocrx_word' id='word_1_371' title='bbox 1357 2125 1498 2168; x_wconf 84' lang='lat' dir='ltr'><strong>deduci,</strong></span> <span class='ocrx_word' id='word_1_372' title='bbox 1513 2126 1574 2160; x_wconf 88' lang='lat' dir='ltr'><strong>sed</strong></span> <span class='ocrx_word' id='word_1_373' title='bbox 1590 2137 1612 2160; x_wconf 91' lang='lat' dir='ltr'><strong>a</strong></span> <span class='ocrx_word' id='word_1_374' title='bbox 1627 2126 1684 2161; x_wconf 88' lang='lat' dir='ltr'><strong>de-</strong></span> 
     </span>
     <span class='ocr_line' id='line_1_35' title="bbox 129 2178 1683 2228; baseline 0.002 -13"><span class='ocrx_word' id='word_1_375' title='bbox 129 2178 235 2223; x_wconf 72' lang='lat' dir='ltr'><strong>cima,</strong></span> <span class='ocrx_word' id='word_1_376' title='bbox 250 2190 297 2215; x_wconf 85' lang='lat' dir='ltr'><strong>ne</strong></span> <span class='ocrx_word' id='word_1_377' title='bbox 310 2180 584 2216; x_wconf 58' lang='lat' dir='ltr'><strong>sibiaoontrarius</strong></span> <span class='ocrx_word' id='word_1_378' title='bbox 599 2180 674 2226; x_wconf 79' lang='lat' dir='ltr'><strong>ipse</strong></span> <span class='ocrx_word' id='word_1_379' title='bbox 690 2180 752 2222; x_wconf 85' lang='lat' dir='ltr'><strong>sit,</strong></span> <span class='ocrx_word' id='word_1_380' title='bbox 769 2180 810 2215; x_wconf 89' lang='lat' dir='ltr'><strong>de</strong></span> <span class='ocrx_word' id='word_1_381' title='bbox 826 2183 989 2228; x_wconf 81' lang='grc' dir='ltr'><strong>νυκτερινῇ</strong></span> <span class='ocrx_word' id='word_1_382' title='bbox 1004 2182 1284 2228; x_wconf 85' lang='lat' dir='ltr'><strong>interpretandus</strong></span> <span class='ocrx_word' id='word_1_383' title='bbox 1301 2186 1364 2217; x_wconf 88' lang='lat' dir='ltr'><strong>est.</strong></span> <span class='ocrx_word' id='word_1_384' title='bbox 1388 2182 1575 2228; x_wconf 84' lang='lat' dir='ltr'><strong>Nunquam</strong></span> <span class='ocrx_word' id='word_1_385' title='bbox 1591 2184 1683 2218; x_wconf 89' lang='lat' dir='ltr'><strong>enim</strong></span> 
     </span>
     <span class='ocr_line' id='line_1_36' title="bbox 128 2235 1684 2285; baseline 0.001 -13"><span class='ocrx_word' id='word_1_386' title='bbox 128 2235 302 2282; x_wconf 80' lang='lat' dir='ltr'><strong>paschatis</strong></span> <span class='ocrx_word' id='word_1_387' title='bbox 312 2235 507 2273; x_wconf 84' lang='lat' dir='ltr'><strong>hebdomas</strong></span> <span class='ocrx_word' id='word_1_388' title='bbox 522 2247 543 2272; x_wconf 84' lang='lat' dir='ltr'><strong>a</strong></span> <span class='ocrx_word' id='word_1_389' title='bbox 556 2237 647 2272; x_wconf 82' lang='lat' dir='ltr'><strong>feria</strong></span> <span class='ocrx_word' id='word_1_390' title='bbox 661 2237 814 2273; x_wconf 87' lang='lat' dir='ltr'><strong>secunda</strong></span> <span class='ocrx_word' id='word_1_391' title='bbox 827 2237 985 2273; x_wconf 84' lang='lat' dir='ltr'><strong>inchoari</strong></span> <span class='ocrx_word' id='word_1_392' title='bbox 1006 2242 1139 2285; x_wconf 79' lang='lat' dir='ltr'><strong>potest,</strong></span> <span class='ocrx_word' id='word_1_393' title='bbox 1162 2249 1253 2285; x_wconf 85' lang='lat' dir='ltr'><strong>quae</strong></span> <span class='ocrx_word' id='word_1_394' title='bbox 1276 2239 1323 2274; x_wconf 87' lang='lat' dir='ltr'><strong>sit</strong></span> <span class='ocrx_word' id='word_1_395' title='bbox 1345 2237 1440 2282; x_wconf 80' lang='grc' dir='ltr'><strong>ἐνάτη</strong></span> <span class='ocrx_word' id='word_1_396' title='bbox 1463 2239 1625 2285; x_wconf 77' lang='grc' dir='ltr'><strong>νυκτερινὴ</strong></span> <span class='ocrx_word' id='word_1_397' title='bbox 1649 2244 1684 2274; x_wconf 87' lang='lat' dir='ltr'><strong>et</strong></span> 
     </span>
     <span class='ocr_line' id='line_1_37' title="bbox 129 2289 1684 2343; baseline 0.002 -15"><span class='ocrx_word' id='word_1_398' title='bbox 129 2291 266 2340; x_wconf 77' lang='grc' dir='ltr'><strong>ἡμιρινὴ</strong></span> <span class='ocrx_word' id='word_1_399' title='bbox 284 2289 399 2339; x_wconf 81' lang='grc' dir='ltr'><strong>ὀγδόη.</strong></span> <span class='ocrx_word' id='word_1_400' title='bbox 445 2293 576 2329; x_wconf 78' lang='lat' dir='ltr'><strong>Contra</strong></span> <span class='ocrx_word' id='word_1_401' title='bbox 589 2304 671 2330; x_wconf 81' lang='lat' dir='ltr'><strong>vero</strong></span> <span class='ocrx_word' id='word_1_402' title='bbox 696 2305 775 2330; x_wconf 87' lang='lat' dir='ltr'><strong>cum</strong></span> <span class='ocrx_word' id='word_1_403' title='bbox 792 2304 814 2329; x_wconf 85' lang='lat' dir='ltr'><strong>a</strong></span> <span class='ocrx_word' id='word_1_404' title='bbox 828 2295 996 2330; x_wconf 80' lang='lat' dir='ltr'><strong>xv1.luna</strong></span> <span class='ocrx_word' id='word_1_405' title='bbox 1010 2295 1165 2331; x_wconf 86' lang='lat' dir='ltr'><strong>eiusdem</strong></span> <span class='ocrx_word' id='word_1_406' title='bbox 1180 2295 1405 2330; x_wconf 85' lang='lat' dir='ltr'><strong>hebdomadis</strong></span> <span class='ocrx_word' id='word_1_407' title='bbox 1422 2296 1560 2331; x_wconf 88' lang='lat' dir='ltr'><strong>initium</strong></span> <span class='ocrx_word' id='word_1_408' title='bbox 1573 2298 1684 2343; x_wconf 87' lang='lat' dir='ltr'><strong>repeti</strong></span> 
     </span>
     <span class='ocr_line' id='line_1_38' title="bbox 129 2349 1682 2399; baseline 0.001 -12"><span class='ocrx_word' id='word_1_409' title='bbox 129 2354 236 2396; x_wconf 72' lang='lat' dir='ltr'><strong>negat</strong></span> <span class='ocrx_word' id='word_1_410' title='bbox 249 2355 368 2397; x_wconf 70' lang='lat' dir='ltr'><strong>pesse,</strong></span> <span class='ocrx_word' id='word_1_411' title='bbox 382 2351 502 2387; x_wconf 80' lang='lat' dir='ltr'><strong>lunam</strong></span> <span class='ocrx_word' id='word_1_412' title='bbox 517 2349 667 2397; x_wconf 81' lang='grc' dir='ltr'><strong>ὴμερινὴν</strong></span> <span class='ocrx_word' id='word_1_413' title='bbox 683 2350 862 2397; x_wconf 82' lang='lat' dir='ltr'><strong>intelligit,</strong></span> <span class='ocrx_word' id='word_1_414' title='bbox 878 2362 968 2397; x_wconf 88' lang='lat' dir='ltr'><strong>quae</strong></span> <span class='ocrx_word' id='word_1_415' title='bbox 983 2352 1030 2387; x_wconf 85' lang='lat' dir='ltr'><strong>sit</strong></span> <span class='ocrx_word' id='word_1_416' title='bbox 1044 2351 1207 2398; x_wconf 74' lang='grc' dir='ltr'><strong>νυκτερινὴ</strong></span> <span class='ocrx_word' id='word_1_417' title='bbox 1223 2364 1308 2388; x_wconf 77' lang='lat' dir='ltr'><strong>xvir.</strong></span> <span class='ocrx_word' id='word_1_418' title='bbox 1349 2351 1439 2388; x_wconf 88' lang='lat' dir='ltr'><strong>Nam</strong></span> <span class='ocrx_word' id='word_1_419' title='bbox 1454 2353 1491 2387; x_wconf 87' lang='lat' dir='ltr'><strong>iu</strong></span> <span class='ocrx_word' id='word_1_420' title='bbox 1507 2354 1682 2399; x_wconf 88' lang='lat' dir='ltr'><strong>superiore</strong></span> 
     </span>
     <span class='ocr_line' id='line_1_39' title="bbox 128 2405 1682 2455; baseline 0.002 -12"><span class='ocrx_word' id='word_1_421' title='bbox 128 2407 189 2443; x_wconf 84' lang='lat' dir='ltr'><strong>illa</strong></span> <span class='ocrx_word' id='word_1_422' title='bbox 202 2405 404 2454; x_wconf 78' lang='lat' dir='ltr'><strong>hypothesi,</strong></span> <span class='ocrx_word' id='word_1_423' title='bbox 426 2408 464 2443; x_wconf 85' lang='lat' dir='ltr'><strong>in</strong></span> <span class='ocrx_word' id='word_1_424' title='bbox 487 2418 558 2454; x_wconf 86' lang='lat' dir='ltr'><strong>qua</strong></span> <span class='ocrx_word' id='word_1_425' title='bbox 575 2407 751 2443; x_wconf 65' lang='lat' dir='ltr'><strong>lunam.</strong></span> <span class='ocrx_word' id='word_1_426' title='bbox 766 2407 804 2442; x_wconf 89' lang='grc' dir='ltr'><strong>ιιι</strong></span> <span class='ocrx_word' id='word_1_427' title='bbox 825 2407 1013 2444; x_wconf 83' lang='lat' dir='ltr'><strong>sabbatum</strong></span> <span class='ocrx_word' id='word_1_428' title='bbox 1034 2409 1211 2452; x_wconf 83' lang='lat' dir='ltr'><strong>convenit,</strong></span> <span class='ocrx_word' id='word_1_429' title='bbox 1234 2408 1470 2455; x_wconf 84' lang='lat' dir='ltr'><strong>xerophagiae</strong></span> <span class='ocrx_word' id='word_1_430' title='bbox 1493 2409 1682 2446; x_wconf 82' lang='lat' dir='ltr'><strong>hebdomas</strong></span> 
     </span>
     <span class='ocr_line' id='line_1_40' title="bbox 127 2462 1680 2510; baseline 0.003 -12"><span class='ocrx_word' id='word_1_431' title='bbox 127 2464 195 2502; x_wconf 75' lang='lat' dir='ltr'><strong>init</strong></span> <span class='ocrx_word' id='word_1_432' title='bbox 210 2475 231 2499; x_wconf 88' lang='lat' dir='ltr'><strong>a</strong></span> <span class='ocrx_word' id='word_1_433' title='bbox 245 2463 332 2500; x_wconf 79' lang='lat' dir='ltr'><strong>feria</strong></span> <span class='ocrx_word' id='word_1_434' title='bbox 345 2477 384 2501; x_wconf 81' lang='grc' dir='ltr'><strong>ιι.</strong></span> <span class='ocrx_word' id='word_1_435' title='bbox 402 2465 590 2507; x_wconf 84' lang='lat' dir='ltr'><strong>anteriore,</strong></span> <span class='ocrx_word' id='word_1_436' title='bbox 606 2475 696 2510; x_wconf 87' lang='lat' dir='ltr'><strong>quae</strong></span> <span class='ocrx_word' id='word_1_437' title='bbox 711 2468 765 2499; x_wconf 87' lang='lat' dir='ltr'><strong>est</strong></span> <span class='ocrx_word' id='word_1_438' title='bbox 779 2462 912 2510; x_wconf 79' lang='grc' dir='ltr'><strong>ἡμερινὴ</strong></span> <span class='ocrx_word' id='word_1_439' title='bbox 927 2462 1039 2510; x_wconf 68' lang='grc' dir='ltr'><strong>ἐνάτη,</strong></span> <span class='ocrx_word' id='word_1_440' title='bbox 1057 2464 1219 2510; x_wconf 75' lang='grc' dir='ltr'><strong>νυκτερινὴ</strong></span> <span class='ocrx_word' id='word_1_441' title='bbox 1236 2464 1417 2509; x_wconf 74' lang='grc' dir='ltr'><strong>δωδεκάτη.</strong></span> <span class='ocrx_word' id='word_1_442' title='bbox 1451 2465 1549 2507; x_wconf 86' lang='lat' dir='ltr'><strong>Quod</strong></span> <span class='ocrx_word' id='word_1_443' title='bbox 1565 2467 1595 2502; x_wconf 90' lang='lat' dir='ltr'><strong>si</strong></span> <span class='ocrx_word' id='word_1_444' title='bbox 1610 2478 1680 2503; x_wconf 90' lang='lat' dir='ltr'><strong>x1v.</strong></span> 
     </span>
     <span class='ocr_line' id='line_1_41' title="bbox 129 2521 1683 2569; baseline 0.001 -10"><span class='ocrx_word' id='word_1_445' title='bbox 129 2521 420 2559; x_wconf 58' lang='lat' dir='ltr'><strong>mandamine</strong></span> <span class='ocrx_word' id='word_1_446' title='bbox 432 2522 633 2563; x_wconf 84' lang='lat' dir='ltr'><strong>conveniat,</strong></span> <span class='ocrx_word' id='word_1_447' title='bbox 650 2521 810 2567; x_wconf 84' lang='lat' dir='ltr'><strong>sequenti</strong></span> <span class='ocrx_word' id='word_1_448' title='bbox 824 2521 896 2562; x_wconf 83' lang='lat' dir='ltr'><strong>die,</strong></span> <span class='ocrx_word' id='word_1_449' title='bbox 912 2532 982 2567; x_wconf 87' lang='lat' dir='ltr'><strong>qua</strong></span> <span class='ocrx_word' id='word_1_450' title='bbox 997 2525 1050 2556; x_wconf 82' lang='lat' dir='ltr'><strong>est</strong></span> <span class='ocrx_word' id='word_1_451' title='bbox 1064 2522 1147 2556; x_wconf 85' lang='lat' dir='ltr'><strong>luna</strong></span> <span class='ocrx_word' id='word_1_452' title='bbox 1162 2533 1218 2556; x_wconf 90' lang='lat' dir='ltr'><strong>xv.</strong></span> <span class='ocrx_word' id='word_1_453' title='bbox 1235 2521 1367 2568; x_wconf 82' lang='grc' dir='ltr'><strong>ἧμερινὴ</strong></span> <span class='ocrx_word' id='word_1_454' title='bbox 1384 2526 1419 2557; x_wconf 85' lang='lat' dir='ltr'><strong>et</strong></span> <span class='ocrx_word' id='word_1_455' title='bbox 1433 2523 1596 2569; x_wconf 75' lang='grc' dir='ltr'><strong>νυκτερινὴ</strong></span> <span class='ocrx_word' id='word_1_456' title='bbox 1608 2536 1683 2560; x_wconf 73' lang='lat' dir='ltr'><strong>xvi.-</strong></span> 
     </span>
     <span class='ocr_line' id='line_1_42' title="bbox 129 2577 1680 2627; baseline 0.001 -13"><span class='ocrx_word' id='word_1_457' title='bbox 129 2577 268 2615; x_wconf 63' lang='lat' dir='ltr'><strong>initium</strong></span> <span class='ocrx_word' id='word_1_458' title='bbox 282 2579 347 2615; x_wconf 86' lang='lat' dir='ltr'><strong>erit</strong></span> <span class='ocrx_word' id='word_1_459' title='bbox 360 2577 584 2615; x_wconf 85' lang='lat' dir='ltr'><strong>hebdomadis</strong></span> <span class='ocrx_word' id='word_1_460' title='bbox 596 2582 748 2614; x_wconf 85' lang='lat' dir='ltr'><strong>sanctae.</strong></span> <span class='ocrx_word' id='word_1_461' title='bbox 766 2577 871 2613; x_wconf 86' lang='lat' dir='ltr'><strong>Vides</strong></span> <span class='ocrx_word' id='word_1_462' title='bbox 886 2578 993 2624; x_wconf 81' lang='lat' dir='ltr'><strong>igitur</strong></span> <span class='ocrx_word' id='word_1_463' title='bbox 1007 2579 1205 2614; x_wconf 89' lang='lat' dir='ltr'><strong>necessario</strong></span> <span class='ocrx_word' id='word_1_464' title='bbox 1220 2579 1256 2613; x_wconf 90' lang='lat' dir='ltr'><strong>in</strong></span> <span class='ocrx_word' id='word_1_465' title='bbox 1271 2579 1355 2613; x_wconf 87' lang='lat' dir='ltr'><strong>luna</strong></span> <span class='ocrx_word' id='word_1_466' title='bbox 1369 2591 1418 2614; x_wconf 84' lang='lat' dir='ltr'><strong>rx.</strong></span> <span class='ocrx_word' id='word_1_467' title='bbox 1435 2579 1626 2627; x_wconf 86' lang='grc' dir='ltr'><strong>νυκτερινὴν,</strong></span> <span class='ocrx_word' id='word_1_468' title='bbox 1640 2581 1680 2616; x_wconf 86' lang='grc' dir='ltr'><strong>ιιι</strong></span> 
     </span>
     <span class='ocr_line' id='line_1_43' title="bbox 131 2633 1677 2682; baseline 0.003 -12"><span class='ocrx_word' id='word_1_469' title='bbox 131 2633 362 2681; x_wconf 55' lang='grc' dir='ltr'><strong>ιᾞαῇιιρινὴν</strong></span> <span class='ocrx_word' id='word_1_470' title='bbox 373 2635 610 2682; x_wconf 83' lang='lat' dir='ltr'><strong>accipiendam</strong></span> <span class='ocrx_word' id='word_1_471' title='bbox 621 2646 709 2671; x_wconf 87' lang='lat' dir='ltr'><strong>esse.</strong></span> <span class='ocrx_word' id='word_1_472' title='bbox 731 2634 772 2669; x_wconf 87' lang='lat' dir='ltr'><strong>Iu</strong></span> <span class='ocrx_word' id='word_1_473' title='bbox 785 2645 853 2680; x_wconf 88' lang='lat' dir='ltr'><strong>quo</strong></span> <span class='ocrx_word' id='word_1_474' title='bbox 865 2635 950 2669; x_wconf 87' lang='lat' dir='ltr'><strong>illud</strong></span> <span class='ocrx_word' id='word_1_475' title='bbox 961 2634 1304 2670; x_wconf 81' lang='lat' dir='ltr'><strong>animadvertendum</strong></span> <span class='ocrx_word' id='word_1_476' title='bbox 1313 2661 1322 2677; x_wconf 94' lang='lat'>‚</span> <span class='ocrx_word' id='word_1_477' title='bbox 1337 2636 1418 2671; x_wconf 86' lang='lat' dir='ltr'><strong>licet</strong></span> <span class='ocrx_word' id='word_1_478' title='bbox 1432 2637 1469 2672; x_wconf 92' lang='lat' dir='ltr'><strong>in</strong></span> <span class='ocrx_word' id='word_1_479' title='bbox 1484 2635 1620 2673; x_wconf 85' lang='lat' dir='ltr'><strong>haeresi</strong></span> <span class='ocrx_word' id='word_1_480' title='bbox 1630 2650 1677 2676; x_wconf 77' lang='grc' dir='ltr'><strong>ιι.</strong></span> 
     </span>
     <span class='ocr_line' id='line_1_44' title="bbox 131 2691 1679 2739; baseline 0.003 -12"><span class='ocrx_word' id='word_1_481' title='bbox 131 2691 183 2727; x_wconf 62' lang='grc' dir='ltr'><strong>ιιι</strong></span> <span class='ocrx_word' id='word_1_482' title='bbox 191 2694 371 2738; x_wconf 62' lang='grc' dir='ltr'><strong>νυκτερινῆς</strong></span> <span class='ocrx_word' id='word_1_483' title='bbox 386 2696 422 2729; x_wconf 84' lang='lat' dir='ltr'><strong>et</strong></span> <span class='ocrx_word' id='word_1_484' title='bbox 435 2691 583 2738; x_wconf 77' lang='grc' dir='ltr'><strong>ἡμερινῆς</strong></span> <span class='ocrx_word' id='word_1_485' title='bbox 599 2692 768 2727; x_wconf 85' lang='lat' dir='ltr'><strong>vocabula</strong></span> <span class='ocrx_word' id='word_1_486' title='bbox 783 2692 986 2737; x_wconf 82' lang='lat' dir='ltr'><strong>sumpserit,</strong></span> <span class='ocrx_word' id='word_1_487' title='bbox 1007 2695 1047 2726; x_wconf 91' lang='lat' dir='ltr'><strong>ut</strong></span> <span class='ocrx_word' id='word_1_488' title='bbox 1067 2702 1089 2726; x_wconf 84' lang='lat' dir='ltr'><strong>a</strong></span> <span class='ocrx_word' id='word_1_489' title='bbox 1109 2693 1271 2737; x_wconf 78' lang='grc' dir='ltr'><strong>νυκτερινῇ</strong></span> <span class='ocrx_word' id='word_1_490' title='bbox 1293 2703 1429 2739; x_wconf 87' lang='lat' dir='ltr'><strong>semper</strong></span> <span class='ocrx_word' id='word_1_491' title='bbox 1452 2694 1615 2738; x_wconf 84' lang='lat' dir='ltr'><strong>ordiatur,</strong></span> <span class='ocrx_word' id='word_1_492' title='bbox 1638 2707 1679 2731; x_wconf 84' lang='lat' dir='ltr'><strong>ac</strong></span> 
     </span>
     <span class='ocr_line' id='line_1_45' title="bbox 131 2747 1812 2799; baseline 0.003 -16"><span class='ocrx_word' id='word_1_493' title='bbox 131 2747 274 2783; x_wconf 59' lang='lat' dir='ltr'><strong>mebi</strong></span> <span class='ocrx_word' id='word_1_494' title='bbox 284 2749 370 2785; x_wconf 77' lang='lat' dir='ltr'><strong>luna</strong></span> <span class='ocrx_word' id='word_1_495' title='bbox 381 2747 514 2796; x_wconf 77' lang='grc' dir='ltr'><strong>ὴμερινὴ</strong></span> <span class='ocrx_word' id='word_1_496' title='bbox 530 2760 552 2784; x_wconf 90' lang='lat' dir='ltr'><strong>a</strong></span> <span class='ocrx_word' id='word_1_497' title='bbox 567 2752 732 2795; x_wconf 85' lang='lat' dir='ltr'><strong>sequente</strong></span> <span class='ocrx_word' id='word_1_498' title='bbox 747 2750 909 2794; x_wconf 77' lang='grc' dir='ltr'><strong>νυκτερινῇ</strong></span> <span class='ocrx_word' id='word_1_499' title='bbox 925 2759 1105 2794; x_wconf 75' lang='lat' dir='ltr'><strong>nunquam</strong></span> <span class='ocrx_word' id='word_1_500' title='bbox 1120 2748 1403 2798; x_wconf 58' lang='grc' dir='ltr'><strong>αρροιιοῃιηιιοο</strong></span> <span class='ocrx_word' id='word_1_501' title='bbox 1417 2751 1454 2785; x_wconf 89' lang='grc' dir='ltr'><strong>ιιι</strong></span> <span class='ocrx_word' id='word_1_502' title='bbox 1467 2752 1544 2787; x_wconf 90' lang='lat' dir='ltr'><strong>loco</strong></span> <span class='ocrx_word' id='word_1_503' title='bbox 1559 2756 1677 2789; x_wconf 72' lang='lat' dir='ltr'><strong>tamen</strong></span> <span class='ocrx_word' id='word_1_504' title='bbox 1712 2773 1742 2799; x_wconf 67' lang='grc' dir='ltr'><strong>ρ.</strong></span> <span class='ocrx_word' id='word_1_505' title='bbox 1753 2765 1812 2794; x_wconf 77' lang='lat'><strong>297.</strong></span> 
     </span>
     <span class='ocr_line' id='line_1_46' title="bbox 131 2794 1678 2853; baseline 0.001 -13"><span class='ocrx_word' id='word_1_506' title='bbox 131 2802 362 2850; x_wconf 59' lang='lat' dir='ltr'><strong>Epiphuium</strong></span> <span class='ocrx_word' id='word_1_507' title='bbox 374 2805 463 2842; x_wconf 60' lang='grc' dir='ltr'><strong>ἐἰη</strong></span> <span class='ocrx_word' id='word_1_508' title='bbox 477 2816 607 2847; x_wconf 79' lang='lat' dir='ltr'><strong>errore,</strong></span> <span class='ocrx_word' id='word_1_509' title='bbox 630 2806 703 2840; x_wconf 78' lang='lat' dir='ltr'><strong>sive</strong></span> <span class='ocrx_word' id='word_1_510' title='bbox 724 2805 767 2840; x_wconf 87' lang='lat' dir='ltr'><strong>de</strong></span> <span class='ocrx_word' id='word_1_511' title='bbox 787 2804 957 2839; x_wconf 79' lang='lat' dir='ltr'><strong>industria</strong></span> <span class='ocrx_word' id='word_1_512' title='bbox 979 2802 1093 2848; x_wconf 81' lang='grc' dir='ltr'><strong>ἐνάτην</strong></span> <span class='ocrx_word' id='word_1_513' title='bbox 1114 2794 1368 2849; x_wconf 49' lang='lat' dir='ltr'><strong>iliuffl&#39;fflcm,</strong></span> <span class='ocrx_word' id='word_1_514' title='bbox 1391 2818 1478 2853; x_wconf 83' lang='lat' dir='ltr'><strong>quae</strong></span> <span class='ocrx_word' id='word_1_515' title='bbox 1493 2809 1540 2843; x_wconf 78' lang='lat' dir='ltr'><strong>sit</strong></span> <span class='ocrx_word' id='word_1_516' title='bbox 1554 2814 1678 2845; x_wconf 81' lang='lat' dir='ltr'><strong>octava,</strong></span> 
     </span>
     <span class='ocr_line' id='line_1_47' title="bbox 132 2859 1675 2912; baseline 0.005 -17"><span class='ocrx_word' id='word_1_517' title='bbox 132 2859 264 2906; x_wconf 66' lang='grc' dir='ltr'><strong>ἥμορινὴ</strong></span> <span class='ocrx_word' id='word_1_518' title='bbox 275 2863 312 2896; x_wconf 81' lang='lat' dir='ltr'><strong>et</strong></span> <span class='ocrx_word' id='word_1_519' title='bbox 320 2859 479 2906; x_wconf 52' lang='lat' dir='ltr'><strong>inditbtnv</strong></span> <span class='ocrx_word' id='word_1_520' title='bbox 490 2861 670 2909; x_wconf 81' lang='grc' dir='ltr'><strong>νυκτερινὴν</strong></span> <span class='ocrx_word' id='word_1_521' title='bbox 682 2862 826 2898; x_wconf 87' lang='lat' dir='ltr'><strong>desinat.</strong></span> <span class='ocrx_word' id='word_1_522' title='bbox 850 2861 902 2896; x_wconf 82' lang='lat' dir='ltr'><strong>Ad</strong></span> <span class='ocrx_word' id='word_1_523' title='bbox 914 2873 1088 2897; x_wconf 85' lang='lat' dir='ltr'><strong>summam</strong></span> <span class='ocrx_word' id='word_1_524' title='bbox 1099 2861 1324 2901; x_wconf 77' lang='lat' dir='ltr'><strong>hebdomadis</strong></span> <span class='ocrx_word' id='word_1_525' title='bbox 1335 2868 1477 2900; x_wconf 84' lang='lat' dir='ltr'><strong>sanctae</strong></span> <span class='ocrx_word' id='word_1_526' title='bbox 1484 2866 1595 2912; x_wconf 88' lang='lat' dir='ltr'><strong>prima</strong></span> <span class='ocrx_word' id='word_1_527' title='bbox 1602 2867 1675 2902; x_wconf 82' lang='lat' dir='ltr'><strong>dies</strong></span> 
     </span>
     <span class='ocr_line' id='line_1_48' title="bbox 133 2917 1672 2966; baseline 0.005 -15"><span class='ocrx_word' id='word_1_528' title='bbox 133 2927 155 2951; x_wconf 88' lang='lat' dir='ltr'><strong>a</strong></span> <span class='ocrx_word' id='word_1_529' title='bbox 169 2917 252 2952; x_wconf 85' lang='lat' dir='ltr'><strong>luna</strong></span> <span class='ocrx_word' id='word_1_530' title='bbox 265 2929 314 2954; x_wconf 82' lang='lat' dir='ltr'><strong>rx.</strong></span> <span class='ocrx_word' id='word_1_531' title='bbox 331 2917 454 2953; x_wconf 88' lang='lat' dir='ltr'><strong>diurna</strong></span> <span class='ocrx_word' id='word_1_532' title='bbox 467 2920 510 2954; x_wconf 88' lang='lat' dir='ltr'><strong>ad</strong></span> <span class='ocrx_word' id='word_1_533' title='bbox 526 2919 582 2954; x_wconf 73' lang='lat' dir='ltr'><strong>xv.</strong></span> <span class='ocrx_word' id='word_1_534' title='bbox 600 2919 758 2954; x_wconf 87' lang='lat' dir='ltr'><strong>diurnam</strong></span> <span class='ocrx_word' id='word_1_535' title='bbox 772 2917 928 2954; x_wconf 89' lang='lat' dir='ltr'><strong>inchoari</strong></span> <span class='ocrx_word' id='word_1_536' title='bbox 942 2922 1074 2965; x_wconf 84' lang='lat' dir='ltr'><strong>potest,</strong></span> <span class='ocrx_word' id='word_1_537' title='bbox 1095 2922 1174 2962; x_wconf 87' lang='lat' dir='ltr'><strong>aut,</strong></span> <span class='ocrx_word' id='word_1_538' title='bbox 1195 2920 1288 2966; x_wconf 85' lang='lat' dir='ltr'><strong>quod</strong></span> <span class='ocrx_word' id='word_1_539' title='bbox 1301 2921 1394 2956; x_wconf 90' lang='lat' dir='ltr'><strong>idem</strong></span> <span class='ocrx_word' id='word_1_540' title='bbox 1410 2926 1479 2965; x_wconf 89' lang='lat' dir='ltr'><strong>est,</strong></span> <span class='ocrx_word' id='word_1_541' title='bbox 1497 2933 1524 2958; x_wconf 86' lang='lat' dir='ltr'><strong>·a</strong></span> <span class='ocrx_word' id='word_1_542' title='bbox 1538 2924 1623 2958; x_wconf 85' lang='lat' dir='ltr'><strong>luna</strong></span> <span class='ocrx_word' id='word_1_543' title='bbox 1638 2936 1672 2960; x_wconf 91' lang='lat' dir='ltr'><strong>x.</strong></span> 
     </span>
     <span class='ocr_line' id='line_1_49' title="bbox 133 2973 1672 3026; baseline 0.002 -17"><span class='ocrx_word' id='word_1_544' title='bbox 133 2976 302 3012; x_wconf 66' lang='lat' dir='ltr'><strong>necturna</strong></span> <span class='ocrx_word' id='word_1_545' title='bbox 316 2973 360 3010; x_wconf 80' lang='lat' dir='ltr'><strong>ad</strong></span> <span class='ocrx_word' id='word_1_546' title='bbox 373 2978 580 3013; x_wconf 69' lang='lat' dir='ltr'><strong>nocturnam</strong></span> <span class='ocrx_word' id='word_1_547' title='bbox 592 2988 663 3012; x_wconf 91' lang='lat' dir='ltr'><strong>xv1.</strong></span> <span class='ocrx_word' id='word_1_548' title='bbox 710 2975 806 3017; x_wconf 85' lang='lat' dir='ltr'><strong>Quae</strong></span> <span class='ocrx_word' id='word_1_549' title='bbox 821 2986 946 3011; x_wconf 82' lang='lat' dir='ltr'><strong>caussa</strong></span> <span class='ocrx_word' id='word_1_550' title='bbox 959 2975 1108 3011; x_wconf 81' lang='lat' dir='ltr'><strong>fortasse</strong></span> <span class='ocrx_word' id='word_1_551' title='bbox 1121 2976 1204 3020; x_wconf 78' lang='lat' dir='ltr'><strong>fuit,</strong></span> <span class='ocrx_word' id='word_1_552' title='bbox 1226 2988 1287 3013; x_wconf 86' lang='lat' dir='ltr'><strong>cur</strong></span> <span class='ocrx_word' id='word_1_553' title='bbox 1308 2979 1358 3014; x_wconf 85' lang='lat' dir='ltr'><strong>ita</strong></span> <span class='ocrx_word' id='word_1_554' title='bbox 1372 2980 1585 3026; x_wconf 85' lang='lat' dir='ltr'><strong>conciperet,</strong></span> <span class='ocrx_word' id='word_1_555' title='bbox 1609 2978 1672 3014; x_wconf 66' lang='grc' dir='ltr'><strong>ἀπὸ</strong></span> 
     </span>
     <span class='ocr_line' id='line_1_50' title="bbox 135 3027 1675 3084; baseline 0.003 -19"><span class='ocrx_word' id='word_1_556' title='bbox 135 3027 270 3083; x_wconf 61' lang='grc' dir='ltr'><strong>δεκάτης</strong></span> <span class='ocrx_word' id='word_1_557' title='bbox 283 3030 348 3071; x_wconf 65' lang='grc' dir='ltr'><strong>ἕως·</strong></span> <span class='ocrx_word' id='word_1_558' title='bbox 358 3029 604 3079; x_wconf 51' lang='lat' dir='ltr'><strong>&amp;timerium</strong></span> <span class='ocrx_word' id='word_1_559' title='bbox 616 3030 908 3075; x_wconf 80' lang='grc' dir='ltr'><strong>πεντεκαιδεκάτης.</strong></span> <span class='ocrx_word' id='word_1_560' title='bbox 952 3032 1021 3068; x_wconf 87' lang='lat' dir='ltr'><strong>Ubi</strong></span> <span class='ocrx_word' id='word_1_561' title='bbox 1037 3031 1284 3079; x_wconf 77' lang='grc' dir='ltr'><strong>ἐπιφώσκουσαν</strong></span> <span class='ocrx_word' id='word_1_562' title='bbox 1299 3046 1372 3071; x_wconf 89' lang='lat' dir='ltr'><strong>non</strong></span> <span class='ocrx_word' id='word_1_563' title='bbox 1386 3036 1458 3071; x_wconf 86' lang='lat' dir='ltr'><strong>iam</strong></span> <span class='ocrx_word' id='word_1_564' title='bbox 1473 3037 1675 3084; x_wconf 83' lang='lat' dir='ltr'><strong>simpliciter</strong></span> 
     </span>
    </p>
   </div>
   <div class='ocr_carea' id='block_1_5' title="bbox 1351 3104 1405 3139">
    <p class='ocr_par' dir='ltr' id='par_1_6' title="bbox 1351 3104 1405 3139">
     <span class='ocr_line' id='line_1_51' title="bbox 1351 3104 1405 3139; baseline 0 -20"><span class='ocrx_word' id='word_1_565' title='bbox 1351 3104 1405 3139; x_wconf 73' lang='lat' dir='ltr'><strong>R..</strong></span> 
     </span>
    </p>
   </div>
  </div>
 </body>
</html>
