2008 3294
1538 171 1670 208 CXXV

1375 304 1488 331 Mensss
1504 303 1627 333 Iuliani,

1345 339 1450 373 quibus
1467 338 1529 365 fere
1548 338 1658 364 caeteri

1410 373 1597 406 respondent.

165 342 279 370 Menses
296 341 416 369 Iudaici.
534 341 647 369 Menses
665 341 853 369 Macedonici.
985 339 1097 366 Menses
1115 340 1214 366 Attici.

157 449 267 486 Nisan
561 449 723 490 Ξανθικὸς
961 445 1215 493 Ἐλαφηβολιών
1366 446 1514 482 Martius

156 507 224 542 liar
559 505 756 553 Ἀρτεμίσιος
961 504 1156 550 Μουνυχιὼν
1367 504 1494 550 Aprilis

156 563 287 600 Siuvan
561 563 690 604 Δαίσιος
962 560 1157 608 Θαργηλιὼν
1367 561 1482 596 Maius

157 620 312 657 Thamuz
561 619 707 668 Πάνεμος
963 617 1209 665 Σκιρῤοφοριών
1368 618 1487 652 Iunius

155 678 210 713 Ab
561 678 656 724 Λῷος
963 673 1212 722 Ἑκατομβαιών
1367 674 1475 709 Iulius

155 734 235 770 Elul
560 734 734 781 Εορπιαῖος
962 731 1201 779 Μεταγειτνιών
1368 732 1548 778 Augustus

155 791 247 827 Tisri
561 790 823 838 Ὑπερβερεταίῖος
962 788 1176 836 Βοηδρομιὼν
1367 789 1572 836 September

156 847 408 885 Marohesuvan
562 848 638 888 Δῖος
962 845 1218 892 Μαιμακτηριών
1369 845 1518 881 October

157 905 315 941 Chasseu
561 904 758 946 Ἀπελλαῖος
962 902 1152 949 Πυανεψιών
1368 902 1563 938 November

155 961 312 999 Thebeth
561 962 740 1003 Αὗδυναῖος
962 959 1145 995 Ποσιιδεών
1367 960 1557 995 December

156 1018 332 1056 Schebath
561 1019 705 1066 Περίτιος
962 1017 1138 1064 Γομηλιών
1367 1017 1548 1052 Ianuarius

156 1076 250 1112 Adar
561 1076 705 1124 Δύστρος
962 1073 1195 1121 Ἀνθεστηριών
1367 1074 1575 1110 Februarius

125 1190 171 1226 At
184 1191 222 1226 in
238 1190 386 1238 epistola
400 1191 549 1239 Philippi
563 1190 793 1227 Macedonum
807 1191 918 1238 regis,
935 1195 1026 1238 quae
1041 1194 1094 1226 est
1108 1189 1201 1237 apud
1216 1189 1394 1225 Demosth.
1411 1190 1483 1236 περὶ
1494 1187 1671 1235 Στεφάνου,

123 1247 216 1284 Lous
233 1259 312 1283 cum
328 1248 440 1284 Attico
456 1248 639 1285 Boedrom.
657 1249 883 1296 componitur,
905 1251 945 1283 ut
960 1248 1048 1283 alius
1063 1258 1126 1294 per
1140 1247 1201 1282 illa
1216 1250 1374 1294 tempora
1389 1247 1564 1282 mensium
1580 1246 1673 1293 apud

122 1305 334 1341 Macedonas
350 1309 533 1342 contextus
548 1305 656 1343 fuisse
670 1305 838 1342 videatur.
867 1305 920 1342 De
936 1316 1006 1352 quo
1021 1305 1121 1340 alias.
1152 1304 1252 1340 Nunc
1272 1304 1376 1347 illud,
1399 1304 1493 1351 quod
1514 1304 1603 1347 dixi,
1626 1314 1673 1338 ex

124 1362 376 1409 diagrammate
393 1366 544 1407 constat,
559 1362 801 1399 Macedonicos
816 1373 955 1398 menses
971 1373 1041 1398 uno
1052 1362 1126 1398 fere
1142 1373 1260 1398 mense
1273 1361 1598 1409 Syromacedonicis
1614 1372 1674 1397 an-

125 1420 268 1455 teriores
285 1431 372 1456 esse.
402 1419 492 1456 Nam
506 1419 703 1456 xanthicus
720 1421 872 1468 exempli
887 1431 1012 1456 caussa
1028 1419 1347 1467 Syromacedonum
1363 1422 1417 1454 est
1428 1419 1556 1466 Aprilis
1570 1418 1674 1454 Iulia-
1708 1440 1736 1467 ρ,
1749 1433 1807 1460 140,

124 1488 207 1520 nus,
228 1477 473 1513 Macedonicus
488 1488 570 1513 vero
585 1478 726 1513 tametsi
740 1489 820 1513 cum
835 1478 967 1514 lunaris
989 1483 1043 1513 est
1056 1477 1167 1524 Aprili
1187 1487 1439 1523 nonnunquam
1453 1475 1672 1523 respondeat,

124 1534 263 1581 saepius
278 1537 396 1570 tamen
406 1533 445 1570 in
454 1535 622 1571 Martium
635 1535 794 1579 incurrit,
810 1535 1047 1582 maioremque
1057 1535 1151 1570 illius
1163 1538 1297 1581 partem
1310 1537 1466 1581 occupat.
1490 1533 1672 1569 Caeterum

124 1591 216 1638 apud
238 1590 471 1639 Epiphanimn
493 1591 559 1628 hoc
582 1592 618 1628 in
641 1593 717 1628 loco
740 1603 803 1640 pro
819 1590 1017 1626 ’Δπελλαίου
1040 1589 1097 1638 ις’,
1121 1591 1276 1638 Scaliger
1297 1592 1358 1628 lib.
1372 1603 1405 1626 v.
1428 1591 1471 1626 de
1492 1590 1672 1628 Emendat.

123 1658 205 1695 pag.
219 1647 297 1684 482.
313 1648 354 1684 Β.
370 1649 514 1696 corrigit
527 1647 725 1684 Ἀπελλαίου
743 1647 785 1691 ς’.
825 1649 900 1692 Qua
915 1649 1050 1685 ratione
1065 1649 1248 1696 Apellaeus
1263 1648 1510 1684 Macedonicus
1524 1647 1672 1684 Novem-

123 1706 195 1741 bris
210 1717 262 1743 ω.
279 1706 441 1753 coeperit.
474 1706 574 1749 Quod
587 1716 752 1756 verumne
768 1706 814 1742 sit
827 1707 956 1744 nescio.

214 1762 306 1797 Κατὰ
320 1761 498 1807 Ἀθηναίοις
513 1764 786 1811 Μεταγειτνιῶνος
803 1762 953 1811 ἑβδόμη]
986 1763 1133 1800 Constat
1154 1774 1199 1799 ex
1221 1764 1263 1799 iis
1280 1773 1368 1811 quae
1384 1763 1489 1810 paulo
1506 1766 1587 1799 ante
1602 1762 1671 1798 dis-

123 1822 246 1867 putata
261 1822 359 1866 sunt,
376 1820 704 1856 Maemacterionem
720 1822 764 1856 ab
780 1821 1082 1857 Hecatombaeone
1098 1832 1175 1856 esse
1191 1824 1370 1868 quartum,
1394 1820 1485 1867 quod
1501 1824 1537 1856 et
1550 1819 1606 1855 hic
1622 1821 1671 1855 lo·

125 1888 184 1913 cus
200 1877 375 1914 evidenter
390 1877 614 1914 demonstrat.
659 1877 750 1913 Nam
764 1878 998 1925 Metagitnion
1019 1879 1202 1925 proximus
1225 1881 1279 1914 est
1298 1878 1343 1914 ab
1358 1878 1672 1914 Hecatombaeone.

123 1933 234 1980 Igitur
252 1933 438 1982 Epiphanii
459 1935 599 1971 saeculo
614 1935 897 1971 Hecatombaeon
913 1935 1063 1971 October
1083 1939 1172 1979 erat,
1192 1935 1463 1971 Maemaeterion
1477 1935 1671 1972 Ianuarius.

122 1991 312 2035 Neomenia
323 1992 623 2028 Maemacterionis
639 1993 801 2040 congruit
814 1992 891 2028 Kal.
906 1993 992 2040 ipsis
1008 1993 1168 2028 Ianuarii.
1192 1992 1282 2028 Nam
1295 2005 1341 2030 vr.
1353 1993 1536 2030 Maemact.
1551 1993 1673 2028 eadem

124 2052 178 2084 est
190 2042 342 2085 lunarii
356 2061 402 2085 vr.
432 2049 540 2096 Atqui
559 2050 744 2085 neomenia
760 2050 1024 2097 Metagitnionis
1046 2061 1118 2085 non
1140 2050 1300 2086 convenit
1313 2050 1390 2086 Kal.
1406 2050 1493 2086 Nor.
1538 2049 1673 2097 Quippe

123 2117 199 2143 vm.
213 2104 378 2148 Novam
394 2105 572 2157 duptaxat
581 2110 634 2144 ost
647 2107 926 2154 Metagitnionis3
948 2107 1016 2142 nisi
1037 2107 1203 2143 mendum
1224 2108 1270 2142 sit
1289 2107 1327 2143 in
1341 2106 1527 2155 Epiphanii
1542 2107 1671 2143 codice.

122 2163 155 2199 A
169 2161 323 2211 sect'md‘s
334 2162 488 2219 §errand
497 2163 695 2200 ultimatam
707 2164 789 2200 Dec.
802 2164 876 2200 dies
887 2167 970 2200 sunt
982 2176 1028 2200 nx
1037 2191 1046 2207 ‚
1063 2175 1200 2200 menses
1213 2164 1476 2200 Atheniensium
1489 2165 1567 2200 duo.
1591 2165 1672 2199 Pro-

123 2220 204 2256 inde
218 2208 461 2271 noilulhnff,
476 2220 539 2257 sed
549 2221 790 2268 aequabilibus
803 2226 838 2257 et
848 2222 1071 2269 Aegyptiacis
1083 2221 1262 2257 mensibus
1275 2222 1330 2257 usi
1341 2226 1423 2257 sunt
1434 2221 1673 2264 Athenienses,

125 2288 204 2312 cum
218 2277 371 2325 primum
382 2277 497 2314 fixum
513 2282 548 2314 et
563 2279 723 2320 stabilem
740 2290 871 2315 annum
886 2278 1127 2315 adhibuerunt.
1158 2279 1232 2314 Imo
1247 2290 1329 2315 vero
1351 2279 1503 2326 idipsum
1526 2280 1618 2327 apud
1632 2280 1674 2314 il-

123 2334 176 2370 los
192 2335 470 2382 antiquissimam
483 2335 593 2371 fuisse
608 2347 679 2371 non
694 2337 827 2383 primus
843 2336 1009 2383 Scaliger,
1031 2340 1072 2372 ut
1087 2337 1266 2383 gloriatur,
1289 2336 1352 2372 sed
1368 2336 1464 2372 Gaza
1479 2340 1560 2372 ante
1574 2337 1673 2372 illum

125 2391 242 2427 docuit
255 2392 315 2428 lib.
332 2392 374 2428 de
388 2393 584 2436 Mensibus,
601 2393 663 2428 ubi
677 2393 719 2428 de
735 2404 827 2429 anno
843 2393 1006 2441 disputat.
1036 2393 1174 2430 Etenim
1190 2405 1320 2437 annus,
1335 2394 1468 2441 inquit,
1483 2394 1577 2440 apud
1593 2394 1672 2429 illos

125 2453 200 2485 erat
215 2449 358 2497 duplex;
381 2451 468 2486 alter
489 2451 623 2486 dierum
640 2460 773 2494 ccccx,
795 2451 894 2487 cuius
914 2451 951 2486 in
973 2450 1044 2486 fine
1067 2451 1274 2498 appendices
1290 2463 1313 2486 v
1328 2451 1402 2486 dies
1420 2451 1672 2495 inserebantur,

126 2506 170 2542 ad
184 2517 272 2554 quos
287 2510 410 2554 quarto
426 2518 564 2555 quoque
579 2518 670 2542 anno
687 2507 760 2542 dies
781 2518 872 2543 unus
893 2508 1096 2551 accedebat,
1119 2508 1206 2543 alter
1227 2509 1358 2544 lunaris
1377 2508 1455 2545 fuit.
1493 2507 1540 2551 ,In
1559 2509 1674 2556 priore

124 2563 238 2599 forma
251 2564 423 2602 tricenarii
437 2575 576 2600 menses
593 2568 710 2608 erant,
726 2564 771 2599 ad
785 2565 928 2600 modum
939 2565 1148 2612 Aegyptiaci
1162 2566 1244 2600 anni
1253 2591 1262 2608 ‚
1278 2566 1423 2600 ultimus
1438 2566 1568 2601 mensis
1581 2579 1602 2601 v
1618 2566 1674 2602 vel

126 2632 163 2657 vr
177 2619 299 2656 diebus
315 2621 447 2658 auctior
461 2626 545 2658 erat.
578 2622 671 2657 Haec
690 2621 794 2657 Gaza.
826 2621 926 2664 Quod
946 2625 1062 2657 utrum
1081 2622 1203 2668 priscis
1217 2622 1286 2657 illis
1300 2622 1515 2669 temporibus
1530 2634 1597 2658 usu
1611 2635 1673 2670 po-

126 2677 240 2723 pulari
252 2682 429 2726 receptum
442 2679 563 2722 fuerit,
586 2679 669 2714 alibi
685 2679 874 2715 disseritur.
905 2678 990 2714 Post
1003 2678 1174 2714 lulianam
1191 2679 1330 2725 quidem
1345 2679 1531 2715 editionem
1540 2707 1549 2723 ,
1569 2684 1674 2727 atque

126 2733 311 2781 Epiphanii
324 2737 479 2780 saeculo,
496 2735 666 2772 eiusmodi
682 2746 814 2771 annum
830 2736 1052 2771 observatum
1066 2734 1212 2770 Athenis
1227 2735 1335 2771 fuisse
1350 2747 1396 2771 ex
1411 2736 1476 2772 hoc
1487 2737 1674 2784 Epiphanii

126 2792 203 2826 loco
219 2791 343 2828 coniici
357 2796 482 2839 potest.
513 2793 560 2828 Ut
579 2793 673 2828 enim
688 2793 924 2840 Aegyptiacus
946 2803 1059 2827 annus
1082 2792 1262 2828 mensibus
1283 2793 1475 2830 tricenariis
1499 2798 1671 2838 constans,

128 2859 208 2884 cum
227 2848 394 2885 hactenns
415 2850 483 2886 diei
503 2850 719 2886 intercalaris
744 2850 932 2885 omissione
953 2860 1015 2896 per
1036 2849 1209 2885 Iulianum
1231 2861 1363 2886 annum
1383 2856 1599 2898 evagaretur,
1621 2864 1673 2887 re-

128 2909 228 2952 cepto
244 2916 335 2941 anno
346 2906 470 2942 Iuliani
480 2911 564 2955 typo
580 2907 782 2942 tricenarios
798 2917 936 2942 menses
952 2905 1177 2942 nihilominus
1192 2907 1348 2952 retinuit,
1365 2919 1445 2944 cum
1457 2907 1672 2955 ἐπαγομέναις

129 2973 160 3006 v,
185 2966 218 2998 et
233 2963 405 2999 interdum
419 2975 473 3007 vr,
495 2965 546 3000 ita
566 2964 727 2999 credibile
751 2967 804 2999 est
818 2963 1047 2999 Athenienses
1069 2964 1106 2999 in
1122 2975 1213 3000 anno
1229 2975 1293 3000 suo
1307 2965 1448 3009 fecisse,
1472 2970 1511 3000 ut
1530 2967 1672 3001 tricenis

129 3020 300 3056 duntaxat
315 3020 435 3056 diebus
450 3021 580 3068 singuli
594 3033 732 3058 menses
748 3021 979 3065 decurrerent,
995 3032 1060 3057 nec
1076 3021 1120 3056 ad
1134 3021 1347 3058 Iulianorum
1363 3024 1535 3058 mensium
1547 3023 1672 3058 descri-
