2008 3294
250 571 277 595 p.
291 563 349 589 196.

253 2807 279 2833 p.
295 2799 350 2827 1⁹7.

385 173 560 209 CLXXIV

384 277 444 311 illa
454 275 605 311 wilfridi
619 275 805 322 disputatio
820 274 979 321 pertinet.
1002 275 1092 311 Nam
1109 275 1222 310 Scotis
1239 274 1444 320 exprobrat,
1459 274 1552 322 quod
1569 275 1702 310 cumin
1716 286 1788 311 ιη.
1803 273 1933 322 pascha

385 334 614 375 celebrarent,
635 343 707 367 non
728 342 805 366 eam
827 335 946 367 tamen
967 345 1038 369 xrv.
1054 331 1227 378 paschalis
1243 332 1414 366 rationem
1428 331 1609 375 haberent,
1632 343 1737 378 quam
1752 331 1932 367 Anatolius

383 390 660 436 praescripserat.
689 389 754 423 Hic
770 389 863 423 enim
878 401 949 424 xxv.
964 389 1062 424 illam
1075 388 1274 436 paschalem
1290 388 1462 423 duntaxat
1476 400 1552 424 esse
1567 389 1741 432 voluerat,
1765 399 1869 434 quam
1889 388 1934 423 ad

383 456 562 492 vesperam
577 445 808 492 plenilunium
823 447 1013 492 exciperet,
1037 446 1102 481 hoc
1125 450 1178 480 est
1199 449 1278 480 ante
1294 445 1378 480 solis
1399 455 1578 489 occasum3
1603 445 1733 492 alioqui
1747 457 1841 489 xm„
1861 456 1934 480 non

384 515 455 537 xiv.
471 503 649 538 diceretur.
695 502 741 537 At
763 502 860 538 Scoti
881 503 976 538 nullo
991 503 1190 538 istiusmodi
1205 503 1354 546 delectu,
1376 514 1448 538 xrv.
1462 503 1558 538 illam
1573 502 1729 550 paschali
1744 502 1935 537 celebritati

384 560 651 602 consecrabant,
675 570 764 606 quae
784 560 822 594 in
844 571 924 595 eum
945 560 1037 595 diem
1058 560 1239 602 incideret,
1262 563 1341 606 post
1356 559 1454 594 cuius
1469 563 1583 596 ortum
1599 560 1833 606 subsequente
1848 558 1934 594 dun-

384 621 484 651 taxat
498 620 599 652 nocte
614 617 844 663 plenilunium
859 618 1139 660 committeretur,
1162 620 1412 663 proptereaque
1433 628 1505 652 non
1520 629 1578 654 xv.
1594 617 1696 660 luna,
1712 616 1774 651 sed
1789 628 1859 651 xrv.
1874 627 1935 651 vo-

385 678 528 717 caretur,
544 685 586 708 ea
601 685 700 717 vero,
717 684 787 720 qua
801 666 932 720 pascha
945 678 1123 721 peractum
1138 674 1266 716 fuerat,
1282 686 1360 708 xm.
1405 673 1499 708 Haec
1516 677 1570 709 est
1585 674 1725 709 omnino
1742 673 1936 708 difficillimi

384 731 476 766 illius
492 731 561 766 loci
575 731 764 774 senteutia3
779 731 968 766 secundum
986 742 1090 777 quam
1103 731 1284 766 Anatolius
1298 730 1688 776 Τεσσαρεςκαιδεκατιτῶν
1700 730 1807 766 errori
1820 733 1936 776 patro-

384 788 531 834 cinatur,
547 787 630 823 dum
643 788 728 822 illud
743 789 916 831 statuitur,
938 787 1139 835 paschalem
1161 799 1205 823 ex
1228 788 1301 822 eius
1325 787 1482 823 instituto
1497 799 1570 824 xxv.
1586 787 1684 823 illam
1699 798 1776 823 esse
1793 797 1882 833 quae
1897 787 1935 821 in

383 845 613 890 plenilunium
628 844 764 880 desinit.
810 844 906 888 Quae
926 857 1019 894 npva
1042 849 1096 880 est
1109 845 1255 880 istorum
1277 843 1502 879 hallucinatio
1525 847 1560 879 et
1580 845 1619 879 in
1633 844 1834 890 Anatolium
1855 854 1935 879 con-

383 902 473 936 iecta
487 902 672 939 calumnia.
705 901 812 938 Cuius
830 903 1048 938 occasionem
1070 902 1151 937 inde
1168 902 1322 937 oblatam
1338 901 1505 948 suspicor,
1527 899 1622 948 quod
1636 912 1718 936 cum
1732 913 1778 937 ex
1792 901 1936 936 Iudaeo—

383 970 462 993 rum
482 959 659 1006 magistris
680 960 746 993 τῶν
769 959 1002 1006 διαβατηρίων,
1025 958 1090 994 hoc
1115 964 1168 994 est
1188 959 1297 1006 typici
1317 957 1494 1006 paschatis
1518 969 1687 994 canonem
1707 958 1807 994 illum
1830 958 1875 993 ad
1895 958 1936 993 il-

383 1015 598 1051 lustrandam
610 1015 795 1051 Christiani
806 1016 998 1051 doctrinam
1009 1016 1185 1063 paschatis
1198 1016 1388 1059 attulisset,
1405 1027 1473 1062 quo
1484 1014 1704 1063 praecipitur,
1720 1018 1759 1050 ut
1769 1027 1841 1052 xxv.
1853 1015 1938 1050 luna

385 1073 427 1107 ad
438 1083 620 1120 vesperam
634 1072 766 1120 pascha
782 1074 982 1116 celebretur,
999 1075 1064 1109 sub
1079 1074 1194 1120 ipsum
1212 1073 1441 1120 oppositionis
1453 1083 1494 1108 ac
1506 1072 1688 1119 plenilunii
1701 1075 1856 1119 tempus,
1870 1071 1938 1108 hoc

383 1130 435 1165 illi
455 1130 500 1166 ad
515 1129 750 1165 Christianum
770 1129 901 1177 pascha
921 1131 1188 1174 transtulerunt,
1211 1131 1278 1165 rati
1298 1141 1342 1166 ex
1358 1130 1512 1165 Anatolii
1534 1129 1670 1165 decreto
1685 1141 1759 1165 ιη.
1775 1129 1831 1164 die
1851 1129 1937 1164 cele-

383 1187 477 1222 brari
491 1199 611 1234 posse,
628 1191 662 1223 et
677 1187 817 1234 quidem
831 1188 1002 1223 maturius
1018 1199 1124 1234 quam
1136 1187 1272 1224 Iudaeis
1286 1188 1406 1231 liceat,
1423 1187 1516 1234 quod
1528 1190 1582 1222 est
1592 1186 1786 1222 inauditum
1803 1190 1838 1223 et
1849 1186 1938 1221 Ana-

383 1245 468 1280 tolio
482 1256 624 1291 prorsus
639 1245 834 1291 iudignum.

639 1346 868 1384 PERGITUR
890 1347 938 1383 IN
960 1346 1261 1384 EXPLICANDIS
1285 1347 1498 1384 ANATOLII
1517 1346 1692 1384 VERBIS.

475 1415 544 1451 Sed
558 1415 644 1451 illud
659 1417 695 1451 in
711 1417 864 1452 Anatolii
878 1417 955 1453 loco
971 1417 1030 1452 ino
1047 1416 1223 1452 difficilius
1240 1421 1310 1461 est,
1333 1417 1425 1463 quod
1441 1415 1537 1452 addit
1551 1416 1606 1451 die
1621 1415 1740 1452 Martii
1752 1427 1814 1451 xx.
1829 1415 1939 1451 solem

383 1482 455 1508 non
475 1476 611 1508 tantum
632 1478 855 1520 segmentum
876 1474 1008 1509 zodiaci
1028 1475 1180 1521 primum
1201 1475 1400 1522 ingressum
1423 1485 1515 1510 esse:
1540 1471 1616 1508 ἀλλ’
1631 1472 1695 1518 ἤδη
1715 1472 1770 1507 καὶ
1783 1470 1938 1520 τετάρτην

382 1529 506 1577 ἡμέραν
522 1528 553 1564 ἐν
570 1530 662 1578 αὐτῷ
680 1531 935 1579 διαπορεύεσθαι.
966 1531 1148 1567 Ruffinus:
1168 1534 1204 1566 in
1221 1543 1287 1577 qua
1305 1533 1360 1566 die
1374 1532 1426 1566 sol
1439 1534 1647 1566 inveniretur
1663 1543 1728 1565 nou
1741 1531 1846 1566 solum
1863 1541 1939 1565 con-

382 1589 552 1622 scendisse
560 1591 712 1634 primam
722 1595 876 1636 partem,
898 1601 1014 1624 verum
1028 1591 1130 1624 etiam
1146 1595 1305 1635 quartam
1319 1591 1390 1623 iam
1405 1591 1442 1623 in
1466 1601 1502 1623 eo
1525 1589 1580 1623 die
1601 1587 1745 1623 habe-re.-
1767 1587 1804 1623 id
1827 1590 1881 1622 est
1902 1587 1940 1621 in

382 1645 497 1691 prima
511 1656 556 1680 ex
573 1657 623 1681 ιιι
639 1646 806 1693 partibus.
851 1646 906 1682 Ita
927 1645 1019 1693 apud
1035 1645 1168 1681 Bedam
1182 1645 1321 1692 legitur,
1337 1649 1378 1681 ut
1393 1649 1427 1681 et
1441 1646 1479 1681 in
1493 1645 1650 1692 vulgaris
1666 1643 1800 1680 Ruffini
1815 1643 1939 1679 codici-

383 1702 461 1738 bus.
507 1702 613 1738 Porro
629 1702 725 1738 Beda
739 1715 800 1750 per
815 1710 989 1751 quartam,
1013 1702 1104 1746 sive,
1127 1706 1167 1738 ut
1185 1702 1332 1738 subinde
1346 1706 1464 1746 vocat,
1485 1714 1546 1750 per
1562 1701 1939 1749 quadram‚1ulisnum

384 1758 612 1805 quadrantem
625 1760 798 1807 iutelligit.
828 1760 919 1796 Nam
934 1771 1014 1796 cum
1030 1761 1084 1796 sol
1098 1761 1252 1807 primum
1266 1760 1392 1796 Arietis
1408 1763 1630 1807 segmentum
1644 1757 1846 1806 ingreditur,
1865 1756 1938 1793 iam

383 1816 420 1850 in
436 1827 478 1851 ea
493 1816 547 1851 die
563 1817 791 1863 quadrantem
807 1817 966 1853 confecit.
996 1817 1066 1853 Sed
1081 1816 1167 1852 haec
1183 1817 1419 1864 interpretatio
1435 1817 1598 1853 iocularis
1613 1818 1678 1853 est.
1709 1814 1829 1863 Neque
1845 1814 1938 1850 euim

386 1872 518 1909 Graeco
538 1874 608 1920 ipsi
629 1875 801 1910 convenit.
847 1874 976 1910 Scribit
990 1874 1172 1910 Anatolius
1189 1872 1342 1920 τετάρτην
1357 1872 1482 1921 ἡμέραν
1497 1872 1530 1908 ἐν
1547 1872 1639 1920 αὐτῷ
1655 1871 1936 1920 διαπορευόμενος,

384 1929 450 1965 hoc
473 1933 527 1965 est
548 1937 706 1976 quartam
728 1934 799 1966 iam
823 1933 928 1973 dim,-
957 1930 1247 1977 quemadmodum
1269 1930 1362 1978 apud
1383 1929 1564 1967 Ruffinum
1586 1928 1837 1966 restituendum
1860 1939 1936 1964 esse

385 1987 620 2022 emendatiora
634 1987 805 2034 quaedam
820 1988 1034 2035 exemplaria
1047 1987 1266 2035 persuadent.
1297 1987 1387 2023 Tum
1406 1986 1492 2023 illud
1511 1984 1543 2021 lv
1559 1985 1650 2033 αὐτῷ
1667 1985 1711 2022 ad
1726 1986 1871 2033 τμήματι
1885 1996 1937 2021 re-

384 2044 502 2087 fertur,
518 2055 588 2080 non
604 2045 647 2079 ad
663 2043 803 2091 ἡμέρανς
820 2047 860 2080 ut
874 2043 997 2080 Latine
1013 2042 1275 2091 concipiendum
1292 2043 1354 2086 sit,
1369 2050 1525 2090 quartum
1539 2045 1611 2078 iam
1625 2045 1662 2077 in
1678 2055 1720 2078 ea
1737 2044 1834 2079 diem.
1862 2042 1936 2078 Hoc

384 2102 491 2148 igitur
506 2105 625 2137 censet
640 2101 838 2144 Anatolius,
861 2101 972 2137 solem
994 2113 1042 2138 ιι.
1056 2100 1132 2137 Kal.
1144 2101 1225 2148 Apr.
1242 2104 1405 2147 quartum
1427 2100 1498 2136 iam
1521 2100 1557 2135 iu
1577 2099 1690 2147 primo
1706 2100 1857 2147 μ«σμινίματι
1877 2102 1936 2134 τοῦ

386 2157 672 2206 δωδεκατημορίου
688 2158 779 2194 diem
795 2168 909 2205 agere.
951 2156 1052 2201 Quod
1065 2158 1194 2194 mirum
1207 2156 1294 2193 mihi
1308 2156 1452 2193 videtur.
1494 2155 1583 2192 Nam
1598 2155 1663 2192 hac
1677 2156 1811 2193 ratione
1826 2157 1937 2193 solem

385 2216 599 2251 existimavit
620 2215 770 2262 primum
789 2219 958 2263 punctum
974 2215 1098 2251 Arietis
1120 2214 1256 2261 ingredi
1276 2226 1347 2251 xxv.
1363 2213 1439 2250 Kal.
1457 2213 1536 2261 Apr.
1559 2212 1626 2250 hoc
1648 2218 1701 2249 est
1721 2226 1795 2250 ιιι.
1808 2214 1937 2250 Martii.

384 2272 438 2308 Ex
454 2284 523 2320 quo
538 2272 624 2308 illud
639 2272 807 2320 suspicari
821 2283 1023 2320 possumus,
1046 2271 1333 2319 aequinoctialem
1355 2271 1529 2307 cardinem
1545 2282 1615 2307 non
1631 2271 1667 2307 iu
1682 2271 1794 2318 primo
1810 2271 1936 2307 Arietis

385 2334 512 2377 puncto
522 2356 532 2374 ,
548 2329 609 2364 sed
624 2329 660 2365 in
675 2341 722 2367 xv·
737 2329 782 2365 ab
798 2340 839 2365 eo
857 2329 1095 2366 coustitutum.
1121 2327 1418 2371 Quemadmodum
1429 2332 1563 2365 veteres
1577 2328 1661 2364 olim
1675 2328 1711 2363 in
1728 2340 1802 2366 vni.
1819 2328 1936 2375 siguo-

385 2398 462 2423 rum
485 2391 582 2434 parte
605 2386 755 2422 solstitia
777 2389 813 2421 et
834 2386 1055 2433 aequinoctia
1075 2385 1152 2422 fieri
1174 2385 1360 2433 putabant3
1382 2389 1423 2422 ut
1441 2388 1589 2421 testatur
1609 2385 1741 2421 Plinius
1762 2385 1821 2422 lib.
1834 2397 1934 2423 xvxix.

385 2454 460 2491 cap.
479 2455 579 2487 xxv.,
600 2449 635 2480 et
649 2443 843 2479 Columella
856 2443 916 2479 lib.
932 2455 980 2481 ιι.
1002 2454 1077 2491 cap.
1094 2454 1188 2487 xm„
1209 2453 1253 2478 ex
1269 2441 1405 2479 Eudoxi
1419 2445 1456 2480 et
1468 2442 1619 2479 Metonis
1634 2441 1764 2486 Fastis3
1787 2442 1879 2490 quod
1901 2446 1937 2478 et

385 2501 574 2548 Sosigenes
590 2501 806 2548 persuasisse
821 2500 962 2537 Caesari
977 2500 1122 2537 videtur.
1170 2499 1260 2536 Nam
1282 2499 1383 2536 initia
1396 2499 1569 2536 meusium
1585 2503 1743 2547 quatuor,
1759 2510 1848 2547 quae
1863 2509 1936 2535 car-

386 2558 524 2594 dinibus
546 2558 708 2606 proxima
729 2561 825 2601 sunt,
850 2557 894 2593 ab
911 2569 984 2595 vm.
1001 2557 1072 2594 sere
1095 2560 1192 2607 parte
1214 2557 1397 2604 signorum
1410 2556 1623 2604 incipiebant
1637 2559 1750 2592 aetate
1766 2555 1935 2593 Caesaris.

387 2615 486 2662 Apud
503 2615 688 2651 Geminum
711 2613 743 2649 αἱ
759 2614 877 2661 τροπαὶ
893 2614 1069 2663 χιιμιριναὶ
1091 2625 1137 2650 οι
1160 2613 1304 2650 Eudoxo
1329 2617 1449 2661 quarto
1470 2612 1526 2649 die
1547 2613 1772 2661 contingunt,
1797 2624 1841 2649 ex
1865 2624 1934 2661 quo

387 2673 438 2707 sol
455 2671 704 2720 Capricornum
719 2672 898 2719 ingressus
915 2675 978 2708 est.
1010 2672 1056 2707 At
1071 2670 1265 2708 seuuudum
1279 2670 1526 2708 Euctemouem
1541 2670 1653 2719 primo
1669 2670 1744 2718 ipso
1762 2670 1826 2708 die.
1852 2671 1935 2708 Ver-

387 2740 469 2764 uum
494 2735 609 2765 autem
633 2729 891 2776 aequinoctium
914 2732 1015 2765 sexto
1039 2729 1084 2764 ab
1108 2729 1269 2776 ingressu
1292 2728 1417 2765 Arietis
1439 2726 1494 2764 die
1524 2727 1715 2764 secundum
1738 2727 1935 2772 Eudoxum,

385 2797 463 2821 cum
480 2798 523 2822 ex
541 2786 676 2834 Calippi
691 2789 939 2834 parapegmate
955 2786 1066 2833 primo
1086 2786 1162 2833 ipso
1185 2785 1240 2822 die
1260 2785 1503 2822 committatur.
1551 2783 1673 2821 Utrum
1689 2796 1769 2821 vero
1785 2785 1878 2821 idem
1892 2785 1934 2821 de
2006 2834 2008 2838 ι

388 2854 431 2878 ιν.
449 2843 628 2889 signorum
646 2848 742 2891 parte
758 2842 825 2878 sibi
841 2842 1050 2891 persuaserit
1066 2843 1264 2887 Anatolius,
1280 2841 1503 2891 cogitandum
1519 2842 1668 2889 amplius
1685 2846 1747 2878 est.
1771 2842 1860 2878 Nam
1874 2842 1934 2878 illa

388 2899 502 2935 Bedse
518 2901 602 2935 ratio
619 2901 713 2937 nullo
730 2899 832 2936 modo
849 2900 1036 2948 probabilis
1054 2904 1121 2944 est,
1138 2899 1337 2937 Anatolium
1352 2909 1431 2935 eum
1447 2897 1665 2946 n.xal.Apr.
1678 2899 1934 2947 aequinoctium

388 2956 480 3003 ugit,
502 2956 542 2991 de
560 2957 752 3005 vespertino
768 2956 939 2993 duntaxat
952 2957 1065 3004 loqui,
1087 2955 1152 2993 hoe
1173 2961 1227 2993 est
1241 2956 1283 2993 de
1299 2967 1339 2993 eo
1356 2954 1447 3003 quod
1463 2955 1587 2991 accidit
1602 2966 1681 2991 cum
1697 2957 1780 2992 luna
1795 2956 1861 2992 sub
1878 2968 1932 2993 oc-

387 3023 505 3049 casum
522 3014 587 3049 soli
605 3015 762 3061 opposita
778 3018 843 3055 om
869 3018 1046 3062 propterea
1069 3013 1160 3061 quod
1181 3025 1224 3050 ex
1242 3013 1458 3060 anitiquorum
1475 3013 1646 3049 sententia
1661 3017 1796 3060 patrum
1813 3014 1933 3050 statuit
