2008 3294
1524 216 1693 253 ccxcm

343 411 404 447 AD
427 411 659 448 HAERESIM
680 410 884 455 Lxxan,
906 410 1486 447 ANTIDICOMARIANITARUM.

228 493 278 528 De
293 491 714 528 Antidicomarianitarum
731 492 909 538 dogmate,
926 491 1018 539 quod
1033 491 1234 527 Iovinianus
1249 492 1509 539 propugnabat,
1531 494 1690 527 accurate

138 549 291 597 disputat
304 549 546 596 Hieronymus
574 550 659 586 Vide
683 552 718 586 et
740 549 961 585 Ambrosium
985 559 1064 584 cum
1088 549 1165 584 aliis
1189 549 1225 584 in
1247 549 1350 592 locis,
1374 554 1449 584 tum
1472 548 1581 596 Epist.
1598 561 1631 585 v.
1656 552 1692 584 et

137 619 199 643 vu.
223 607 284 642 lib.
299 619 323 642 1.

225 662 269 700 N.
286 675 348 699 vn.
379 658 485 704 Οὗτος
502 663 559 711 μὲν
577 663 638 711 γὰρ
656 662 673 699 ὁ
690 663 839 710 Ἰωσήφ]
869 663 921 699 De
936 662 1001 698 hac
1017 662 1199 710 Epiphanii
1215 664 1405 705 sententia,
1422 667 1457 698 et
1472 664 1614 710 quinam
1631 663 1689 699 do-

136 721 223 756 mini
237 720 362 756 fratres
376 721 428 756 illi
443 721 590 764 fuerint,
613 721 791 768 copiosam
813 720 920 757 habes
944 720 1214 768 disputationem
1232 722 1269 757 in
1285 722 1464 768 Apparatu
1478 721 1523 756 ad
1538 722 1688 757 Annales

135 777 396 813 Ecclesiasticos
413 789 507 813 num.
521 790 578 814 ιι.
596 789 637 813 ac
653 778 827 826 deinceps,

226 833 363 880 Ὧβλίαν
380 834 632 882 ἑρμηνευόμενον
649 835 782 883 τεῖχος]
828 835 952 871 Melius
970 846 1076 882 quam
1091 835 1309 882 Hegesippus
1326 835 1418 881 apud
1435 835 1560 870 Euseb.
1576 836 1636 872 lib.
1652 847 1688 872 n.

136 902 210 940 cap.
223 903 325 928 xxm.
341 892 432 928 unde
447 891 533 927 haec
549 892 731 940 desumpta
745 897 843 935 sunt,
866 893 925 939 qui
941 891 1066 938 ὠβλίαν
1082 893 1327 939 interpretatur
1344 891 1499 939 περιοχὴν
1521 895 1580 927 τοῦ
1603 892 1687 929 λαοῦ

135 948 188 983 καὶ
206 948 421 992 δικαιοσύνην.
452 948 521 984 Sed
537 953 590 984 est
604 949 769 985 Hebraico
790 952 844 990 fi*
877 954 940 992 ny
960 962 1042 991 art,
1059 950 1132 984 sive
1149 952 1286 983 mun-'tio
1303 950 1369 985 dei.

224 1005 266 1042 N.
282 1018 331 1043 ιι.
365 1006 433 1040 Τοῦ
451 1005 485 1040 δὲ
501 1005 652 1052 Ἡρώδου
674 1002 713 1050 ἦν
738 1005 811 1040 κατ’
827 1004 929 1041 ἐκεῖνο
953 1008 1095 1052 καιροῦ]
1142 1006 1285 1041 Falsum
1309 1011 1362 1041 est
1384 1006 1555 1042 Herodem
1577 1007 1687 1049 illum,

135 1074 203 1110 quo
219 1066 388 1110 regnante
402 1073 527 1110 passus
543 1068 595 1098 est
611 1063 790 1106 dominus,
806 1062 964 1098 Archelai
978 1063 1086 1099 fuisse
1102 1063 1231 1106 filium,
1247 1063 1427 1110 multoque
1442 1064 1574 1110 magis,
1595 1064 1688 1110 quod

134 1123 169 1154 et
183 1120 287 1166 paulo
303 1123 429 1167 postet
442 1120 540 1155 initio
557 1121 670 1166 operis
685 1119 807 1163 huius,
829 1120 867 1155 in
890 1120 985 1155 calce
1001 1120 1102 1156 Tomi
1122 1122 1264 1167 prioris,
1287 1120 1492 1163 affirmavit,
1515 1121 1686 1156 Herodem

133 1168 325 1224 Agrippam
339 1176 458 1214 fuisse.
504 1176 585 1213 Fuit
599 1178 691 1213 enim
706 1177 858 1213 Herodes
874 1178 1020 1224 Antipas
1037 1178 1181 1214 Herodis
1198 1178 1318 1224 magni
1333 1177 1444 1220 filius,
1468 1183 1507 1213 ut
1528 1178 1572 1213 ad
1588 1179 1686 1214 illum

133 1234 248 1269 locum
266 1234 488 1270 observatum
503 1238 567 1271 est.

222 1289 263 1326 N.
280 1303 328 1327 ιι.
359 1288 465 1326 Ἀλλὰ
481 1289 525 1338 μὴ
541 1293 639 1326 τοῦτο
655 1294 782 1338 στραφῇ
799 1290 840 1332 εἰς
857 1291 1010 1338 βλάβην.]
1042 1291 1285 1336 Συνειςάκτους,
1307 1291 1372 1327 hoc
1388 1296 1442 1327 est
1457 1293 1684 1327 contuberna-

132 1348 184 1383 les
200 1347 403 1383 clericorum
417 1347 584 1392 feminas,
601 1359 687 1395 quas
704 1355 887 1384 extraneas
901 1349 1016 1385 Latini
1032 1355 1175 1391 vocant,
1192 1350 1399 1385 damnarunt
1416 1354 1546 1384 veteres
1564 1348 1625 1383 PP.
1643 1359 1683 1382 ac

133 1405 272 1452 saepius
287 1408 421 1440 veteres
437 1405 577 1451 synodi,
601 1409 640 1441 ut
659 1405 811 1442 Nicaena
827 1405 911 1443 Can.
923 1418 988 1449 ιιι,
1010 1406 1294 1452 Carthaginensis
1310 1419 1361 1441 111.
1381 1405 1464 1440 Cau.
1479 1417 1576 1447 ιιι-ιι,
1601 1406 1683 1440 Are-

131 1462 274 1498 latensis
289 1475 328 1498 11.
345 1461 429 1498 Gan.
441 1474 505 1506 ιιι,
521 1462 688 1498 Toletana
702 1475 749 1499 ιν.
767 1462 851 1499 Cau.
866 1475 966 1506 un„
983 1463 1132 1499 Basilius
1148 1463 1255 1510 Epist.
1272 1463 1315 1497 ad
1334 1462 1450 1508 Greg„
1474 1473 1564 1508 quae
1580 1474 1683 1497 cano·

131 1519 210 1554 nica
233 1530 255 1554 a
277 1519 485 1555 Balsamone
508 1524 676 1563 censetur,
699 1531 780 1567 pag.
801 1519 910 1563 1022„
933 1521 1145 1556 Antiochena
1164 1520 1316 1565 synodus
1335 1520 1371 1554 iu
1396 1520 1542 1566 epistola
1564 1527 1683 1555 contra

129 1576 277 1612 Paulum
293 1575 463 1613 samosat.
479 1576 571 1623 apud
586 1576 711 1612 Euseb.
727 1577 787 1613 lib.
801 1589 862 1614 vu.
879 1588 953 1624 cap.
967 1589 1061 1613 ιιιν.
1078 1577 1133 1616 τὰς
1158 1575 1193 1611 δὲ
1209 1574 1434 1616 Συνειςάκτους
1451 1576 1552 1611 αὐτοῦ
1569 1579 1682 1623 γυναῖ-

131 1646 206 1679 κας,
229 1631 273 1674 ὡς
290 1631 466 1680 Ἀντιοχεϊς
485 1631 683 1680 ὀνομάζουσι
705 1638 769 1671 etc.
813 1634 962 1671 Easdem
986 1639 1020 1669 et
1042 1634 1235 1680 insequitur
1258 1633 1382 1668 Noster
1404 1635 1440 1668 in
1464 1634 1563 1668 Haer.
1582 1646 1680 1671 ιιιιι.

130 1701 225 1726 num.
241 1703 279 1727 11.
301 1690 357 1731 τὰς
373 1688 542 1737 ἀγαπητὰς
558 1690 735 1738 λεγομένας
758 1689 976 1732 συνειςάκτους
992 1692 1156 1737 γυναῖκας.
1202 1691 1435 1736 Hieronymus
1458 1692 1590 1738 passim
1612 1697 1680 1726 tra·

131 1747 241 1791 ducit,
262 1748 416 1783 maxime
439 1747 482 1783 ad
498 1747 723 1784 Eustochium
738 1747 846 1796 Epist.
858 1759 964 1784 xxm:
1002 1747 1095 1783 Unde
1110 1750 1146 1781 in
1163 1749 1325 1782 ecclesian
1341 1752 1562 1794 ayapitarum
1573 1753 1681 1794 pestis

71 1828 75 1833 -
129 1807 283 1839 introiit!
319 1805 411 1840 Unde
426 1808 497 1839 si'ne
513 1808 639 1851 nuptiis
655 1807 753 1841 aliud
767 1816 883 1840 nomen
896 1807 1056 1840 uxorum!
1077 1808 1142 1839 imo
1165 1806 1252 1840 unde
1275 1818 1391 1840 novum
1417 1806 1679 1840 concubinarum

81 1877 94 1888 ο
128 1863 256 1907 yenua!
286 1861 448 1897 Cavenda
463 1873 544 1897 vero
560 1862 708 1898 Mariani
719 1861 862 1898 Victorii
875 1861 919 1896 ad
935 1861 1026 1897 hune
1041 1862 1243 1908 Hieronymi
1259 1863 1373 1897 locum
1391 1862 1602 1905 observatio,
1621 1863 1680 1909 qui

130 1922 297 1965 agapetas
313 1929 335 1954 a
350 1917 553 1954 Christianis
569 1919 752 1962 conviviis,
774 1929 860 1966 quas
877 1916 1004 1966 ἀγάπαις
1020 1920 1219 1962 nominant,
1241 1919 1413 1955 derivatas
1430 1925 1564 1963 censet,
1588 1920 1680 1966 quod

130 1979 184 2010 est
197 1975 391 2012 ridiculum.

219 2032 309 2067 (Daoi
324 2032 381 2078 τὴν
397 2032 554 2078 λέαιναν]
583 2033 752 2068 Fabulam
767 2031 855 2068 hanc
872 2033 1027 2080 plerique
1043 2033 1215 2069 refellunt.
1248 2034 1449 2070 Aristoteles
1465 2046 1544 2070 ecce
1561 2036 1620 2070 lib.
1635 2048 1679 2072 vr.

127 2089 254 2125 uiator.
271 2100 346 2137 cap.
358 2102 471 2126 xxxa:
501 2089 542 2125 Ὀ
557 2089 592 2124 δὲ
607 2089 732 2137 λεχθεὶς
749 2089 848 2136 μῦθος
866 2090 936 2138 περὶ
953 2093 1010 2125 τοῦ
1027 2088 1195 2136 ἐκβάλλειν
1211 2090 1267 2131 τὰς
1284 2090 1418 2137 ὑστέρας
1435 2092 1602 2137 τίκτοντα,
1619 2092 1678 2136 λη·

129 2145 235 2192 ρώδης
250 2145 328 2196 ἐστί·
345 2146 493 2192 συνετέθη
509 2146 544 2182 δὲ
559 2145 594 2181 ἐκ
611 2149 668 2181 τοῦ
685 2146 839 2187 σπανίους
855 2143 933 2182 εἶναι
949 2148 1024 2188 τοὺς
1040 2147 1188 2193 λέοντας,
1207 2147 1407 2196 ἀποροῦντος
1424 2148 1480 2194 τὴν
1498 2149 1601 2183 αἰτίαν
1620 2153 1676 2184 τοῦ

128 2202 184 2237 τον
201 2203 301 2250 μῦθον
317 2203 494 2245 συνθέντος.
526 2203 594 2239 Sed
609 2206 644 2239 et
658 2203 886 2240 Philostratus
903 2209 939 2240 et
953 2206 1024 2241 alii.

215 2260 258 2296 N.
273 2273 324 2297 m.
355 2260 465 2296 Μόνον
481 2260 590 2307 τούτῳ
605 2263 655 2307 τῷ
672 2259 851 2307 Ἰακώβῳ]
895 2262 992 2298 Idem
1007 2266 1126 2298 narrat
1141 2264 1241 2299 Haer.
1256 2276 1365 2305 xxm,
1383 2275 1477 2298 num.
1493 2275 1550 2305 iv„
1566 2264 1626 2299 ubi
1643 2266 1677 2299 et

126 2320 236 2353 totam
250 2317 367 2353 Iacobi
382 2317 558 2354 historiam
575 2321 746 2361 recenset,
769 2319 868 2354 cuius
889 2324 990 2355 autor
1005 2320 1222 2367 Hegesippus
1241 2321 1332 2366 apud
1348 2320 1537 2356 Eusebium
1560 2321 1618 2356 lib.
1635 2333 1673 2357 11.

127 2386 202 2421 cap.
214 2386 326 2418 xxm„
342 2375 451 2422 quiid
466 2375 638 2410 veteribus
653 2376 842 2421 persuasit,
859 2379 898 2411 ut
914 2376 1122 2422 Hieronymo
1138 2378 1197 2412 lib.
1215 2377 1257 2412 de
1274 2377 1413 2423 Scriptt.
1429 2377 1559 2412 Eccles.
1606 2378 1675 2413 Sed

126 2432 236 2467 multa
252 2433 383 2468 suntin
399 2431 542 2468 historia
556 2432 634 2473 illa,
658 2443 747 2478 quae
762 2433 940 2468 nonnullis
955 2433 1147 2480 displicent.
1194 2434 1350 2479 Scaliger
1366 2445 1447 2468 vero
1463 2435 1498 2469 in
1517 2435 1674 2471 Animad.

125 2489 170 2524 ad
194 2499 324 2524 annum
339 2501 523 2525 unxxvu.
548 2492 716 2534 tanquam
738 2489 877 2524 inanem
892 2489 1050 2525 fabulam
1066 2491 1207 2537 respuit.
1254 2490 1545 2537 Reprehensionis
1561 2493 1674 2538 capita

124 2545 210 2581 haee
226 2545 297 2581 fere
313 2550 403 2582 sunt.
430 2545 528 2588 Quod
543 2545 668 2580 Iacobo
685 2545 751 2580 soli
766 2546 887 2581 scribit
900 2546 1118 2593 Hegesippus
1133 2548 1170 2582 in
1186 2553 1306 2583 sancta
1321 2554 1522 2583 sanctorum
1538 2549 1674 2595 ingredi

123 2602 274 2638 licuisse.
304 2603 409 2650 Atqui
424 2604 484 2638 nni
500 2613 635 2638 summo
651 2601 822 2648 pontifici,
844 2602 946 2649 idque
963 2605 1071 2638 semel
1086 2605 1123 2639 in
1139 2615 1248 2646 anuo,
1273 2616 1479 2640 concessum
1501 2611 1586 2642 erat.
1619 2606 1671 2641 Ia-

126 2659 232 2694 cobus
255 2664 371 2696 autem
393 2671 437 2695 ne
459 2659 580 2695 Levita
604 2659 743 2705 quidem
767 2663 850 2694 erat.
897 2659 1029 2695 Deinde
1053 2661 1135 2706 quia
1158 2672 1283 2696 caussa
1306 2672 1366 2696 cur
1390 2660 1432 2701 εἰς
1448 2661 1489 2696 τὰ
1505 2661 1581 2709 ἅγια
1596 2675 1670 2710 per-

126 2715 252 2751 missus
267 2716 313 2751 sit
327 2717 456 2759 aditus,
472 2716 556 2751 haec
572 2715 724 2759 affertur,
741 2716 834 2762 quod
849 2716 949 2751 lineis
966 2718 1136 2760 vestibus,
1153 2729 1222 2752 non
1240 2719 1366 2760 laneis,
1390 2724 1552 2755 uteretur.
1598 2721 1670 2756 Hoc

127 2774 242 2807 autem
263 2773 346 2808 solis
367 2773 616 2815 sacerdotibus,
641 2784 720 2808 cnm
743 2773 850 2808 sacris
873 2774 1114 2819 operabantur,
1137 2775 1268 2810 licitum
1291 2775 1367 2811 fuit.
1411 2776 1525 2812 Tertio
1548 2784 1668 2824 gentes

127 2829 176 2863 ait
191 2839 270 2864 cum
283 2829 417 2865 Iudaeis
433 2831 653 2872 convenisse,
679 2829 770 2876 quod
793 2830 981 2865 absurdum
1005 2835 1072 2873 est3
1095 2842 1208 2878 neque
1228 2833 1320 2867 enim
1335 2834 1482 2879 gentiles
1498 2834 1541 2869 ad
1558 2836 1668 2870 ullum

126 2884 329 2920 Iudaeorum
350 2885 476 2923 festum
500 2886 729 2922 confluebant.
776 2885 1075 2928 Quemadmodum
1091 2892 1125 2922 et
1138 2888 1223 2923 illud
1238 2888 1365 2924 falsum
1382 2891 1475 2936 quod
1491 2904 1542 2927 ιιι
1556 2893 1667 2926 tribus

127 2940 277 2976 adfuisse
289 2941 380 2985 dicit,
395 2954 473 2979 cum
487 2955 549 2990 per
564 2944 647 2979 illud
659 2948 795 2989 tempus
812 2943 899 2978 duae
914 2947 1050 2979 tautum
1065 2945 1187 2988 forent,
1203 2946 1355 2992 reliquae
1371 2959 1391 2982 x
1409 2949 1541 2994 pridem
1557 2950 1594 2984 in
1610 2960 1666 2983 ca-

126 2997 316 3043 ptivitatem
340 2999 517 3037 abductae.
563 3000 690 3043 Quarto
709 2999 854 3035 Osanna.
863 3000 966 3036 refert
981 3012 1002 3036 a
1015 3001 1150 3037 Iudaeis
1167 3003 1409 3048 acclamatum,
1435 3006 1527 3051 quod
1542 3007 1577 3040 iu
1593 3017 1665 3040 sce-

126 3055 276 3101 nopegia
289 3056 403 3092 solum
417 3057 628 3101 clamabant,
651 3069 729 3093 cum
748 3067 863 3093 ramos
879 3068 924 3093 ex
941 3058 1122 3095 arboribus
1137 3059 1381 3108 defringerent.
1429 3061 1554 3104 Quinto
1570 3062 1664 3097 Iaco-

1717 2052 1742 2077 p.
1757 2043 1814 2071 ³32.
