2008 3294
206 483 234 507 p.
247 473 306 501 203.

342 199 507 236 CLXXX

342 304 437 350 cyclo
455 303 632 338 communi
646 301 834 338 Iudaicam.
881 302 1068 349 Propterea
1089 302 1139 337 sic
1154 300 1339 348 Epiphanii
1358 310 1459 336 mens
1474 299 1732 348 interpretanda
1745 299 1896 336 videtur:

342 360 444 394 ἕνεκεν
459 360 587 403 τούτου,
603 358 668 394 hoc
685 363 738 394 est
753 369 833 393 cum
845 358 1032 406 depravata
1045 360 1107 394 illa
1121 358 1283 393 methodo
1306 368 1346 392 ao
1364 357 1453 404 cycli
1473 357 1697 405 dispositione
1709 361 1898 404 uterentur,

341 417 532 451 secundum
545 426 649 462 quam
663 428 734 451 xiv.
742 416 826 450 luna
835 415 942 451 biduo
955 416 1149 458 coelestem,
1162 415 1227 449 hoc
1241 417 1294 449 est
1304 414 1494 450 nicaenam
1507 415 1730 458 anteveniret,
1745 414 1899 450 animad-

341 485 440 508 versa
455 473 534 508 labe
549 472 774 516 Pharisaeos,
799 472 914 518 quoad
930 473 1159 519 plenilunium
1174 472 1317 518 propius
1339 471 1557 514 accederent,
1578 471 1709 518 pascha
1722 471 1760 506 in
1775 483 1833 508 xv.
1846 471 1898 506 lu-

340 541 423 564 nam
439 530 624 565 distulisse.
656 529 778 575 Itaque
794 529 976 575 dupliciter
989 529 1116 564 vitiosa
1129 527 1304 576 paschatis
1321 528 1503 564 celebritas
1524 528 1608 563 fuit:
1639 529 1791 575 primum
1805 527 1899 574 apud

341 599 417 630 eos,
441 587 501 633 qui
520 587 608 621 feria
623 599 676 622 111.
699 587 785 621 luna
797 597 861 622 xn.
881 585 1022 621 Iudaica
1042 585 1173 633 pascha
1196 584 1436 628 comederunt,
1458 585 1551 631 quod
1571 585 1659 620 feria
1674 598 1706 620 v.
1726 586 1811 620 luna
1825 596 1897 621 xrv.

338 643 538 678 faciendum
550 646 639 686 erat,
654 647 730 678 tum
742 642 1066 690 apudl’harisaeos,
1083 643 1143 688 qui
1155 640 1326 688 ὗπερβάσει
1337 645 1476 688 recepta
1490 654 1562 677 xrv.
1574 642 1663 688 cycli
1678 642 1735 677 sui
1748 644 1899 688 praeter-

340 701 455 747 gressi
469 704 562 737 sunt.
607 699 766 735 Christus
787 710 888 746 porro
905 711 985 734 cum
999 700 1124 734 maiori
1139 700 1261 746 populi
1275 701 1374 745 parte
1388 698 1476 734 feria
1490 699 1594 734 tertia
1609 698 1804 734 celebravit.
1846 697 1900 732 Ita

341 758 480 804 quidem
495 756 710 804 Epiphanius
721 783 729 799 ,
750 767 815 791 nec
831 757 929 791 aliter
944 757 1163 803 interpretari
1177 756 1275 799 licet,
1299 759 1359 790 aut
1374 756 1418 790 ab
1435 767 1548 791 errore
1561 756 1748 791 vindicare.
1778 755 1899 801 Neque

340 816 434 850 euim
448 815 537 850 feria
551 814 667 857 tertia,
689 813 755 849 hoc
778 817 832 849 est
855 818 977 860 quarto
1002 817 1082 848 ante
1097 813 1296 860 passionem
1313 812 1386 855 die,
1408 811 1564 847 Christus
1580 811 1745 859 paschate
1759 812 1898 847 functus

340 876 409 915 est,
425 883 538 918 neque
554 871 660 906 biduo
674 871 712 906 in
727 871 875 906 vinculis
890 869 1048 913 habitus3
1073 870 1166 916 quod
1183 869 1311 904 flustra
1326 869 1471 904 credidit
1485 868 1712 916 Epiphanius
1743 868 1834 904 Nam
1857 869 1899 904 de

340 928 555 975 σταυρώσεως
570 932 726 975 tempore
741 928 926 963 nobiscum
942 928 1058 962 sentit.
1104 926 1349 962 Emendandus
1373 926 1480 972 igitur
1501 930 1556 962 est
1572 923 1620 961 a'd
1642 937 1722 962 eum
1743 925 1899 969 modum,

341 997 446 1032 quem
461 996 566 1032 supra
582 984 896 1020 demonstravimus
911 995 993 1030 pag.
1010 983 1085 1020 172.
1112 985 1226 1029 [cunr.
1244 985 1312 1030 sq.]

430 1042 632 1090 Ὑπέρβατον
648 1041 844 1088 προθέντες]
876 1041 978 1076 Forte
994 1040 1193 1087 προςθέντες.

430 1099 491 1134 Καὶ
503 1098 568 1134 ἐκέῑ
579 1099 618 1133 τὸ
630 1097 771 1145 πάσχα]
797 1097 887 1140 Quid
901 1097 956 1133 hic
974 1097 1075 1133 audio
1085 1101 1101 1132 ἲ
1118 1096 1198 1143 ἐκεῖ,
1214 1097 1250 1132 id
1266 1101 1319 1133 est
1333 1098 1370 1133 in
1385 1097 1485 1133 horto
1501 1096 1633 1144 pascha
1646 1097 1898 1133 manducasse?

299 1161 301 1164 ’
338 1157 483 1192 Minime
503 1156 540 1191 id
561 1156 711 1203 quidem.
743 1155 812 1190 Sed
828 1155 883 1190 vel
899 1153 964 1189 ἐκεῖ
978 1154 1023 1190 ad
1038 1154 1218 1201 superiora
1232 1154 1398 1201 pertinet,
1419 1155 1475 1190 vel
1490 1154 1692 1190 traiectione
1706 1158 1830 1201 peccat
1842 1153 1899 1189 hie

208 2660 234 2684 p.
248 2652 304 2679 20⁴.

338 1216 446 1249 locus.
493 1213 594 1255 Quod
613 1213 769 1255 subiicit,
793 1211 853 1246 οὐκ
873 1208 984 1251 ἄλλως
1001 1211 1139 1255 ποιήσας
1152 1238 1162 1256 ,
1187 1210 1364 1247 Christum
1386 1214 1549 1255 excusat,
1569 1222 1632 1246 our
1650 1222 1723 1247 non
1742 1211 1899 1258 legitimo

339 1276 494 1317 tempore
510 1269 640 1317 pascha
655 1269 844 1316 peregerit,
868 1268 962 1314 quod
977 1268 1020 1303 ad
1035 1269 1215 1315 publicum
1232 1272 1267 1303 et
1281 1279 1503 1304 communem
1518 1279 1623 1305 usum
1638 1267 1899 1304 accommodare

340 1340 378 1363 se
394 1328 566 1363 maluerit.

430 1385 471 1420 N.
488 1396 612 1420 xxvru.
644 1366 748 1423 Εὖοὶῖς
765 1382 895 1428 πρῶτος
911 1381 1156 1427 Οὗαλεντῖνος.]
1191 1382 1284 1418 Haec
1301 1393 1347 1419 ex
1362 1383 1505 1419 Irenaeo
1528 1393 1699 1430 expressa
1719 1385 1818 1426 sunt,
1839 1383 1899 1429 qui

339 1443 398 1477 lib.
412 1455 448 1477 11.
466 1453 540 1487 cap.
555 1452 703 1476 xxxviii.
720 1439 982 1475 Valentinianos
1010 1439 1156 1483 refutat,
1178 1440 1239 1486 qui
1266 1452 1338 1475 xxx
1351 1441 1512 1476 Aeonum
1533 1441 1718 1487 collegium
1744 1439 1812 1475 hoc
1837 1449 1899 1475 an·

339 1510 465 1534 norum
481 1497 607 1533 Christi
621 1507 766 1532 numero
782 1495 984 1531 fulciebant.
1008 1494 1143 1543 Quippe
1157 1495 1330 1532 Christum
1347 1497 1551 1533 asserebant
1565 1507 1658 1532 anno
1675 1497 1799 1532 aetatis
1814 1507 1898 1532 xxx.

338 1567 485 1602 passum
507 1566 600 1597 esse,
621 1564 742 1589 mense
758 1565 821 1589 ιιι.
855 1552 984 1588 Contra
999 1564 1087 1599 quos
1103 1564 1180 1600 cap.
1192 1565 1314 1590 xxxrx.
1331 1553 1545 1590 demonstrat
1561 1554 1700 1590 biennio
1715 1557 1752 1590 et
1766 1554 1900 1600 aliquot

339 1613 517 1648 mensibus
530 1611 760 1659 praedicasse.
783 1609 1016 1657 Posteaquam
1027 1610 1135 1656 igitur
1150 1610 1193 1646 de
1208 1614 1357 1658 utroque
1373 1622 1464 1646 anno
1474 1637 1483 1654 ‚
1499 1614 1574 1646 tam
1588 1621 1657 1658 quo
1672 1615 1778 1648 natus
1793 1621 1899 1658 quam

340 1682 408 1716 quo
426 1681 551 1716 passus
572 1672 627 1704 est
641 1668 819 1711 dominus,
843 1667 1106 1703 accuratissime
1128 1667 1400 1715 disputavimus,
1424 1672 1695 1704 consentaneum
1718 1672 1773 1703 est
1794 1671 1834 1703 ut
1855 1667 1898 1703 de

338 1726 544 1773 paschatum
560 1736 650 1772 quae
673 1728 752 1772 post
776 1725 988 1771 baptismum
1009 1723 1167 1760 Christus
1189 1725 1275 1761 obiit
1294 1736 1440 1761 numero
1462 1725 1703 1761 difficillimam
1725 1725 1899 1772 quaestio·

339 1796 419 1820 nem
436 1784 659 1830 explicemus.
692 1782 805 1824 Quam
820 1793 884 1817 nos
901 1780 992 1817 hunc
1009 1781 1125 1828 ipsum
1140 1782 1178 1818 in
1193 1782 1308 1818 locum
1323 1782 1448 1818 mei-'ito
1465 1782 1681 1826 diabolinum
1705 1781 1799 1829 quod
1817 1792 1899 1818 cum

340 1841 509 1887 superiori
524 1840 565 1875 de
581 1840 745 1886 passione
762 1837 891 1874 Christi
906 1838 1139 1885 disputatione
1155 1849 1316 1874 connexa
1331 1842 1435 1886 atque
1450 1839 1629 1886 inplicata
1642 1838 1826 1875 videretur.
1855 1863 1857 1866 ι
1891 1863 1893 1865 -

419 1942 539 1985 QUOT
563 1941 811 1977 SECUNDUM
833 1940 1103 1977 BAPTISMUM
1124 1941 1360 1978 PASGHATA
1383 1941 1604 1978 CHRISTUS
1628 1937 1820 1978 omnm.

429 2012 531 2047 Mitto
545 2014 676 2045 veteres
683 2010 783 2052 ¹illos,
801 2021 871 2044 nou
883 2008 1075 2045 haereticos
1088 2009 1218 2051 solum,
1234 2013 1274 2045 ut
1281 2009 1560 2053 Valentinianos,
1575 2009 1639 2046 sed
1653 2010 1759 2046 etiam
1768 2012 1896 2056 patres,

340 2070 401 2116 qui
416 2079 508 2104 anno
524 2068 647 2103 aetatis
664 2077 746 2103 xxx.
763 2076 906 2114 passum
922 2066 1103 2103 dominnm
1118 2066 1307 2102 memoriae
1322 2066 1562 2112 prodiderunt,
1586 2066 1715 2113 quique
1735 2077 1844 2103 unum
1863 2067 1897 2103 ei

340 2127 511 2162 duntaxat
533 2124 797 2171 praedicationis
821 2133 952 2159 anuum
976 2123 1217 2170 assignarunt,
1240 2127 1279 2158 ut
1301 2123 1391 2158 inter
1414 2123 1502 2159 alios
1525 2123 1666 2160 Ter-tull.
1687 2123 1746 2160 lib.
1769 2135 1797 2159 o.
1821 2123 1894 2160 Iud.

341 2194 413 2230 cap.
433 2194 504 2219 vm.
547 2181 634 2218 Item
651 2180 852 2217 Lactantius
868 2179 928 2216 lib.
944 2191 990 2216 ιν.
1007 2190 1084 2226 cap.
1099 2191 1132 2216 x.
1150 2178 1259 2215 Clam.
1275 2179 1375 2215 Alex.
1391 2179 1450 2216 lib.
1466 2191 1488 2217 r.
1505 2184 1539 2216 et
1555 2192 1603 2217 vr.
1620 2179 1747 2216 Strom.
1764 2180 1894 2217 Affin-

341 2251 405 2277 uus
423 2239 513 2286 apud
529 2239 621 2275 Hier.
636 2238 672 2274 in
690 2237 776 2274 Dan.
793 2247 866 2284 cap.
880 2247 928 2272 rx.

429 2297 491 2334 Bis
502 2324 511 2342 ‚
533 2297 693 2342 inquam,
715 2293 986 2342 praetermissis,
1008 2304 1157 2341 quorum
1180 2293 1496 2341 opinion-nitente
1510 2304 1591 2330 cum
1606 2293 1746 2330 Ioannis
1760 2305 1802 2331 ac
1818 2305 1895 2332 cae-

341 2359 493 2390 terorum
509 2353 690 2400 evangelio
706 2354 858 2399 pugnat,
874 2354 945 2386 tres
957 2355 1039 2387 suut
1050 2351 1254 2399 praecipuae
1267 2350 1308 2387 de
1320 2349 1523 2398 paschatum
1535 2360 1678 2388 numero
1691 2352 1894 2389 sententiae.

341 2412 429 2448 Nam
446 2411 499 2446 vel
515 2410 597 2452 tria,
622 2410 677 2444 vel
693 2414 853 2455 quatuor,
876 2408 933 2443 vel
948 2408 1100 2455 quinque
1115 2411 1324 2451 statuuntur,
1348 2417 1495 2455 quorum
1510 2411 1725 2455 postremum
1740 2408 1827 2445 illud
1839 2411 1895 2446 out

340 2470 373 2503 in
400 2479 485 2515 quo,
508 2468 561 2502 vel
584 2467 649 2502 sub
673 2465 764 2513 quod
781 2463 938 2501 Christus
959 2465 996 2500 iu
1013 2475 1112 2500 cruce
1129 2463 1280 2501 suffixus
1297 2469 1364 2509 est,
1388 2463 1482 2512 quod
1502 2464 1646 2512 proinde
1666 2464 1893 2512 σταυρώσιμον

341 2526 473 2560 dicitur.
521 2523 573 2560 Ex
592 2524 632 2558 iis
650 2523 800 2558 secunda
816 2521 950 2558 mediae
966 2521 1166 2565 vetustatis,
1188 2522 1289 2558 tertia
1308 2521 1419 2558 infimi
1441 2521 1588 2565 saeculi,
1610 2522 1724 2568 prima
1737 2525 1893 2559 veterum

341 2580 588 2629 propemodum
605 2580 761 2616 omnium
777 2584 841 2616 ent.
867 2577 913 2614 Ut
924 2579 1030 2626 igitur
1042 2579 1142 2626 plura
1152 2578 1262 2615 tribus
1274 2577 1441 2625 paschata
1455 2581 1535 2626 pout
1549 2578 1760 2625 baptismum
1776 2579 1894 2626 elapsa

341 2639 533 2681 credantur,
550 2637 808 2683 evangeliorum
824 2636 1022 2672 testimonio
1040 2640 1153 2672 ratum
1167 2635 1242 2672 fieri
1254 2635 1396 2679 videtur,
1410 2634 1650 2682 imprimisque
1660 2634 1817 2680 Ioanniae,
1833 2637 1894 2683 qui

341 2696 532 2731 distinctius
549 2705 590 2731 ea
607 2694 751 2730 caeteris
766 2693 878 2729 tribus
895 2693 1169 2740 nominatimque
1184 2691 1393 2739 perscripsit.
1426 2690 1526 2739 Apud
1542 2700 1647 2739 quem
1666 2692 1815 2739 primum
1830 2703 1892 2740 pa-

340 2751 424 2788 scha
445 2753 545 2799 paulo
567 2755 648 2798 post
670 2750 880 2797 baptismum
905 2753 940 2785 et
966 2749 1170 2786 miraculum
1193 2749 1230 2785 in
1252 2748 1349 2785 Caua
1369 2747 1500 2786 tactum
1522 2757 1597 2795 cap.
1611 2760 1647 2786 ιι.
1664 2759 1753 2787 com.
1771 2750 1822 2787 13.
1839 2761 1891 2787 re-

341 2814 509 2845 censetur.
557 2807 754 2844 Secundum
770 2817 845 2853 cap.
860 2818 890 2843 v.
908 2818 997 2844 com.
1021 2807 1047 2843 1.
1065 2807 1125 2843 ubi
1139 2806 1267 2843 testum
1282 2805 1373 2842 diem
1393 2815 1416 2841 a
1437 2804 1571 2842 Iudaeis
1595 2805 1808 2844 celebratum
1823 2808 1890 2846 aitz

341 2867 432 2914 quod
450 2866 490 2901 de
507 2864 669 2912 paschate
687 2864 846 2900 irenaeus
863 2863 989 2911 accipit
1003 2863 1063 2900 lib.
1077 2874 1114 2900 n.
1133 2874 1207 2911 cap.
1222 2873 1341 2900 xxxrx.
1378 2861 1530 2899 Tertium
1547 2867 1600 2898 ont
1614 2873 1690 2910 cap.
1705 2875 1738 2900 v.
1753 2873 1842 2901 com.
1853 2865 1887 2902 4.

341 2929 419 2971 pout
434 2927 588 2958 saturata
603 2921 755 2968 quinque
772 2920 880 2956 millia
895 2920 1044 2967 panibus
1061 2920 1215 2967 quinque
1237 2929 1278 2955 ac
1299 2918 1434 2956 duobus
1456 2918 1620 2966 piscibus.
1653 2918 1821 2963 Quartum
1835 2924 1891 2958 est

340 2980 424 3017 illud
441 2981 475 3016 in
493 2989 560 3025 quo
578 2988 699 3024 panus
716 2981 777 3014 ont.
825 2976 877 3012 Ad
901 2977 988 3014 hauc
1010 2976 1148 3014 Ioannis
1162 2975 1343 3014 historiam
1358 2979 1393 3012 et
1408 2975 1588 3012 intervalla
1602 2980 1797 3024 temporum
1810 2978 1888 3015 reli-

341 3047 485 3083 quorum
512 3034 741 3077 narrationes,
770 3043 859 3079 quae
883 3034 997 3070 minu·
1021 3033 1218 3070 dirtinctam
1242 3031 1370 3069 habent
1391 3031 1655 3079 descriptionem
1681 3037 1888 3081 temporum,
