2008 3294
1561 169 1744 206 COvan

191 276 368 314 drinorum
390 286 514 312 aureos
535 283 700 312 numeros
721 277 758 312 in
773 275 945 312 Iulianum
959 274 1206 311 Kalendarium
1227 275 1496 317 transtulerunt,
1518 274 1580 309 ubi
1602 278 1745 320 epactae

191 344 237 369 ex
259 334 328 370 illia
350 334 505 371 numeris
528 338 644 369 erutae
669 338 704 369 et
726 333 770 369 ad
793 333 866 371 dies
888 333 1068 380 appositae
1091 333 1344 379 complementa
1366 331 1554 368 eorundem
1575 341 1652 366 esee
1673 342 1744 367 non

191 394 351 437 poterant
364 390 582 436 regularibus
599 391 741 426 adiectis
750 417 759 434 ‚
775 390 867 438 quod
883 392 923 425 ut
937 389 1148 431 obtinerent,
1165 390 1232 424 tria
1243 390 1358 428 aureis
1370 389 1524 424 numeris
1536 387 1746 424 detrahenda

190 447 342 484 fuerunt.
374 446 486 490 Quam
504 448 548 482 ob
565 458 727 483 caussam
742 448 874 484 lunaris
889 447 953 482 iste
970 447 1089 492 cyclus
1107 451 1159 480 est
1175 446 1301 489 dictus,
1322 457 1392 482 non
1407 446 1485 482 ideo
1502 445 1595 492 quod
1610 445 1745 480 decem-

191 504 411 548 novennalis,
427 505 501 540 sive
518 515 644 540 aureus
661 515 826 540 numerus
841 503 1020 540 novilunia
1036 515 1106 538 non
1123 503 1330 538 ostenderet.
1377 503 1514 538 Etenim
1537 503 1661 539 iisdem
1675 502 1744 538 illis

191 561 331 604 diebus,
353 562 480 608 quibus
496 562 680 598 adiunctus
696 565 785 605 erat,
806 561 950 602 Nicaeni
967 560 1105 596 concilii
1121 564 1274 607 tempore
1291 561 1469 596 novilunia
1484 560 1745 596 committeban-

191 622 256 661 tur,
271 618 332 654 sed
349 619 441 665 quod
456 619 675 666 indagandae
691 631 735 655 ex
751 617 912 654 methodo
933 617 1254 664 computandaeque
1277 618 1397 661 lunae,
1421 621 1460 653 nt
1474 622 1618 661 vocant,
1641 618 1746 653 aetati

190 675 334 711 minime
350 679 442 711 esset
463 676 626 719 idoneus,
648 676 716 712 nisi
738 675 888 712 ternario
908 675 1131 717 minueretur,
1153 679 1292 722 propter
1308 675 1456 710 Romani
1472 679 1506 710 et
1522 674 1747 711 Alexandrini

170 770 171 773 ,
189 732 274 768 anni
289 732 541 779 discrepantem
555 733 705 769 formam
720 733 886 780 initiaque
902 732 1048 768 diversa.
1095 732 1145 767 De
1166 732 1293 778 quibus
1309 732 1446 768 uberior
1462 733 1549 768 alias
1565 732 1745 768 instituen-

190 789 255 826 dus
270 792 326 826 est
337 801 462 827 sermo.

281 845 462 883 Caeterum
479 847 610 883 lunaris
624 848 691 883 iste
705 849 823 894 cyclus
839 858 861 883 a
875 847 1034 883 Ianuario
1051 858 1170 883 mense
1187 847 1282 882 ducit
1297 847 1479 882 exordium
1489 873 1497 889 ‚
1514 851 1552 882 ut
1563 846 1660 882 Beda
1674 857 1747 883 non

190 915 261 940 uno
283 904 361 940 loco
384 907 542 941 testatur.
590 904 656 946 Qui
677 905 734 940 lib.
752 904 795 940 de
810 904 929 951 Temp.
945 903 1021 940 Rat.
1039 915 1114 951 cap.
1127 916 1197 940 mv.
1213 904 1307 939 illius
1326 915 1445 939 omnes
1461 914 1573 939 annos
1590 904 1745 951 exponit.

191 961 346 1003 Quorum
357 962 490 1008 primus
502 972 573 997 non
585 961 891 998 decemnovennali
901 966 1024 1008 quarto
1041 961 1278 1004 committitur,
1295 961 1355 1007 qui
1370 966 1423 996 est
1438 972 1563 996 aureus
1579 972 1745 997 numerus

190 1029 243 1054 ru.
255 1017 332 1054 Kal.
343 1017 416 1054 Ian.
434 1018 576 1054 affixus.
625 1018 807 1055 Secundus
831 1029 852 1052 a
867 1031 930 1054 ιιι.
942 1018 1018 1055 Kal.
1031 1018 1104 1055 Ian.
1122 1018 1205 1054 Dec.
1219 1030 1292 1054 ιιι.
1307 1023 1412 1064 atque
1427 1018 1477 1054 ita
1493 1018 1654 1065 deinceps
1668 1019 1745 1054 reli-

191 1075 252 1122 qui
267 1072 311 1110 ab
327 1085 369 1111 ea
384 1076 530 1122 syzygia
539 1075 611 1111 fere
627 1086 748 1111 omnes
760 1074 980 1119 inchoantur,
995 1086 1085 1122 quae
1097 1076 1134 1111 in
1145 1075 1305 1111 Ianuario
1318 1075 1453 1111 desinit.
1478 1075 1624 1111 Constat
1638 1075 1745 1121 igitur

190 1132 227 1167 in
244 1132 341 1178 cyclo
356 1133 485 1176 lunari,
509 1132 648 1180 perinde
671 1138 711 1168 ut
731 1133 769 1168 in
792 1133 1114 1176 decemnovennali,
1137 1133 1290 1180 primum
1311 1143 1442 1168 annum
1458 1143 1534 1168 esse
1551 1142 1747 1174 numerum,

191 1192 231 1224 ut
244 1189 294 1224 ita
308 1188 436 1232 dicam,
453 1190 610 1226 lunarem
625 1201 710 1233 ιιι.,
725 1190 785 1237 qui
801 1190 845 1226 ad
860 1189 936 1227 Kal.
951 1190 1023 1226 Ian.
1039 1190 1235 1240 adnotatur.

280 1246 341 1282 His
357 1246 606 1283 animadversis
622 1258 752 1283 annum
769 1247 1106 1284 enneadecaeteridis
1123 1251 1286 1283 octavum
1308 1248 1549 1283 intercalarem
1564 1247 1673 1283 fuisse
1689 1247 1745 1283 de·

189 1303 380 1346 sendimus,
396 1303 456 1350 qui
467 1315 609 1340 aureum
621 1314 802 1341 numerum
816 1304 1017 1348 habuitvu„
1033 1305 1094 1352 qui
1109 1308 1163 1340 est
1177 1315 1198 1340 a
1214 1305 1343 1351 primo,
1360 1305 1433 1340 sive
1449 1316 1534 1348 ιιι.,
1549 1305 1600 1340 uti
1616 1304 1746 1341 dictum
1802 1330 1809 1338 .

191 1363 260 1403 est,
285 1363 444 1403 octavum
467 1361 560 1408 quod
579 1361 621 1396 de
638 1362 734 1408 cyclo
750 1362 1071 1404 decemnovennali,
1095 1373 1164 1408 quo
1180 1362 1222 1398 de
1237 1363 1364 1409 agitur,
1386 1363 1608 1409 potissimum
1623 1363 1747 1398 asseri-

190 1427 280 1454 mus.
303 1417 412 1454 Fuere
428 1417 555 1466 quippe
571 1418 906 1455 enneadecaeteridia
921 1420 1006 1455 anni
1020 1419 1079 1455 isti
1095 1423 1228 1467 septem
1243 1419 1464 1455 embolimaei
1475 1419 1509 1455 3.
1525 1419 1557 1454 6.
1574 1417 1606 1455 8.
1623 1419 1674 1456 11.
1696 1419 1746 1454 14.

194 1473 246 1510 17.
266 1474 328 1516 19.,
352 1474 478 1522 quibus
501 1476 596 1512 aurei
618 1477 753 1512 numeri
775 1477 812 1512 in
834 1476 1050 1512 Kalendario
1064 1477 1275 1523 respondent
1295 1477 1327 1513 2.
1349 1477 1382 1512 5.
1407 1477 1439 1513 7.
1461 1476 1514 1513 10.
1536 1476 1587 1512 13.
1607 1476 1659 1512 16.
1680 1476 1745 1521 18.,

191 1531 374 1577 quoniam,
390 1535 431 1568 ut
445 1543 550 1579 saepe
562 1533 760 1576 docuimus,
777 1545 942 1570 numerus
958 1545 1020 1570 ιιι
1033 1534 1169 1580 cyclum
1182 1533 1345 1577 ducebat,
1361 1545 1383 1569 a
1398 1545 1467 1581 qno
1484 1534 1657 1570 secundus
1673 1538 1747 1570 erat

188 1589 323 1624 tertius.
353 1589 401 1624 At
412 1589 544 1636 insigni
559 1589 804 1626 mathematico
819 1591 952 1638 placuit
966 1590 1056 1627 hunc
1073 1591 1383 1627 embolimaeorum
1399 1592 1557 1627 ordinem
1573 1602 1650 1626 esse
1665 1590 1699 1627 3.
1714 1592 1745 1626 6.

189 1645 224 1681 9.
244 1645 297 1682 11.
316 1645 367 1682 14.
389 1646 440 1683 17.
462 1646 524 1690 19„
546 1646 672 1694 quibus
693 1658 816 1683 aureos
839 1649 926 1683 istos
948 1659 1111 1684 numeros
1135 1649 1294 1684 attribuit
1310 1648 1341 1684 2.
1357 1649 1391 1686 5.
1409 1648 1441 1685 8.
1464 1649 1515 1686 11.
1537 1648 1589 1685 13.
1609 1648 1661 1685 16.
1683 1648 1747 1691 19.,

190 1703 358 1749 quonism
374 1703 463 1748 cycli
477 1703 801 1740 decemnovennalis
817 1706 955 1741 initium
971 1706 1016 1740 ab
1032 1716 1136 1741 aureo
1154 1717 1298 1741 numero
1314 1705 1346 1740 3.
1363 1711 1398 1741 et
1412 1706 1488 1742 Kal.
1500 1705 1575 1743 Ian.
1594 1706 1746 1742 arcessit.

190 1759 297 1806 Atqui
319 1759 641 1797 decemnovennalis
664 1762 709 1796 ab
727 1762 853 1808 Aprili,
876 1773 948 1798 non
971 1773 992 1797 a
1015 1763 1196 1806 Ianuario,
1218 1774 1263 1799 ex
1280 1768 1435 1799 veterum
1458 1764 1672 1810 praescripto
1694 1774 1746 1798 re·

190 1817 360 1863 petendus
375 1821 439 1857 est,
485 1817 528 1853 Et
547 1818 607 1853 ille
622 1819 696 1865 ipse
712 1819 1022 1855 embolimaeorum
1043 1820 1126 1856 ordo
1147 1822 1339 1864 mensium,
1363 1831 1468 1868 quem
1491 1821 1746 1868 proposuimus,

191 1873 324 1917 Bedae,
339 1873 460 1918 Pitati,
483 1875 582 1911 Pauli
596 1875 813 1923 Forosempr.
829 1877 1044 1924 aliorumque
1060 1879 1214 1925 computi
1229 1879 1399 1914 artificum
1416 1878 1602 1914 autoritate
1615 1878 1745 1914 nititur.

191 1930 278 1967 Vide
290 1941 469 1978 caparra.
483 1931 525 1967 de
537 1932 655 1979 Temp.
669 1932 816 1968 Ratione
833 1934 926 1980 apud
937 1933 1069 1971 Bedam
1084 1939 1169 1971 tom.
1182 1948 1220 1971 11.
1243 1936 1339 1971 Idem
1355 1939 1391 1971 et
1405 1936 1600 1971 certissima
1612 1937 1746 1971 ratione

189 1987 235 2023 ad
248 1987 341 2024 hunc
354 1989 497 2026 modurn
511 1989 696 2035 colligitur.
723 1990 1016 2035 Embolimaeum,
1032 1993 1163 2040 opinor,
1180 2003 1311 2029 annum
1326 1994 1364 2029 in
1379 1994 1478 2039 cyclo
1494 1991 1650 2040 paschali
1665 2004 1745 2028 eum

190 2054 312 2081 omnes
327 2045 542 2092 intelligunt,
559 2047 634 2093 qui,
650 2051 690 2082 ut
703 2048 836 2093 primus
853 2050 1028 2095 sequentis
1046 2051 1129 2085 anni
1141 2051 1271 2086 mensis
1283 2051 1376 2087 intra
1386 2049 1568 2097 paschales
1580 2051 1746 2086 terminos

188 2102 398 2146 coerceatur,
412 2113 534 2138 mense
551 2113 620 2139 nno
635 2103 677 2139 fit-
691 2106 834 2140 auctior.
880 2105 1058 2143 Eiusmodi
1074 2111 1190 2143 antem
1207 2109 1291 2143 anni
1305 2109 1357 2144 illi
1373 2112 1456 2143 sunt
1467 2120 1539 2150 vu„
1560 2118 1646 2154 quos
1663 2119 1746 2142 enn-

189 2160 416 2203 neravimus,
431 2158 496 2195 hoc
513 2164 566 2195 est
580 2161 675 2196 aurei
690 2162 726 2197 in
741 2162 947 2198 Kalendario
964 2165 1099 2199 numeri
1114 2164 1147 2200 2.
1161 2164 1194 2201 5.
1209 2165 1239 2200 7.
1257 2165 1308 2200 10.
1326 2164 1377 2201 13.
1394 2164 1446 2200 16.
1462 2164 1525 2207 18.,
1541 2176 1612 2200 non
1629 2169 1746 2200 autem

190 2216 223 2252 8.
242 2216 295 2253 ll.
314 2217 366 2253 19.
395 2217 532 2253 Etenim
548 2229 628 2253 cum
645 2229 771 2254 aureus
787 2230 951 2256 numerus
964 2233 1023 2256 vn.
1039 2221 1075 2256 in
1091 2233 1158 2257 usu
1175 2226 1244 2264 est,
1267 2234 1371 2268 quem
1387 2222 1476 2268 cycli
1493 2222 1743 2257 decemnoven-

190 2274 279 2309 nalis
296 2277 456 2310 octavum
473 2285 550 2310 esse
565 2275 744 2320 volumus,
764 2277 897 2323 primus
912 2278 1043 2313 mensis
1058 2279 1180 2325 incipit
1194 2280 1310 2314 Martii
1327 2291 1423 2321 xv1r.,
1439 2279 1587 2325 ideoque
1603 2279 1745 2314 emboli-

190 2341 312 2366 maeus
327 2341 407 2367 ease
421 2331 539 2373 debet;
555 2332 685 2378 alioqui
700 2343 849 2380 sequens
866 2344 979 2370 annus
995 2346 1016 2370 a
1031 2336 1148 2371 Martii
1159 2348 1206 2372 vr.
1221 2335 1434 2371 inchoandus
1451 2337 1531 2378 erit,
1547 2337 1604 2371 cui
1619 2347 1745 2372 aureus

190 2398 356 2423 numerus
368 2400 443 2424 vm.
459 2388 590 2424 affixus
606 2392 676 2431 est,
692 2401 784 2425 anno
801 2391 1124 2428 decemnovennalis
1141 2393 1228 2438 cycli
1243 2404 1347 2428 nono.
1370 2393 1444 2428 Hoc
1458 2397 1574 2428 autem
1590 2393 1746 2439 paschali

189 2445 315 2480 canoni
331 2454 372 2480 ac
385 2445 546 2481 Nicaenis
563 2445 709 2481 decretis
724 2452 911 2494 repugnat,
935 2458 974 2483 ac
991 2449 1192 2484 Latinorum
1203 2476 1211 2491 ,
1235 2449 1301 2484 hoc
1321 2453 1375 2484 est
1394 2449 1664 2494 Iudaizantinm,
1686 2462 1745 2498 pe-

188 2503 328 2538 culiaris
343 2513 438 2538 error
453 2503 510 2538 ille
525 2503 608 2545 fuit3
630 2513 735 2549 quem
758 2508 798 2539 ut
819 2505 1004 2548 evitemus,
1026 2506 1180 2541 decimus
1200 2507 1322 2541 tertius
1338 2518 1464 2553 nempe
1478 2508 1610 2542 mensis
1625 2508 1668 2543 ad
1684 2519 1745 2544 an-

189 2570 276 2596 num
288 2571 363 2596 vm.
379 2560 519 2596 accedat
535 2564 686 2606 oportet,
703 2561 755 2595 uti
770 2572 900 2604 nonus,
917 2563 973 2597 cui
988 2573 1152 2598 numerus
1169 2574 1295 2598 aureus
1308 2575 1383 2599 vm.
1398 2564 1581 2607 tribuitur,
1593 2565 1630 2601 iu
1645 2566 1744 2612 Apri-

190 2616 280 2652 Bv.
295 2621 564 2660 summoveatur,
582 2627 604 2651 a
619 2628 688 2663 quo
703 2618 836 2663 primus
852 2618 1024 2664 paschalis
1041 2620 1170 2654 mensis
1185 2620 1339 2666 incipiat.
1372 2619 1501 2656 Eadem
1521 2626 1556 2656 et
1571 2622 1744 2659 undecimi

191 2673 285 2710 ratic
296 2677 365 2716 est.
379 2674 436 2709 cui
452 2685 617 2709 numerus
634 2684 757 2708 aureus
775 2675 936 2709 convenit
951 2687 985 2709 x.
1023 2675 1086 2710 Hic
1104 2677 1196 2711 enim
1213 2687 1292 2711 cum
1309 2688 1330 2711 a
1347 2690 1415 2712 ιη’.
1428 2678 1545 2713 Martii
1559 2679 1670 2723 ineat,
1687 2681 1743 2716 de-

192 2729 275 2764 cimi
292 2731 383 2766 tertii
401 2732 531 2766 mensis
554 2731 774 2766 neomeniam
795 2731 831 2766 in
853 2732 970 2767 Martii
985 2745 1037 2768 ur.
1061 2732 1226 2769 conferet.
1273 2733 1387 2776 Quare
1409 2735 1664 2772 intercalandus
1687 2737 1742 2773 hic

195 2785 328 2828 θήῃ-ιι
341 2797 454 2823 annus
470 2799 533 2824 ιιι.
553 2799 574 2823 a
589 2800 626 2824 11.
642 2788 768 2834 Aprilis
786 2789 940 2835 incipiat.
988 2788 1144 2835 Denique
1167 2802 1238 2826 ιιι,
1256 2802 1369 2826 annus
1393 2803 1472 2827 cum
1496 2803 1518 2827 a
1541 2798 1664 2839 quarto
1688 2795 1742 2830 die

193 2841 323 2888 Aprilis
336 2844 543 2888 exordiatur,
561 2845 786 2879 embolimum
803 2856 958 2880 mensem
974 2857 1044 2880 non
1061 2847 1228 2890 continet,
1250 2848 1310 2883 sed
1326 2849 1474 2884 eundem
1490 2852 1656 2896 sequitur.
1689 2852 1742 2886 Si-

192 2898 334 2944 quidem
356 2911 455 2936 xvm.
477 2912 604 2937 aureus
626 2913 808 2943 numerum
833 2913 937 2948 quem
961 2903 1048 2948 cycli
1071 2903 1391 2940 decemnovennalis
1413 2906 1587 2942 decimum
1609 2919 1741 2943 nonum

193 2955 394 2999 statuimus,
414 2957 530 2994 Martii
545 2971 616 2994 xv1.
634 2959 815 3004 competit,
838 2970 860 2993 a
883 2970 951 3004 quo
974 2970 1086 2995 annus
1107 2961 1274 3007 incipiens
1296 2964 1493 2998 necessario
1508 2965 1741 3000 tertiumdeci-

195 3021 292 3048 mum
306 3015 544 3051 mensemsibi
558 3015 734 3059 vendicat,
757 3016 856 3050 cuius
873 3017 1055 3052 neomenia
1069 3018 1186 3054 Martii
1199 3030 1230 3054 v.
1246 3020 1389 3056 minime
1410 3020 1584 3066 paschalis
1608 3027 1676 3064 est,
1699 3033 1738 3056 ac
