2008 3294
1446 176 1704 215 chxxxvn

151 291 300 325 testatur
314 287 529 325 Sosomenus
544 287 605 324 lib.
619 298 666 323 tv.
682 296 758 334 cap.
769 297 820 323 xx.
850 284 918 321 Alii
932 294 1014 330 vero
1037 294 1084 318 ex
1106 283 1228 319 eodem
1243 283 1451 318 Arianorum
1471 291 1580 328 grege
1596 291 1618 316 a
1631 291 1707 316 ma-

152 346 254 392 gistri
268 346 324 382 sui
335 345 516 392 impietate
536 345 718 391 paululum
733 342 962 379 desciscentes
985 340 1096 381 οὐσίας
1118 340 1326 376 vocabulum
1347 343 1384 374 et
1402 339 1466 375 filii
1485 339 1523 374 in
1545 338 1705 375 omnibus

152 403 308 450 adeoque
329 403 367 438 in
382 402 582 438 substantia
601 400 862 437 similitudinem
883 398 1135 445 agnoscebant.
1178 397 1332 440 Quorum
1355 396 1515 443 signiferi
1536 406 1578 431 ao
1600 394 1706 431 duces

152 463 252 496 erant
264 459 418 495 Basilius
435 459 650 505 Ancyranus,
668 457 839 504 Georgius
854 455 1083 498 Laodicenus,
1099 454 1263 490 Silvanus
1278 454 1471 497 Tarsensis,
1491 451 1707 500 Sophronias

84 534 86 536 v
151 516 509 564 Pompeiopolitanus,
525 514 684 552 Eleusius
697 515 905 562 Cyzicenus,
918 512 1146 549 Macedonius
1162 511 1586 558 Constantinopolitanae,
1600 513 1653 552 et,
1668 513 1708 544 ut

152 573 313 609 Socrates
343 584 385 609 ac
408 573 624 609 Sozomenus
646 573 784 615 volunt,
811 571 917 607 etiam
944 569 1094 616 Cyrillus
1121 569 1468 615 Hierosolymitanns.
1518 568 1613 603 Haeo
1639 566 1707 602 duo

151 630 302 667 Arianae
324 634 440 667 sectae
465 631 580 678 capita
601 630 758 673 fuerunt,
781 638 930 676 quorum
953 627 990 662 in
1014 626 1176 672 dogmate
1199 627 1275 673 ipso
1299 626 1468 661 dissensio
1490 625 1707 660 versabatur.

152 687 270 726 Tertia
281 687 404 723 deinde
415 691 572 723 nontam
585 698 630 722 ex
646 685 770 722 erroris
785 685 967 727 varietate,
986 694 1092 730 quam
1107 694 1153 718 ex
1170 684 1258 718 odiis
1274 687 1309 718 et
1320 683 1572 718 offensionibus
1587 685 1710 717 exorta

151 744 255 780 factio
275 749 344 789 est,
361 745 613 781 Acacianorum
627 743 797 780 videlicet.
842 742 978 779 Etenim
994 741 1140 776 Aeacius
1157 740 1392 776 Caesariensis
1415 751 1494 776 cum
1510 740 1652 775 Meletio
1674 743 1710 775 et

152 801 281 839 Uranie
297 802 420 848 Tyrio,
444 800 614 848 Eutychio
637 799 976 847 Eleutheropolitano
1000 801 1036 834 et
1058 798 1134 833 aliis
1157 798 1365 844 quibusdam
1390 809 1472 833 snas
1495 797 1571 844 ipse
1593 800 1709 844 partes

151 860 347 903 constituit,
371 870 412 895 ac
436 859 734 894 Semiarianorum
756 857 903 893 ducibus
925 855 1088 892 acerrime
1111 856 1239 891 restitit
1258 855 1294 890 in
1317 855 1528 890 Seleueiensi
1550 854 1708 890 concilio.

154 915 221 959 Qui
242 916 278 952 in
301 927 359 960 eo,
382 920 422 952 ut
446 916 578 964 opinor,
602 916 647 952 ab
662 915 820 951 Eudoxio
837 914 982 960 aliisque
992 912 1198 960 praefractis
1214 912 1370 947 Aetianis
1386 912 1602 958 discrepabat
1617 911 1710 958 quod

152 973 266 1010 filium
281 978 473 1010 creaturam
489 984 581 1016 esse,
603 976 666 1009 aut
685 972 793 1020 patris
814 971 1019 1007 dissimilem
1034 970 1098 1006 etsi
1114 969 1255 1017 perinde
1271 974 1375 1016 atque
1391 969 1442 1004 illi
1457 969 1616 1012 sentiret,
1639 980 1711 1004 non

153 1033 272 1067 tamen
286 1031 394 1066 libere
409 1031 640 1078 audacterque
654 1029 883 1078 profiteretur.
910 1028 963 1064 De
978 1027 1033 1064 his
1049 1027 1192 1063 consule
1208 1026 1387 1062 Socratem
1403 1026 1462 1061 lib.
1474 1039 1513 1062 11.
1529 1037 1602 1073 cap.
1612 1038 1710 1066 xxxx.

155 1091 191 1123 et
211 1087 448 1134 sequentibus.
494 1086 698 1123 Theodoret.
719 1087 780 1137 lib.
796 1099 835 1124 n.
857 1097 931 1133 cap.
948 1097 1072 1127 uvir,
1094 1085 1232 1120 Sozom.
1255 1084 1314 1119 lib.
1326 1096 1373 1120 ιν.
1398 1094 1473 1130 cap.
1490 1095 1563 1120 xxx.
1590 1094 1630 1118 ae
1653 1083 1711 1118 de·

155 1155 286 1192 inceps.

246 1202 322 1237 Τῶν
334 1201 406 1248 περὶ
418 1201 597 1247 Βασίλειον,
614 1200 713 1248 φημὶ,
730 1200 783 1236 καὶ
797 1199 970 1247 Γεώργιον,
987 1199 1040 1235 καὶ
1052 1199 1261 1243 Σιλουανόν]
1283 1199 1383 1234 Hunc
1398 1198 1514 1245 ipsum
1531 1197 1710 1233 Silvanum

154 1259 260 1295 refert
273 1258 507 1295 Theodoretus
526 1259 586 1295 lib.
600 1270 639 1295 ιι.
654 1269 729 1305 cap.
740 1269 852 1295 xxm.
874 1257 913 1292 τὸ
935 1256 1112 1304 ὁμοοόσιον
1135 1246 1254 1292 coram
1275 1257 1484 1303 imperatore
1506 1255 1712 1291 defendisse.

156 1317 254 1361 Quod
269 1316 370 1352 valde
384 1316 501 1353 miror.
546 1315 636 1351 Nam
658 1316 695 1352 in
717 1315 932 1351 Seleuciensi
953 1314 1184 1350 conciliabulo
1207 1313 1299 1348 hunc
1319 1324 1428 1348 unum
1445 1313 1610 1348 adversus
1626 1314 1712 1348 Aca-

155 1372 275 1409 cianos
289 1373 469 1420 pertendit,
484 1376 524 1409 ut
535 1372 751 1409 Antiochena
764 1372 916 1408 formula
930 1373 1144 1413 retineretur,
1159 1371 1210 1407 ait
1223 1370 1384 1406 Socrates
1400 1370 1505 1406 lib.u.
1518 1381 1726 1418 cap.xxxn.·

157 1430 247 1473 Quid
261 1434 378 1466 autem
392 1431 430 1466 in
445 1430 562 1466 auimo
577 1429 737 1466 habuerit
755 1430 787 1465 is
809 1430 869 1476 qui
886 1428 995 1464 οὖσιον
1011 1428 1104 1476 apud
1119 1427 1374 1463 Theodoretum
1390 1439 1452 1474 pro
1470 1426 1646 1475 ὁμοούσιον
1661 1439 1712 1463 re-

155 1487 356 1535 ponendum
372 1488 516 1531 censuit,
531 1487 652 1524 dooere
667 1487 743 1534 ipse
758 1487 932 1523 debuerat.
962 1486 1051 1522 Nam
1068 1497 1137 1521 vox
1153 1486 1213 1520 illa
1228 1484 1337 1526 οὖσιος
1353 1497 1423 1521 non
1440 1490 1494 1520 est
1508 1485 1623 1521 nauci.

248 1543 289 1580 Οἱ
304 1544 376 1592 περὶ
391 1544 573 1592 meditem]
609 1544 780 1591 Corrupta
795 1545 871 1580 sine
887 1543 991 1579 dubio
1013 1554 1126 1590 neque
1142 1543 1228 1578 satis
1242 1543 1380 1589 integra
1394 1543 1463 1578 ista
1477 1546 1571 1579 sunt.
1593 1541 1714 1589 Neque

157 1602 252 1638 enim
267 1602 446 1638 Eudoxias
460 1612 503 1638 ao
518 1602 692 1646 Georgius
707 1601 964 1637 Alexandrinus
988 1611 1010 1636 a
1024 1600 1147 1636 Basilii
1169 1604 1231 1636 aut
1246 1600 1541 1636 semiarianorum
1556 1601 1713 1647 partibus

158 1662 300 1703 stetere,
323 1659 451 1706 quibus
473 1670 555 1695 oum
574 1658 879 1695 vehementissime
901 1657 1166 1694 contendebant.
1199 1647 1270 1693 Nos
1293 1668 1383 1704 quae
1398 1657 1525 1694 desunt
1539 1658 1576 1692 in
1591 1657 1713 1693 Latino

159 1716 407 1763 supplevimus.

248 1773 310 1808 Καὶ
325 1772 479 1820 Οὐρανίῳ
495 1775 545 1820 τῷ
561 1773 702 1820 rupim
731 1773 833 1821 Apud
855 1772 1034 1809 Socratem
1056 1773 1196 1820 saepius
1217 1772 1383 1808 Ursacius
1402 1783 1465 1820 pro
1487 1773 1617 1808 Uram'o
1638 1783 1714 1819 per-

157 1841 278 1878 peram
293 1830 501 1866 substitutus
517 1833 580 1868 est.

250 1887 334 1923 Τότε
348 1887 616 1923 κατασταθέντων
632 1885 705 1923 κατ’
721 1887 857 1933 aarum]
881 1888 965 1935 Leg.
981 1891 1021 1923 ut
1035 1888 1138 1923 estin
1155 1888 1330 1934 margine,
1346 1886 1600 1923 κατασταθέντα.
1624 1886 1713 1923 Nam

160 1945 316 1992 deposito
337 1945 376 1980 in
391 1944 605 1981 Seleuciensi
627 1945 772 1982 concilio
796 1956 817 1980 a
840 1945 972 1981 Basilio
995 1948 1031 1980 et
1049 1945 1275 1981 Semiarianis
1289 1945 1452 1980 Eudoxio
1471 1943 1638 1980 suffectus
1661 1948 1716 1980 est

158 2002 333 2044 Auienus,
348 2002 408 2049 qui
422 2001 467 2038 ab
482 2002 664 2038 Acacianis
677 2013 740 2050 per
754 2002 953 2038 Laurioium
969 2006 1003 2038 et
1017 2002 1172 2038 Leonam
1187 2003 1224 2037 in
1239 2002 1386 2038 exilium
1402 2002 1532 2037 eiectus
1549 2006 1614 2038 est.
1651 2002 1714 2037 So-

161 2062 271 2095 crates
286 2058 347 2095 lib.
357 2070 396 2095 n.
412 2069 488 2106 cap.
498 2070 610 2097 xxxn.

250 2115 313 2152 Διὰ
325 2114 382 2161 τὴν
397 2115 479 2163 πρὸς
495 2115 731 2163 τδν-Κόριλλον
747 2114 895 2164 ἔχθραν]
941 2117 1185 2164 Expungenda
1205 2117 1348 2152 omnino
1366 2117 1519 2164 negandi
1534 2117 1714 2163 particula.

159 2173 250 2210 Nam
264 2172 454 2220 Eutychiae
470 2185 532 2221 pro
549 2183 613 2210 suo
627 2173 666 2210 in
682 2173 851 2220 cyrinum
867 2174 946 2210 odio
969 2185 1047 2210 sese
1070 2174 1114 2209 ad
1130 2174 1295 2210 Acacium
1318 2174 1540 2221 aggregavit:
1563 2185 1714 2220 quocum

161 2230 331 2278 Cyrill'um
343 2229 697 2277 Hierosolymitanum
713 2230 755 2266 de
771 2232 971 2278 episcopatu
987 2231 1142 2267 dimovit.

243 2287 293 2325 N.
310 2299 396 2325 xxv.
417 2286 469 2325 Ὀἱ
481 2287 688 2328 συνελθόντες
705 2286 904 2334 ἐπίσκοποι]
948 2289 1001 2324 De
1023 2288 1238 2324 Seleuciensi
1260 2288 1508 2331 conciliabulo,
1533 2288 1625 2334 quod
1640 2288 1715 2323 Ari-

161 2344 328 2382 minensis
343 2343 512 2393 ἀντίμιμον
533 2345 686 2392 appellat
703 2345 883 2388 Socrates,
905 2346 983 2381 vide
1006 2356 1087 2381 cum
1111 2346 1290 2382 Socratem
1311 2346 1443 2392 ipsum,
1466 2348 1542 2380 tum
1563 2346 1715 2392 reliquos

162 2413 285 2439 omnes
299 2403 608 2438 ecclesiasticarum
622 2413 738 2437 rerum
753 2406 790 2437 et
804 2403 983 2439 annalium
998 2403 1193 2450 scriptores.

204 2483 207 2485 -
253 2459 432 2495 Celebrata
447 2463 500 2495 est
515 2459 745 2495 Seleuciensis
761 2459 915 2506 synodus
939 2471 1032 2495 anno
1049 2459 1177 2496 Christi
1193 2469 1334 2496 cccnrx.
1351 2459 1500 2494 Eusebio
1517 2464 1552 2495 et
1565 2460 1715 2507 Hypatio

162 2527 253 2554 coss.
270 2527 388 2553 coram
402 2516 561 2553 Lauricio
578 2520 612 2551 et
626 2516 746 2552 Leona
761 2517 956 2560 comitibus,
973 2528 1061 2563 quos
1085 2517 1118 2552 ei
1131 2517 1364 2552 moderandae
1379 2516 1602 2552 Constantius
1616 2529 1716 2564 prae-

161 2574 302 2611 fecerat.
348 2573 485 2609 Primus
505 2584 692 2610 consessus
707 2574 898 2609 celebratus
915 2578 968 2609 est
983 2574 1078 2620 Sept.
1091 2585 1201 2609 xxm.
1217 2585 1287 2619 quo
1304 2573 1359 2608 die
1374 2574 1613 2610 altercationes
1629 2575 1717 2610 exti-

163 2633 295 2675 terunt,
317 2629 410 2678 quod
432 2631 573 2666 iubente
592 2630 711 2666 Leona
734 2635 775 2665 ut
789 2630 831 2665 de
846 2630 914 2665 fide
931 2631 1138 2665 sententiam
1153 2631 1299 2673 ferrent,
1323 2635 1493 2677 negarent
1514 2631 1716 2667 absentibus

165 2684 312 2731 Basilio,
334 2687 556 2731 Macedonio,
579 2686 776 2734 Patrophilo
801 2698 841 2722 ac
865 2688 1027 2730 caeteris,
1051 2688 1111 2733 qui
1131 2688 1223 2722 male
1243 2688 1309 2723 sibi
1326 2689 1456 2723 conscii
1470 2693 1545 2724 tum
1563 2689 1716 2732 aberant,

167 2743 353 2791 quiequam
365 2756 469 2792 posse
485 2745 632 2780 decerni.
681 2743 750 2779 Sed
770 2744 922 2779 instante
942 2743 1166 2779 nihilominus
1180 2744 1314 2788 Leona,
1338 2756 1417 2780 cum
1441 2745 1483 2780 de
1507 2746 1716 2792 quibusdam

169 2800 230 2846 qui
243 2801 395 2837 mousati
409 2805 507 2838 erant
521 2802 756 2848 cognitionem
772 2800 967 2836 habendam
984 2804 1064 2835 ante
1080 2802 1234 2848 episcopi
1249 2805 1449 2845 statuerent,
1465 2814 1570 2849 quam
1583 2804 1624 2838 de
1635 2804 1717 2839 fidei

169 2857 390 2903 dogmatibus
412 2865 572 2905 ageretur
594 2858 714 2904 (delati
737 2858 829 2892 enim
853 2861 952 2893 erant
970 2857 1119 2903 cyrillus
1142 2858 1492 2905 Hierosolymitanus,
1515 2860 1717 2895 Eustathius

170 2913 383 2950 Sebastenus
398 2915 507 2951 etalii
520 2916 704 2960 nonnulli),
719 2915 863 2961 pervicit
875 2914 1016 2950 tandem
1032 2925 1165 2957 eomes,
1181 2919 1220 2950 ut
1235 2916 1277 2950 de
1288 2915 1356 2951 fide
1372 2917 1606 2963 quaerendum
1621 2918 1717 2964 prins

171 2980 250 3005 esse
260 2970 441 3007 videretur.
473 2972 526 3008 lbi
537 2973 664 3008 Aeacio
679 2983 806 3007 novam
822 2971 903 3006 fidei
914 2972 1100 3007 formulam
1116 2976 1150 3007 et
1167 2972 1340 3008 Nicaenae
1355 2975 1493 3020 penitus
1509 2975 1718 3010 contrariam

172 3027 329 3063 offerenti
343 3027 505 3064 Silvanus
520 3030 712 3076 caeterique
729 3029 936 3064 Semiariani
951 3028 1252 3065 vehementissime
1267 3031 1474 3068 restiterunt.
1503 3031 1615 3073 Quare
1632 3032 1716 3065 Aca-

1748 1440 1776 1466 p.
1789 1430 1848 1459 ³2⁵.
