2008 3294
1609 197 1717 234 CXCI

377 327 438 365 AD
461 327 693 364 HAERESIM
715 327 812 371 mv„
836 324 955 370 QUAE
977 323 1063 360 EST
1085 323 1517 361 THEODOTIANORUM.
1753 332 1781 358 p.
1793 323 1850 351 ²18·

260 396 430 433 Theodoti
445 395 591 432 Coriarii
605 395 791 443 Byzantini
809 394 968 432 meminit
989 393 1159 429 Eusebius
1179 394 1239 430 lib.
1252 406 1284 430 v.
1306 393 1427 430 histor.
1451 403 1527 440 cap.
1541 404 1662 435 xxva„
1683 394 1719 426 et

169 453 227 489 alii
254 454 349 489 citati
375 465 397 489 a
420 453 571 489 Baronio
596 464 627 488 a.
646 453 721 489 196.
744 451 960 500 Augustinus
983 449 1254 486 'theodotionem
1279 451 1447 487 nominat.
1492 450 1624 485 Extant
1649 449 1718 484 col-

168 511 326 546 lectanea
341 521 360 545 e
376 510 526 546 Thodoti
543 510 723 546 cuiusdam
739 509 874 557 scriptis
889 507 982 556 apud
997 506 1104 543 Clem.
1121 518 1210 554 quae
1225 519 1297 542 non
1312 508 1453 555 sapiunt
1467 506 1686 543 catholicum.

257 567 300 604 N.
317 580 341 603 r.
365 567 436 602 Οὐκ
452 562 527 601 οἶδα
542 565 638 601 εἰπεῖν
655 566 687 602 ἐν
703 570 752 614 τῷ
769 565 935 613 τοιούτῳ]
967 563 1189 600 Correximus
1207 562 1324 611 ὁποίῳ.
1348 565 1422 600 Sub
1437 565 1485 600 M.
1497 563 1629 600 Aurelii
1642 574 1719 611 per-

168 625 344 660 secutione
360 623 454 660 istud
469 624 632 671 contigit,
649 627 688 660 ut
702 623 829 660 Batou.
844 621 974 659 ibidem
988 621 1124 657 asserit.

257 681 299 717 N.
313 693 353 718 11.
379 680 440 715 Καὶ
455 678 566 728 ἀγνοεῖ
581 679 599 716 ὁ
616 679 779 726 ἐλεεινός.]
809 679 895 717 Vide
907 679 1131 726 interpretes,
1144 678 1384 725 imprimisque
1398 678 1551 714 Maldon.

257 737 300 775 N.
317 750 369 774 111.
393 732 491 784 Etr«,
509 737 604 784 φησὶ,
622 737 676 772 καὶ
687 738 725 772 τὸ
739 735 957 785 absuntam]
979 736 1042 772 Vis
1057 736 1125 771 ista
1139 736 1413 771 ratiocinationis
1427 735 1531 771 huius
1546 735 1655 771 fuisse
1669 735 1719 771 vi-

168 794 278 832 detur.
300 793 498 831 Theodotus
511 799 550 831 ut
559 795 723 842 probaret
733 793 908 831 Christum
918 803 1054 831 merum
1065 803 1106 828 ac
1118 792 1312 840 simplicem
1323 791 1500 828 hominem
1515 804 1591 828 esse
1605 793 1720 828 Lucae

167 852 282 888 verbis
305 852 478 896 utebatur,
501 852 628 899 quibus
649 852 798 899 augelus
811 850 944 888 Mariae
966 849 1070 893 dixit,
1093 854 1382 897 superventurum
1402 850 1438 885 in
1460 861 1538 886 eam
1559 851 1720 898 spiritum

168 911 347 952 sanctum,
370 920 442 944 non
458 912 576 944 autem
590 908 627 944 in
643 919 686 944 ea
698 908 871 952 futurum,
893 907 965 952 vel,
987 910 1028 943 ut
1041 907 1146 955 paulo
1161 910 1243 955 post
1256 906 1418 953 loquitur,
1441 907 1478 942 in
1493 918 1571 942 eam
1586 907 1720 954 ingres-

169 977 302 1002 surum.
324 965 415 1001 Nam
430 966 491 1001 illa
502 965 624 1011 verba,
640 963 844 1001 ἐπελεύσεται
859 962 911 1000 lvci
926 963 979 1012 σέ,
995 960 1222 1001 adventitium
1237 963 1369 1011 aliquid
1384 967 1418 999 et
1433 964 1647 1000 extrinsecus
1664 975 1720 1000 ac-

167 1022 294 1059 cedens
309 1022 460 1059 indicare
476 1022 646 1060 videntur.

257 1078 299 1117 N.
316 1092 363 1116 rv.
387 1079 627 1128 Προφοισίζεται
642 1078 739 1116 πάλιν
753 1078 770 1114 ὃ
783 1079 970 1126 Θεόδοτος]
992 1078 1186 1115 Hieremiae
1200 1079 1298 1115 locus
1314 1078 1371 1114 ille
1381 1105 1390 1122 ,
1406 1090 1510 1126 quem
1522 1077 1720 1114 Theodotus

167 1136 351 1180 afferebat,
367 1148 411 1172 ex
429 1149 500 1172 axx
516 1137 692 1174 seniorum
707 1137 856 1172 editione
871 1136 1094 1184 depromptus
1110 1140 1177 1172 est:
1194 1133 1387 1183 Ἄνθρωπός
1399 1135 1485 1182 ἐστι,
1502 1135 1556 1170 καὶ
1571 1135 1618 1176 τίς
1634 1136 1720 1183 γνώ-

168 1205 258 1229 σεται
273 1193 390 1240 αὔτως
413 1194 584 1230 Hebraica
597 1205 668 1230 vox
690 1197 807 1236 '0:52⁸
830 1193 997 1240 ambigua
1011 1193 1267 1240 significatione
1283 1193 1503 1229 occasionem
1517 1193 1720 1240 interpreta-

168 1251 272 1287 tionis
286 1251 381 1287 illius
397 1250 506 1295 dedit,
521 1255 562 1287 ut
576 1250 818 1287 animadvertit
831 1250 971 1287 moron.
1002 1250 1097 1286 Nam
1112 1253 1145 1286 a·
1158 1251 1309 1296 teqamu·
1323 1241 1458 1312 '³5³5‘
1473 1250 1569 1285 homo
1582 1252 1719 1293 ascitur,

168 1322 200 1354 si
215 1326 324 1356 autem
339 1310 456 1380 ’σήπῃ
466 1347 476 1364 ,
491 1320 727 1362 inscrutabile,
743 1322 814 1355 eive
826 1319 1055 1366 desperabam
1073 1331 1109 1355 eo
1125 1321 1214 1366 quod
1228 1321 1338 1355 trullus
1353 1332 1413 1354 cor
1424 1319 1589 1355 hominu-a
1605 1321 1722 1354 valeat

169 1391 330 1424 invenire.
362 1389 408 1424 At
427 1388 538 1425 sancti
551 1387 617 1425 PP.
635 1388 846 1424 contrarium
866 1388 957 1432 eius,
981 1387 1074 1435 quod
1089 1387 1286 1424 Theodotus
1309 1388 1507 1435 pugnabat,
1530 1399 1575 1424 ex
1598 1388 1721 1424 eodem

168 1446 245 1481 loco
258 1445 432 1482 deducunt
443 1445 617 1482 Christum
627 1456 699 1481 non
711 1445 904 1493 simplicem
915 1444 1092 1481 hominem
1107 1456 1202 1489 esse,
1217 1445 1279 1481 sed
1294 1456 1365 1481 una
1374 1446 1480 1481 etiam
1490 1446 1612 1488 deum3
1628 1445 1721 1492 quod

169 1502 399 1550 Hieronymus
413 1514 486 1540 uon
499 1502 636 1550 probat.
657 1502 785 1546 Solent,
799 1502 929 1550 inquit,
944 1504 1082 1549 quidam
1095 1506 1215 1546 noea-i,
1232 1504 1315 1539 bono
1329 1504 1461 1550 quidem
1476 1510 1565 1545 voto,
1582 1505 1642 1538 sed
1656 1515 1720 1538 non

167 1561 348 1595 secundum
369 1563 564 1604 scientiam,
586 1562 639 1595 uti
652 1559 715 1595 hoc
737 1560 809 1595 loco
832 1565 954 1596 contra
969 1560 1133 1603 Iudaeos,
1149 1562 1240 1607 quod
1261 1560 1355 1596 hono
1376 1563 1423 1595 eie
1441 1562 1594 1596 dominae
1616 1572 1720 1607 acque

170 1623 268 1664 atque
281 1619 444 1660 salvator,
459 1618 637 1653 secundum
650 1618 932 1664 dispensationem
947 1620 1067 1652 carm'a
1081 1623 1291 1664 assumptae,
1313 1619 1485 1664 nullusque
1499 1621 1612 1664 poso-'t
1632 1621 1720 1654 nati·

168 1677 287 1710 vitatis
301 1677 373 1711 eiua
386 1678 476 1711 scire
491 1676 697 1720 mysterium,
714 1675 894 1710 secundum
909 1675 998 1710 illud
1011 1676 1101 1722 quod
1113 1677 1277 1721 scriptum
1292 1681 1356 1710 cst:
1377 1676 1633 1711 Gener-ationem
1650 1679 1721 1711 eius

168 1734 242 1778 quis
257 1733 456 1768 enarrabit!
477 1734 545 1767 nini
558 1732 648 1767 aolus
664 1733 761 1775 deus,
777 1734 836 1778 qai
850 1743 987 1767 arcana
1001 1734 1158 1774 rimatur,
1174 1738 1207 1767 et
1220 1733 1335 1767 reddit
1347 1735 1524 1779 unicuique
1540 1735 1718 1768 necundo-

168 1801 275 1835 opera
290 1801 365 1826 sua.
396 1789 520 1824 Melius
537 1794 646 1824 autem
661 1794 725 1831 eet,
741 1795 776 1824 at
790 1789 993 1836 simpliciter
1007 1791 1237 1835 accipiamus,
1253 1791 1343 1836 qaod
1356 1791 1466 1824 nauus
1481 1793 1719 1836 coquat-'om

167 1852 300 1882 secreta
316 1852 512 1892 coquom-at,
530 1848 598 1881 nisi
610 1847 700 1880 solus
716 1847 806 1882 deus.
851 1845 944 1882 Haec
965 1846 1035 1882 ille.
1081 1846 1134 1881 Ad
1155 1846 1305 1882 eundem
1325 1857 1468 1882 sensum
1488 1847 1594 1883 refert
1612 1848 1719 1883 etiam

167 1902 415 1940 Theodoretus.
459 1903 600 1940 Tertull.
615 1914 698 1940 vero
720 1906 841 1939 eontra
859 1902 933 1938 lud.
953 1913 1029 1950 cap.
1040 1914 1126 1947 xm,
1147 1902 1341 1951 Cyprianus
1363 1915 1393 1941 c.
1410 1904 1483 1940 Iud.
1499 1915 1575 1952 cap.
1587 1917 1633 1948 ι,
1653 1905 1718 1940 La-

168 1963 273 1996 ctant.
288 1961 347 1997 lib.
359 1973 406 1998 rv.
423 1959 496 2008 ca'p.
509 1972 597 2004 xm„
617 1963 652 1996 et
674 1960 749 2004 alii,
770 1971 859 2008 quos
878 1960 984 1996 tacito
1007 1961 1150 1996 nomine
1170 1965 1270 1997 notat
1288 1962 1428 1998 Hieron.
1449 1961 1495 1997 ad
1516 1961 1643 1998 Christi
1668 1962 1718 1999 di·

166 2017 359 2054 vinitatem.

256 2074 300 2111 N.
315 2086 348 2111 v.
375 2073 521 2122 Ἐλέγχη
538 2073 575 2109 δὲ
590 2072 698 2120 πάλιν,
714 2073 883 2120 erasme]
912 2074 967 2111 Ex
983 2086 1024 2111 eo
1040 2075 1134 2123 quod
1148 2075 1193 2110 ad
1207 2076 1315 2123 patris
1330 2076 1510 2114 dexteram
1527 2078 1717 2114 collocatus

169 2132 215 2168 sit
229 2131 340 2175 filius,
362 2132 438 2180 pari
453 2135 487 2167 et
502 2131 624 2167 eadem
639 2142 721 2167 cum
735 2132 795 2167 illo
811 2131 981 2179 dignitate
1003 2143 1044 2168 ac
1059 2137 1232 2180 potestate
1247 2144 1323 2170 esse
1339 2134 1504 2170 dicendus
1520 2139 1583 2172 est.
1635 2136 1718 2171 Am-

167 2189 260 2226 bros.
277 2188 389 2226 Serm.
402 2200 455 2227 m.
471 2188 514 2225 de
527 2188 749 2224 Pentecoste:
764 2189 822 2224 Ne
835 2192 1021 2233 miremini,
1036 2190 1168 2238 inquit,
1183 2193 1272 2237 quod
1278 2193 1336 2226 *ad
1350 2193 1522 2227 dexteram
1532 2196 1650 2239 patris
1665 2205 1717 2227 re-

167 2247 279 2282 cidere
290 2247 494 2293 dioeifils'uau:
517 2247 567 2282 ad
577 2247 751 2281 dexteram
762 2248 902 2289 residet,
925 2260 991 2282 non
1005 2251 1087 2294 quia
1103 2251 1214 2283 maior
1225 2255 1347 2295 patre,
1366 2250 1429 2284 sed
1443 2261 1483 2284 ne
1498 2253 1718 2296 minor-patre

169 2315 239 2339 ease
254 2305 426 2347 credam,
440 2307 530 2339 sicut
543 2303 711 2338 haeretici
725 2303 962 2351 blasphemare
977 2311 1225 2342 consueverunt.
1271 2305 1367 2341 Idem
1383 2306 1519 2353 colligit
1532 2306 1576 2341 ad
1590 2306 1716 2341 Psalm.

168 2373 268 2397 xvm.
291 2372 336 2396 ex
358 2360 418 2396 illo
440 2360 567 2397 Psalm.
586 2360 661 2395 109.
684 2360 778 2396 loco:
809 2360 895 2396 Sede
919 2375 942 2396 a
966 2363 1095 2398 dextris
1115 2366 1207 2398 reicis.
1253 2362 1386 2405 Quibus
1417 2367 1451 2398 et
1479 2364 1648 2398 similibus
1671 2374 1716 2399 ex

167 2419 253 2454 locis
268 2420 411 2466 apparet
424 2417 551 2454 falsam
566 2428 687 2453 eorum
702 2428 778 2452 esse
794 2418 1017 2463 sententiam,
1039 2419 1101 2466 qui
1121 2419 1297 2455 sinistram
1315 2419 1408 2466 apud
1422 2423 1555 2455 veteres
1570 2419 1716 2456 honora-

168 2476 292 2511 tiorem
315 2475 437 2511 dextra
458 2475 566 2511 fuisse
589 2474 811 2511 contendunt.
857 2474 964 2511 Cuius
991 2476 1163 2523 opinionis
1189 2480 1301 2512 autor.
1323 2475 1477 2514 Nebriss.
1501 2487 1576 2525 cap.
1592 2490 1713 2515 mrx.

168 2531 451 2580 Quinquagenae.

333 2635 393 2670 AD
416 2634 648 2671 HAERESIM
670 2634 751 2678 LV„
775 2633 894 2677 QUAE
915 2634 1000 2670 EST
1022 2635 1555 2674 MELCHISEDECIANORUM.
1750 2659 1777 2686 ρ.
1789 2650 1847 2680 217.

258 2701 300 2739 N.
317 2715 339 2739 ι.
363 2701 640 2744 Ἀποσπασθέντες
657 2701 771 2750 taxa-J
796 2703 826 2738 A
837 2702 1081 2738 Theodotianis
1097 2707 1190 2739 ortos
1206 2715 1282 2740 esse
1292 2704 1621 2742 Melchisedecianos
1636 2718 1714 2743 cen·

172 2762 225 2795 set
243 2759 465 2806 Epiphanius.
510 2761 652 2796 Tertull.
668 2771 749 2795 vero
765 2760 824 2796 lib.
843 2759 885 2794 de
898 2759 1103 2807 Praescript.
1120 2771 1192 2807 cap.
1206 2773 1279 2796 nm.
1296 2762 1401 2797 etiam
1423 2762 1638 2799 Theodotum
1660 2776 1713 2800 se-

173 2820 247 2852 ctae
270 2815 372 2852 huius
392 2819 549 2853 autorem
571 2817 766 2860 constituit,
789 2828 858 2852 non
882 2816 1031 2863 priorem
1051 2817 1151 2852 illum
1171 2821 1207 2852 et
1227 2817 1450 2864 Byzantium,
1472 2820 1534 2855 sed
1556 2822 1714 2866 alterum,

174 2883 280 2919 quem
294 2871 534 2920 ἄργυραμοιβον
550 2873 785 2910 Theodoretus
800 2874 908 2909 fuisse
924 2877 1050 2908 narrat.
1085 2874 1255 2910 Eusebius
1270 2875 1330 2911 lib.
1342 2888 1375 2913 v.
1391 2887 1464 2924 cap.
1476 2889 1587 2914 xxvn.
1602 2878 1711 2915 Theo-

174 2930 246 2966 doti
265 2929 401 2965 coriarii
420 2930 625 2978 discipulum
647 2931 819 2978 quendam
842 2934 1090 2966 commemorat
1109 2931 1324 2969 Theodotum
1343 2933 1575 2981 Trapezitam‚
1598 2947 1621 2971 a
1642 2948 1711 2983 quo

175 2986 336 3033 deceptus
351 2986 484 3022 Natalis
499 2988 676 3023 confessor
699 2987 830 3034 insigni
851 2987 1017 3023 miraculo
1037 2988 1198 3035 resipuit,
1219 2989 1316 3025 cuius
1338 2994 1373 3026 et
1387 2990 1623 3028 Theodoretus
1639 3005 1710 3028 me-

174 3042 285 3078 minit.
330 3043 393 3078 Hic
414 3043 521 3090 igitur
534 3044 730 3081 Theodotus
751 3044 795 3080 ad
809 3045 970 3091 magistri
984 3045 1039 3081 sui
1051 3045 1264 3092 impietatem
1278 3045 1345 3084 hoc
1359 3047 1499 3093 adiecit,
1521 3053 1561 3085 ut
1575 3049 1710 3085 Christo
