2008 3294
189 978 217 1004 p.
231 971 288 998 10&

322 230 467 269 XCVIII

324 334 584 372 observationes
605 333 775 368 maiorem
794 332 949 368 1111111666
972 332 1101 368 tidem?
1132 332 1304 368 Acciderit
1324 331 1573 380 haececlipsis
1592 333 1658 369 hoc
1674 334 1730 370 vel
1743 334 1803 370 illo
1818 335 1883 370 im-

322 393 491 439 peratoris
508 402 600 426 anno
610 417 619 434 ,
639 390 806 426 historiae
821 389 890 425 fide
906 389 1038 434 nititur,
1061 401 1151 438 quae
1173 389 1314 425 tametsi
1327 389 1482 426 humana
1497 391 1560 434 sit,
1581 391 1625 426 ab
1641 401 1684 426 ea
1698 395 1817 427 tamen
1830 403 1884 427 re-

323 450 444 484 cedere
459 449 521 484 vix
535 448 710 483 interdum
725 458 803 482 esse
818 447 974 483 videatur
989 446 1152 484 hominis.
1185 447 1255 484 Sed
1278 458 1357 483 cum
1374 447 1587 484 aid—Iulianos
1603 449 1808 495 praesertim
1823 460 1884 484 an-

322 518 406 548 nos,
431 517 518 552 quos
536 516 657 541 omnes
674 505 742 540 sibi
757 504 963 551 chronologi
976 505 1191 551 praefigunt,
1215 504 1362 540 deducta
1380 516 1436 540 res
1452 505 1572 549 fuerit,
1597 509 1704 552 quoto
1721 517 1812 543 611116
1829 517 1884 541 ec-

322 564 420 609 lipsis
442 563 504 598 illa
524 562 725 609 contigerit,
748 573 820 597 non
840 560 995 598 humana
1014 563 1086 597 iam
1107 562 1193 605 fide,
1224 561 1289 597 1166
1314 565 1368 598 est
1389 563 1464 598 sola
1486 562 1664 609 scriptoris
1686 563 1885 606 autoritate,

322 620 383 655 sed
405 620 600 655 certissima
621 619 915 655 demonstratione
933 622 1087 662 constat,
1116 619 1158 654 de
1187 630 1256 665 qua
1278 619 1348 654 nisi
1369 619 1465 666 prius
1485 619 1659 666 imperitia
1679 619 1886 656 numerandi

322 677 378 712 vel
393 677 593 712 tabularum
605 677 688 712 vitio
704 677 823 723 lapsus
839 677 900 720 sit,
917 676 1074 712 dubitare
1090 687 1194 711 nemo
1210 676 1347 723 poterit.
1369 676 1459 712 Ecce
1475 676 1539 711 tibi
1554 677 1591 711 in
1606 675 1672 711 hoc
1682 703 1691 720 ‚
1708 676 1802 723 quod
1816 680 1885 712 tra-

323 738 478 778 6166166,
495 737 702 780 argumento
719 738 851 780 quanta
864 733 911 768 sit
925 733 1072 769 istorum
1087 732 1323 770 characterum
1339 733 1470 769 utilitas
1485 736 1586 780 potes
1601 733 1886 771 animadvertere.

323 791 424 833 Quod
435 792 539 838 paulo
551 794 633 837 post
643 791 798 838 Augusti
811 794 961 826 mortem
973 791 1057 826 luna
1069 790 1232 826 defecerit
1247 791 1315 826 etsi
1330 802 1375 827 ex
1386 789 1632 826 historicorum
1642 791 1887 828 testificatione

323 848 514 892 credimus,
538 851 593 883 est
615 859 657 884 66
677 851 797 884 tamen
813 851 979 884 constans
999 848 1135 895 opinio,
1159 848 1202 883 de
1223 848 1322 884 cuius
1338 848 1483 884 veritate
1498 859 1543 884 ne
1557 848 1732 884 levissime
1747 847 1888 895 quidem

324 905 511 942 dubitatur.
542 905 619 941 Iam
639 908 768 952 quotus
788 905 845 941 hic
863 916 976 941 annus
993 906 1039 941 sit
1053 916 1155 941 aerae
1171 904 1389 941 Christianae
1405 905 1592 952 quaeritur.
1626 904 1695 948 Qui
1709 905 1888 952 cyclorum

324 966 359 998 et
374 963 571 1010 ecclipseou
585 962 790 999 methodum
806 962 992 1006 damnant,
1009 973 1100 998 anno
1119 961 1338 1009 Dionysiano
1354 974 1426 999 xvr.
1443 963 1596 1002 tribuere
1611 963 1736 998 solent.
1781 962 1888 1010 Atqui

323 1021 352 1056 is
369 1024 424 1056 est
438 1032 527 1064 xm,
547 1031 614 1056 nec
635 1020 710 1055 ulla
730 1031 885 1067 unquam
907 1020 1122 1055 astronomia
1143 1020 1252 1055 alium
1272 1019 1354 1056 huic
1377 1020 1535 1067 ecclipsi,
1560 1031 1649 1066 quae
1671 1020 1792 1067 paucis
1806 1023 1890 1067 post

323 1078 476 1124 Augusti
490 1081 640 1113 mortem
662 1077 801 1120 diebus,
825 1077 1022 1124 Septembri
1042 1088 1164 1113 mense
1188 1077 1352 1124 contigit,
1375 1088 1508 1112 annum
1531 1077 1682 1114 definiet.
1715 1076 1800 1120 Quis
1814 1072 1888 1113 1166

322 1135 430 1181 igitur
453 1146 499 1170 ex
521 1146 563 1170 66
586 1134 711 1170 confici
731 1135 927 1170 necessario
950 1134 1104 1181 putabit,
1126 1135 1328 1181 Augustum
1348 1145 1448 1171 aerae
1465 1134 1683 1170 Christianae
1706 1145 1799 1171 anno
1814 1146 1887 1171 xiv.

322 1196 501 1228 mortuum
523 1203 618 1235 esse,
641 1203 714 1227 non
729 1195 829 1228 xvh?
859 1192 965 1228 Vides
987 1192 1157 1227 maiorem
1178 1191 1332 1227 humana
1346 1191 1471 1234 fidem,
1494 1203 1573 1227 cum
1594 1191 1750 1228 humana
1769 1195 1888 1227 tamen

322 1249 538 1296 implicatam
554 1254 590 1284 et
605 1260 818 1284 connexam·
843 1259 934 1295 quae
948 1249 1090 1284 tametsi
1104 1248 1296 1292 humanae,
1319 1248 1385 1284 hoc
1403 1253 1455 1284 est
1470 1249 1631 1293 alterius,
1654 1260 1724 1296 qua
1739 1249 1817 1285 sola
1829 1249 1889 1285 isti

322 1307 491 1349 nituntur,
507 1310 600 1341 esset
614 1306 748 1349 similis,
764 1317 836 1341 non
850 1305 928 1341 ideo
942 1309 1063 1341 1611166
1073 1306 1292 1353 aspernanda
1303 1305 1404 1352 foret,
1421 1306 1514 1353 quod
1525 1305 1689 1350 humana,
1705 1306 1767 1342 sed
1778 1306 1835 1343 vel
1845 1317 1887 1342 eo

322 1364 464 1399 1161111116
480 1363 767 1406 commendanda,
784 1363 877 1409 quod
889 1362 935 1398 ad
945 1362 1137 1399 humanam
1147 1362 1302 1398 humana
1312 1363 1399 1399 fides
1412 1363 1587 1407 adiuncta,
1602 1367 1642 1399 ut
1651 1375 1724 1400 non
1734 1362 1889 1399 humana

322 1421 500 1464 maiorem,
515 1421 566 1455 ita
577 1420 737 1467 simplici,
750 1430 872 1466 eaque,
885 1431 955 1467 qua
966 1421 1121 1456 contenti
1130 1420 1183 1456 illi
1193 1424 1287 1464 sunt,
1299 1421 1480 1457 certiorem
1491 1420 1731 1457 credulitatem
1741 1424 1887 1469 pareret.

322 1523 382 1559 DE
394 1522 597 1560 VULGARI
615 1522 835 1559 METHODO
854 1522 946 1566 QUA
961 1523 1140 1559 CHRISTI
1154 1523 1348 1561 NATALIS
1364 1523 1516 1559 ANNUS
1533 1506 1882 1561 INVESTIGATUR.

753 1579 833 1616 UBI
854 1580 913 1616 ET
935 1579 996 1615 DE
1020 1580 1143 1616 AERA
1164 1580 1455 1616 DIONYSIANA.

413 1650 524 1685 Nimis
541 1650 652 1685 multa
666 1649 791 1685 fecisse
806 1649 914 1685 verba
927 1649 1059 1693 videor,
1080 1660 1146 1685 nec
1169 1649 1253 1685 dum
1268 1652 1386 1684 tamen
1402 1649 1454 1685 rei
1467 1649 1579 1696 ipsius
1596 1653 1702 1697 caput
1715 1651 1886 1698 attigisse.

322 1706 486 1743 Nondum
509 1708 603 1743 enim
627 1718 695 1754 quo
720 1718 812 1742 anno
836 1707 1007 1754 quibusve
1031 1718 1120 1742 coss.
1136 1710 1240 1742 natus
1263 1707 1309 1742 sit
1330 1707 1570 1754 exposuimus.
1600 1707 1675 1744 Hoc
1689 1707 1797 1755 igitur
1811 1708 1888 1755 qui·

323 1776 460 1811 cunque
477 1769 572 1800 certa
586 1765 719 1800 1611666
735 1764 947 1811 investigare
963 1764 1081 1799 6611611
1095 1767 1193 1808 sunt,
1214 1764 1298 1800 11661
1317 1776 1388 1800 666
1410 1764 1531 1800 eadem
1545 1764 1637 1801 inter
1650 1775 1689 1801 se
1703 1766 1907 1811 senserint,k

324 1834 392 1857 uno
414 1826 533 1857 tamen
555 1822 745 1869 eodemque
760 1821 877 1857 Lucae
899 1821 1100 1857 testimonio
1121 1821 1203 1857 freti
1226 1821 1378 1857 diversas
1400 1821 1437 1857 in
1459 1825 1577 1868 partes
1593 1822 1766 1858 abierunt.
1796 1822 1875 1870 Scri

323 1883 441 1925 pserat
456 1879 674 1926 evangelista
691 1879 905 1926 baptizatum
926 1889 1003 1914 esse
1025 1879 1206 1915 dominum
1229 1890 1321 1914 anno
1342 1889 1403 1915 xv.
1419 1878 1566 1923 Tiberii,
1588 1892 1662 1915 cum
1685 1887 1772 1916 esset
1788 1882 1888 1929 ffl‘m'
1922 1916 1924 1918 ,

324 1949 487 1971 annorum
504 1939 669 1982 triqinta:
699 1935 762 1970 Καὶ
786 1935 884 1976 αὐτὸς
907 1931 946 1980 ἦν
970 1934 988 1970 ὁ
1005 1934 1132 1980 Ἰησοῦς
1154 1934 1227 1976 ὡςεὶ
1247 1933 1330 1971 ἐτῶν
1351 1933 1526 1984 τριάκοντα
1549 1935 1732 1984 ἀρχόμενος
1751 1936 1818 1983 ὢν,
1840 1935 1886 1977 ὡς

323 1991 488 2039 ἐνομίζετο
505 1997 570 2029 616.
603 1993 699 2035 Quae
715 1993 821 2028 verba
835 2004 946 2028 unum
962 1992 1056 2028 istud
1071 1992 1289 2040 significant,
1311 2004 1383 2028 non
1399 1993 1550 2029 multum
1565 2004 1587 2029 a
1601 1994 1777 2030 tricesimo
1793 2003 1886 2030 611116

323 2050 446 2085 aetatis
462 2050 628 2087 abfuisse.
653 2049 724 2085 Sed
740 2053 859 2087 utrum
869 2050 1046 2086 tricesimo
1062 2050 1223 2086 absoluto
1240 2053 1275 2085 et
1289 2050 1398 2086 611616
1414 2061 1456 2086 66
1470 2051 1647 2088 ,tricesimo
1662 2051 1822 2095 ineunte,
1839 2061 1886 2087 an

323 2111 404 2154 post
419 2118 518 2142 xxix.
545 2107 687 2143 ineunte
705 2119 786 2142 xxx.
803 2106 839 2142 id
860 2107 1040 2150 acciderit,
1064 2106 1190 2143 diserte
1210 2118 1282 2142 non
1305 2107 1494 2154 explicant.
1540 2107 1615 2144 Imo
1631 2119 1712 2144 vero
1727 2108 1809 2144 licet
1823 2109 1886 2144 ali·

324 2165 402 2211 quis
418 2163 596 2200 Christum
611 2175 704 2200 61166
721 2176 865 2207 xxvm.,
881 2165 938 2199 vel
949 2175 1094 2207 xxxin„
1110 2164 1327 2211 baptizatum
1342 2175 1420 2200 esse
1435 2164 1545 2209 dicat,
1560 2176 1633 2201 non
1646 2169 1766 2212 tamen
1781 2176 1885 2202 evan-

324 2222 454 2267 gelicae
471 2222 648 2257 autoritati
663 2221 886 2257 meoiudicio
909 2224 1096 2268 repugnet,
1120 2220 1162 2256 de
1185 2232 1254 2268 quo
1277 2221 1502 2268 posmodum
1516 2221 1700 2260 videbitur.
1733 2222 1803 2259 Sed
1825 2223 1886 2270 qui

323 2278 436 2314 Lucae
448 2278 555 2314 verba
570 2278 833 2325 angustioribus
849 2278 971 2326 spatiis
988 2277 1351 2325 circumscripserunt,
1373 2279 1433 2315 alii
1445 2290 1517 2315 xxx
1540 2283 1623 2318 tunc
1640 2290 1751 2316 annos
1767 2281 1885 2327 exple-

324 2339 378 2372 tos
394 2335 520 2379 fuisse,
543 2336 603 2372 alii
619 2347 706 2372 xxxx
727 2334 900 2372 duntaxat
916 2335 1049 2383 opinati
1064 2339 1155 2371 sunt.
1180 2334 1324 2382 Utrique
1336 2346 1417 2371 vero
1431 2336 1644 2383 baptizatum
1654 2338 1778 2373 volunt
1789 2336 1885 2375 Chri·

325 2396 419 2428 stum
434 2393 591 2429 Geminis
607 2393 743 2429 duobus
761 2404 851 2429 coss.
868 2403 960 2429 6666
977 2392 1110 2428 Iuliano
1124 2404 1260 2436 mxxiv„
1277 2392 1369 2439 quod
1385 2393 1422 2429 in
1437 2403 1519 2429 eum
1535 2394 1666 2430 incidat
1677 2395 1808 2431 Tiberii
1821 2405 1884 2432 an·

324 2462 390 2486 nus
408 2461 464 2486 xv.
480 2451 657 2498 superiore
673 2461 766 2487 611116
783 2462 828 2486 ex
843 2450 886 2487 A.
894 2449 937 2486 D.
949 2461 1020 2486 xrv.
1031 2449 1109 2486 Kal.
1123 2449 1220 2497 Sept.
1238 2448 1434 2487 inchoatus.
1457 2448 1555 2487 Unde
1571 2461 1651 2487 cum
1665 2452 1703 2488 in
1719 2452 1884 2500 baptismi

324 2518 416 2543 anno
433 2508 660 2551 conveniant,
676 2508 713 2544 in
728 2507 837 2544 natali
852 2507 928 2556 ipso
945 2518 1015 2543 uno
1031 2517 1124 2543 anno
1137 2506 1314 2544 dissident.
1337 2506 1492 2544 Priorem
1503 2507 1545 2543 de
1556 2508 1696 2556 expleto
1707 2509 1883 2546 tricesimo

325 2575 418 2601 anno
441 2569 572 2601 66616111
595 2569 631 2601 61
651 2564 851 2613 opinionem
866 2564 1020 2602 Annales
1036 2563 1271 2601 Ecclesiastici
1291 2567 1502 2612 sequuntur,
1529 2565 1745 2614 eandemque
1767 2570 1884 2604 tuetur

324 2623 489 2658 acerrime
506 2622 664 2669 Scaliger
680 2634 727 2659 vr.
745 2622 787 2658 de
803 2621 946 2659 Emend.
962 2621 1083 2670 Temp.
1114 2621 1183 2658 Sed
1203 2630 1351 2670 magno,
1374 2625 1414 2657 ut
1433 2621 1537 2666 solet,
1559 2627 1687 2659 conatu
1706 2624 1883 2662 levissime

324 2679 458 2725 probat.
503 2679 562 2716 Sic
585 2679 679 2716 661111
695 2679 849 2716 disserit:
873 2678 1030 2716 Christus
1046 2678 1218 2716 Dominus
1234 2691 1307 2715 xxx
1322 2689 1433 2715 annos
1454 2679 1663 2716 absolverat.
1703 2680 1794 2718 Nam
1808 2693 1882 2718 xxx

324 2746 493 2772 annorum
510 2738 540 2772 1s
556 2747 635 2773 esse
651 2736 776 2773 dicitur
793 2737 853 2784 qui
868 2736 1084 2773 tricesimum
1099 2747 1232 2773 annum
1248 2736 1413 2773 absolvitz
1438 2740 1478 2772 ut
1499 2737 1683 2774 anniculus
1705 2742 1761 2775 est
1774 2739 1805 2775 is
1821 2739 1882 2787 qui

325 2803 477 2830 cccsxv.
489 2794 582 2829 diem
598 2793 732 2841 attigit,
748 2793 963 2841 Lsg.Annic.
977 2794 1019 2830 de
1033 2793 1134 2830 Verb.
1147 2794 1239 2842 sign.
1264 2792 1363 2837 Quod
1378 2796 1495 2830 autem
1510 2794 1650 2841 scripsit
1661 2795 1793 2840 Lucas,
1809 2795 1881 2837 ὡςιὶ

325 2847 513 2896 τριάκοντα,
536 2851 706 2898 particula
728 2851 799 2887 ista
813 2850 912 2899 Caph
927 2854 982 2887 est
997 2862 1068 2887 non
1084 2850 1298 2899 ἀπορητιιὼν,
1321 2850 1383 2887 sed
1397 2848 1565 2898 ἀληθινὸν,
1582 2855 1622 2887 111
1634 2852 1727 2889 illud.
1735 2853 1832 2890 Ioan.
1850 2854 1880 2890 1.

323 2910 423 2953 quaes·
438 2910 604 2953 uniquam
619 2922 641 2943 α
652 2914 769 2955 patre.
791 2908 862 2945 Sed
876 2915 963 2952 esto,
978 2908 1110 2956 inquit,
1127 2907 1340 2956 ἀπορητικδνε
1356 2907 1471 2943 Pauci
1484 2910 1591 2954 ἐρίων
1603 2911 1676 2946 dies
1687 2912 1881 2958 complendo

325 2975 407 3001 xxx.
424 2977 513 2999 annu
535 2966 696 3007 deerant,
716 2972 805 3012 puta
827 2977 891 3010 xx,
914 2967 968 3001 vet
988 2969 1128 3002 menn‘n:
1149 2978 1340 3013 quanquam
1361 2977 1402 3000 ne
1422 2967 1544 3000 mensio
1559 2968 1689 3012 quidem
1706 2969 1881 3014 defletur-us

322 3022 492 3064 videatur,
514 3025 546 3057 n·
566 3020 639 3063 ὡςιὶ
661 3020 866 3069 ἀπορητικῶς
885 3026 1111 3070 aec-'piamun
1141 3022 1212 3059 Sed
1225 3025 1346 3059 menda
1361 3023 1583 3067 decideretur,
1599 3030 1660 3060 aue
1675 3025 1739 3061 duo
1753 3036 1880 3061 memes

325 3090 412 3115 enno
429 3081 598 3115 eru-enimc
614 3079 834 3123 ‹obvolvendof
860 3086 892 3116 et
908 3082 981 3117 dies
996 3081 1157 3127 baptimi
1172 3087 1238 3117 esee
1255 3091 1301 3119 vr.
1321 3079 1398 3116 Ian.
1430 3079 1525 3127 Erqo
1541 3081 1654 3118 eodem
1672 3094 1761 3117 αηηο
1771 3082 1878 3129 paulo
