2008 3294
1554 209 1735 246 cmlx

183 317 278 357 νικῶς
291 317 478 359 duntaxat,
493 327 565 351 non
577 315 718 362 politico
733 326 816 358 usu;
833 313 1023 351 secuudum
1036 323 1155 359 quem,
1172 314 1203 348 si
1217 314 1332 349 minor
1342 313 1398 349 hic
1414 313 1534 360 cyclus
1549 316 1737 360 usurpatus

182 373 304 417 fuerit,
326 373 431 409 horae
451 373 532 409 illae
547 385 594 410 rv.
611 372 819 419 appendices
834 372 873 408 in
885 371 994 407 finem
1009 370 1098 416 cycli
1113 371 1260 406 reiectae
1277 374 1369 406 sunt.
1415 370 1536 418 Itaque
1558 381 1638 406 cum
1660 375 1739 417 post

183 431 320 475 cyclum
334 431 492 466 lunarem
505 441 567 466 xrv
582 440 769 473 annorum,
791 429 834 465 de
857 428 940 464 solis
954 427 1148 463 rationibus
1172 428 1325 474 quinque
1342 428 1433 471 dies,
1457 427 1562 464 horae
1585 431 1662 463 octo
1686 439 1738 462 re-

181 487 297 534 liquae
311 487 444 531 forent,
465 487 617 534 quinque
639 487 712 522 dies
729 487 900 522 duntaxat
914 495 1098 532 superesse
1114 485 1182 520 sibi
1195 488 1458 532 persuaserant;
1481 485 1607 531 quibus
1628 495 1738 519 reser-

180 545 271 580 vatis
281 548 362 592 post
372 545 489 591 cyclos
503 545 656 580 minores
673 547 812 580 sextum
826 553 983 579 mensem
999 541 1150 577 solidum
1165 542 1428 580 intercalabant.
1451 542 1504 578 Ita
1519 543 1592 578 dies
1607 542 1739 579 fiebant

181 600 305 638 30679.
335 600 491 644 Quorum
507 599 694 647 οἰκονομίαν
710 599 816 648 t'ypns
830 601 888 636 ille
903 602 1009 635 antea
1023 599 1222 646 propositus
1240 600 1401 635 ostendit.

271 659 390 694 Altera
403 659 508 695 ratio:
533 659 564 694 si
586 659 739 705 quinque
754 658 827 694 dies
843 657 945 694 solidi
959 667 1006 692 ex
1020 655 1114 692 horis
1131 659 1208 691 octo
1225 656 1367 692 conflati
1383 669 1442 694 xrv
1458 658 1559 692 annis
1576 667 1738 704 arrogen-

181 718 248 751 tur.
272 715 368 758 Quae
383 716 502 752 omnia
514 715 698 762 diligenter
712 715 821 752 habes
836 714 1010 763 explicata
1024 714 1195 761 superius.
1219 713 1286 749 Ubi
1302 718 1337 749 et
1351 725 1397 750 ex
1412 718 1560 761 utraque
1575 714 1738 750 methodo

179 771 366 820 Epiphanii
379 773 488 809 verba
503 774 728 809 correximus.

272 829 340 864 Τοῦ
358 826 586 877 ὄγδοηκοστοΰ
602 829 758 877 τετάρτου
774 827 892 875 ἔτους.]
937 829 1095 865 Mensem
1116 828 1217 863 illum
1240 829 1466 864 embolimum
1489 841 1586 864 xxxr.
1603 840 1683 864 cum
1703 829 1739 863 in
1774 844 1802 870 p.
1814 834 1873 864 ²02.

180 885 251 922 fine
267 898 411 924 nxxxrv.
429 888 513 923 anni
527 887 726 923 intercalari
740 887 913 930 debuerit,
933 886 971 921 in
991 885 1169 932 sequentis
1185 886 1275 932 cycli
1289 886 1442 932 primum
1468 898 1598 922 annum
1619 887 1742 922 coniici

181 943 282 979 docet
295 943 522 992 Epiphanius.
563 945 671 991 Atqui
692 943 1016 980 tessaracaedecaet.
1031 946 1229 990 postremus
1252 954 1364 978 annus
1380 944 1518 991 proprio
1535 945 1605 979 iam
1622 944 1739 979 embo-

179 1001 263 1036 limo
279 1002 455 1048 praeditus
473 1005 536 1037 est.
578 1002 655 1036 Duo
671 1001 779 1048 igitur
794 1000 1014 1036 embolimaei
1029 1010 1107 1035 sese
1122 1000 1282 1047 proxime
1297 1005 1497 1047 sequentur.
1541 1001 1640 1044 Quod
1657 1002 1738 1036 olim

179 1057 311 1094 tactum
327 1069 402 1095 esse
417 1059 653 1095 Hebraeorum
671 1059 826 1094 doctores
843 1059 1014 1094 asserunt.
1045 1058 1120 1093 Imo
1136 1068 1218 1093 vero
1241 1069 1379 1093 meuses
1394 1059 1462 1105 ipsi
1477 1059 1654 1094 embolimi
1671 1059 1737 1094 duo

179 1115 284 1151 simul
298 1116 575 1160 inculcabuntur,
592 1119 761 1162 eruntque
777 1115 844 1150 tria
854 1115 1006 1150 Adarim.
1031 1114 1100 1150 Sed
1115 1115 1238 1150 tertius
1254 1115 1338 1150 anui
1354 1127 1483 1152 nxxxv.
1501 1116 1640 1151 initium
1658 1116 1738 1157 erit;

179 1183 224 1208 ne
241 1173 273 1208 si
286 1172 394 1208 Nisan
416 1185 479 1220 pro
495 1173 588 1208 Adar
609 1173 851 1215 substituatur,
873 1171 1006 1220 epocha
1025 1172 1146 1207 relicta
1166 1173 1352 1207 neomenia
1371 1173 1408 1207 in
1431 1174 1604 1208 anteriora
1624 1174 1739 1208 laxius

179 1233 358 1276 evagetur.
402 1230 455 1266 De
476 1230 610 1266 duobus
633 1229 872 1266 embolimaeis
892 1230 1053 1277 proxime
1081 1230 1375 1276 consequentibus
1402 1229 1531 1265 fatetur
1552 1230 1739 1277 Keplerus;

178 1287 368 1333 posterius,
385 1287 427 1323 de
441 1288 552 1323 tribus
567 1287 709 1323 Adarim
724 1287 828 1322 obiici
841 1290 968 1334 potest.
992 1286 1063 1322 Sed
1078 1291 1262 1334 utrumque
1279 1298 1324 1322 ex
1339 1287 1504 1323 laterculo
1521 1292 1556 1322 et
1570 1288 1741 1334 superiori

179 1343 412 1391 disputatione
427 1344 705 1380 commodissime
722 1344 930 1380 dissolvitur.
958 1343 1049 1379 Nam
1065 1344 1159 1379 aliud
1174 1348 1229 1379 est
1245 1344 1629 1396 tessaresdecaeteridas
1646 1356 1740 1380 seor·

180 1401 246 1437 sim
263 1412 305 1437 ac
320 1405 498 1449 separatas
513 1402 657 1444 intueri,
674 1401 769 1437 aliud
783 1401 820 1436 in
834 1401 967 1438 maiore
983 1402 1082 1448 cyclo
1099 1405 1198 1449 aptas
1215 1402 1365 1437 invicem
1389 1405 1425 1436 et
1440 1407 1629 1438 consertas.
1674 1403 1738 1437 Mi-

179 1469 282 1494 nores
298 1459 387 1506 cycli
401 1459 532 1506 singuli
545 1469 607 1506 per
621 1469 698 1494 sese
714 1471 735 1494 v
750 1469 891 1494 menses
907 1458 1114 1494 embolimos
1130 1459 1167 1494 in
1183 1471 1236 1495 m.
1254 1471 1300 1494 vr.
1314 1471 1390 1496 vm.
1407 1471 1455 1496 xr.
1473 1472 1544 1496 xrv.
1561 1460 1662 1495 aunis
1678 1471 1738 1506 po-

180 1516 326 1559 stulant;
349 1515 410 1552 sed
429 1516 467 1552 in
487 1516 654 1552 continua
677 1516 766 1551 serie
787 1519 823 1551 et
842 1516 880 1551 in
898 1516 1031 1551 maiore
1046 1516 1143 1562 cyclo
1159 1527 1231 1551 non
1247 1527 1385 1563 semper
1399 1528 1470 1552 xrv.
1487 1518 1738 1552 embolimaeus

179 1576 244 1610 est.
290 1572 389 1609 Unde
403 1583 518 1620 neque
533 1572 620 1609 duos
634 1572 778 1608 Adarim
793 1573 916 1619 exigit.
963 1573 1164 1608 Postremus
1179 1584 1261 1609 vero
1278 1574 1392 1608 ultimi
1414 1574 1504 1620 cycli
1526 1585 1655 1617 annus,
1679 1575 1739 1620 qui

179 1634 234 1666 est
261 1642 418 1674 uxxxrv„
444 1629 537 1666 Adar
557 1629 698 1677 quidem
719 1631 867 1666 alterum
889 1630 957 1666 sibi
977 1630 1153 1673 vendicat3
1181 1641 1222 1666 eo
1250 1631 1342 1677 quod
1365 1631 1496 1666 mensis
1519 1632 1551 1666 ei
1574 1643 1670 1666 xxxr.
1693 1642 1738 1666 ex

179 1688 310 1734 epactis
325 1688 501 1734 cyclorum
517 1687 697 1730 accrescit,
712 1687 925 1734 proindeque
941 1699 977 1723 vr
992 1687 1241 1723 embolimaeos
1256 1687 1383 1723 habere
1399 1688 1516 1731 debet,
1532 1693 1573 1724 ut
1588 1700 1667 1724 cum
1682 1701 1738 1724 so-

179 1744 243 1779 lari
265 1754 357 1780 auno
379 1749 556 1792 utcunque
578 1744 710 1780 lunaris
733 1744 956 1791 adaequetur.
988 1744 1119 1780 Verum
1140 1748 1241 1780 autor
1256 1748 1310 1780 est
1324 1744 1539 1792 Epiphanius
1554 1747 1591 1781 in
1607 1758 1736 1784 nxxxv.

179 1812 311 1839 aunum
325 1812 483 1837 mensem
497 1801 597 1837 illum
613 1812 691 1837 esse
707 1801 868 1844 dilatum3
886 1802 946 1848 qui
961 1812 1041 1837 cum
1056 1813 1175 1838 revera
1191 1802 1237 1837 sit
1252 1802 1355 1845 Adar‚
1372 1802 1479 1838 Nisan
1495 1814 1517 1838 a
1531 1803 1683 1846 Iudaeis,
1699 1807 1739 1839 ut

181 1858 313 1905 opinor,
335 1861 390 1894 est
401 1858 526 1895 factus.
556 1858 640 1895 Inde
656 1858 804 1902 accedit,
823 1862 863 1894 ut
877 1858 1046 1906 epocham
1062 1859 1144 1894 anni
1161 1859 1217 1894 sui
1232 1860 1496 1903 anteverterint,
1514 1865 1549 1895 et
1563 1861 1600 1895 in
1617 1861 1737 1896 eodem

179 1915 342 1952 anno'bis
355 1915 486 1964 pascha
500 1916 758 1952 celebraverint.
790 1915 889 1958 Quod
905 1916 1076 1951 uberrime
1091 1920 1194 1951 antea
1210 1916 1422 1952 declaratum
1437 1921 1501 1952 est.

270 1971 313 2009 Οἵ
325 1982 404 2012 τινες
421 1971 560 2019 ὤφειλον
577 1968 681 2018 εἶναι]
726 1973 894 2009 Mendum
914 1972 970 2008 hic
992 1983 1069 2008 esse
1091 1977 1127 2008 et
1149 1973 1289 2020 quidem
1305 1973 1434 2020 duplex
1457 1975 1637 2022 superiora
1651 1977 1736 2011 satis

180 2029 374 2066 ostendunt.
403 2029 558 2065 Primum
573 2028 746 2077 τριάκοντα
762 2032 857 2076 μῆνες
871 2030 1075 2076 legendum,
1096 2042 1168 2066 non
1184 2030 1400 2077 τριακονταεὶς
1419 2031 1492 2078 μήν.
1525 2032 1656 2068 Deinde
1671 2034 1735 2068 sal-

180 2098 258 2123 sum
273 2090 329 2123 est
342 2097 448 2134 supra
462 2098 535 2123 xxx
549 2097 689 2123 menses
704 2087 856 2134 reliquos
873 2098 949 2123 esse
965 2087 1039 2122 dies
1055 2100 1150 2124 xxrv.
1173 2087 1277 2123 horas
1294 2100 1340 2124 vr.
1371 2089 1512 2135 Alioqui
1528 2100 1572 2125 ex
1588 2094 1734 2126 tessara-

179 2144 307 2180 decaet.
328 2144 463 2180 Iuliana
483 2143 618 2180 dierum
632 2143 733 2179 5113.
759 2144 817 2188 12,
844 2145 994 2191 relinqui
1012 2146 1254 2181 tantummodo
1278 2146 1351 2180 dies
1375 2151 1549 2192 oporteret
1576 2152 1734 2194 quatuor,

102 2206 110 2210 “
178 2201 300 2238 horam
314 2211 438 2245 unam,
455 2206 615 2248 essetque
627 2201 759 2237 lunaris
773 2202 1037 2238 tessaradecaet.
1051 2203 1184 2238 dierum
1195 2202 1297 2239 5109.
1315 2203 1377 2246 11„
1394 2205 1558 2250 syzygiae
1574 2206 1734 2252 singulae

179 2258 233 2295 29.
253 2258 305 2296 12.
322 2258 395 2295 49¹.
410 2257 599 2306 35¹”lm'¹.
646 2259 716 2294 Aut
737 2259 767 2294 si
791 2259 833 2294 de
849 2271 920 2295 xxv.
931 2259 1076 2295 Iulianis
1098 2261 1198 2295 annis
1219 2260 1418 2295 eximantur
1439 2260 1543 2296 horae
1567 2262 1671 2308 duae,
1694 2266 1735 2297 ut

178 2316 250 2352 sint
264 2315 337 2352 dies
351 2315 452 2351 5113.
471 2315 536 2359 10„
558 2315 838 2359 tessaradeeaet„
860 2317 1000 2352 lunares
1021 2317 1182 2363 singulae
1205 2317 1278 2352 dies
1300 2316 1479 2353 habebunt
1494 2318 1594 2354 5109.
1611 2319 1654 2362 9.,
1676 2331 1732 2366 sy-

179 2373 304 2420 zygiae
320 2372 375 2410 29.
395 2372 451 2420 12.-
461 2371 535 2408 48¹.
551 2372 725 2418 54¹⁰l17‚''.
758 2372 858 2415 Quod
872 2383 939 2420 ego
954 2385 1075 2410 verum
1090 2385 1161 2409 uon
1178 2374 1334 2409 arbitror.
1366 2373 1596 2421 Corrigendus
1616 2377 1734 2423 itaque

176 2429 362 2478 Epiphanii
382 2433 444 2465 aut
461 2429 592 2465 librarii
614 2429 726 2475 ipsius
749 2441 852 2474 error,
874 2434 910 2465 et
923 2431 980 2466 vel
1003 2430 1102 2465 εἴκοσι
1118 2428 1208 2465 ὀκτὼ
1223 2430 1358 2478 ἡμέραι,
1378 2432 1435 2466 vel
1456 2431 1556 2466 εἴκοσι
1573 2430 1662 2467 ὀκτὼ
1678 2433 1732 2468 καὶ

178 2482 261 2534 ὧραι
276 2488 359 2534 τρεῖς
374 2485 532 2523 hocloco
549 2486 780 2523 scribendum.
810 2487 898 2523 Vide
915 2498 1004 2534 quae
1020 2491 1124 2523 autea
1139 2487 1303 2523 diximus.

200 2564 202 2566 v
267 2544 309 2580 N.
324 2555 435 2580 xxvu.
464 2541 597 2579 Ἕνεκεν
613 2543 718 2578 τοίνυν
735 2543 879 2590 τούτου]
925 2544 1004 2580 Non
1026 2545 1112 2579 illud
1135 2544 1327 2591 significat,
1351 2545 1443 2591 quod
1465 2546 1650 2582 arbitratur
1663 2547 1730 2584 Ke-

177 2601 295 2648 plerus
316 2604 352 2636 et
372 2601 465 2648 quod
475 2601 590 2649 prima
604 2601 719 2648 specie
734 2601 822 2635 velle
837 2600 982 2644 videtur,
1005 2612 1050 2636 ex
1066 2600 1170 2636 huius
1187 2601 1275 2647 cycli
1289 2602 1459 2647 pravitate
1470 2602 1576 2638 biduo
1586 2604 1730 2640 Iudaeo-

178 2668 256 2695 rum
266 2657 397 2706 paseha
405 2658 603 2706 legitimum
614 2661 753 2704 tempus
773 2658 1020 2701 antecessisse;
1043 2658 1143 2704 quasi
1157 2658 1255 2692 bidui
1269 2661 1406 2693 tantum
1421 2660 1600 2706 προήγησις
1616 2671 1638 2696 a
1647 2672 1730 2698 vera

179 2725 251 2751 xrv.
264 2715 358 2751 facta
379 2715 440 2758 sit,
462 2715 668 2751 Pharisaeos
684 2725 765 2750 vero
788 2714 855 2749 diei
877 2715 980 2750 unius
1002 2713 1173 2761 ὑπερβάσει
1194 2715 1384 2750 constituta
1403 2726 1472 2751 uno
1489 2717 1544 2752 die
1559 2718 1729 2754 duntaxat

181 2771 405 2818 anticipasse,
419 2783 500 2808 cum
514 2773 619 2808 biduo
636 2772 745 2807 solido
763 2770 916 2806 Christus
933 2771 1121 2806 Nicaenam
1136 2783 1208 2806 xiv.
1225 2773 1455 2810 anteverterit.
1501 2774 1591 2810 Nam
1607 2776 1728 2812 eodem

181 2839 286 2864 seusu
299 2827 456 2866 hocloco
471 2829 560 2865 dixit
572 2829 718 2865 Iudaeos
733 2827 910 2876 προλαβέῖν
925 2827 1047 2875 ἡμέρας
1064 2828 1139 2874 δύο,
1160 2839 1229 2875 quo
1246 2829 1421 2876 superiore
1435 2842 1594 2876 numero,
1619 2831 1727 2880 Ἔφα-

182 2897 241 2932 γον
257 2884 295 2919 τὸ
311 2884 426 2932 πάσχα
440 2886 504 2934 aph
521 2887 580 2922 δύο
595 2885 725 2933 ἡμερῶν
742 2888 800 2919 τοῦ
817 2887 940 2932 φαγεῖν.
978 2885 1025 2920 At
1038 2885 1108 2920 illic
1122 2885 1219 2920 bidui
1233 2886 1432 2934 anticipatio
1446 2899 1667 2936 nequaquam
1683 2891 1727 2925 ad

182 2941 372 2978 Nicaenam
386 2953 469 2986 x1v.,
485 2943 546 2979 sed
560 2943 604 2980 ad
618 2943 796 2979 Iudaicam
811 2942 1043 2988 vitiosamque
1060 2946 1291 2989 comparatur,
1307 2954 1397 2991 quae
1413 2956 1492 2980 cum
1507 2947 1544 2982 in
1558 2947 1681 2982 feriam
1692 2961 1726 2983 v.

183 2999 302 3034 Martii
316 3011 390 3036 xrx.
404 2999 584 3044 incideret,
600 3000 756 3036 Christus
773 3010 851 3035 cum
862 2999 1064 3035 Iudaeorum
1080 3000 1185 3046 vulgo
1200 3000 1287 3036 feria
1297 3013 1350 3038 m.
1366 3003 1484 3039 Martii
1498 3016 1582 3042 xvn.
1597 3004 1726 3052 pascha

182 3056 378 3092 celebravit.
422 3056 536 3100 Quare
555 3069 669 3105 neque
691 3057 757 3093 hoc
779 3056 856 3093 loco
873 3057 932 3091 δύο
947 3055 1068 3103 ἡμέρας
1084 3056 1267 3104 προῦλαβεν
1289 3057 1478 3096 Nicaenam
1493 3073 1575 3106 nv„
1596 3062 1657 3099 sed
1680 3073 1726 3099 ex

1394 3129 1456 3166 M.
