2008 3294
327 226 482 263 cooxn

325 333 518 366 necessario
533 331 736 372 indicenda,
746 332 815 375 pei·
826 341 926 375 quam
942 336 1069 365 constet
1073 330 1234 376 populum
1251 330 1300 363 ad
1315 331 1427 364 omnia
1438 341 1524 375 quae
1540 332 1576 364 in
1591 332 1759 375 mysteriis
1774 335 1881 376 ayun-

326 394 381 422 τιυ-
397 394 495 433 atque
510 389 547 420 in
563 388 709 421 ecclesia
725 387 940 422 celebrantur
948 389 1118 433 praebere
1135 397 1337 422 consensum.

415 443 549 485 Quibus
565 443 745 478 subductis
762 444 924 479 omnibus
938 445 1051 490 liquet
1067 444 1323 479 vetustissimos
1339 443 1444 478 etiam
1457 443 1669 479 Christianos
1686 444 1721 479 in
1738 444 1882 490 synaxi-

326 502 391 536 bus
407 501 480 535 suis
497 512 568 535 non
582 504 748 547 perpetuo
765 501 1059 544 communicasse,
1081 501 1220 547 publice
1242 501 1367 535 saltem
1390 511 1431 535 ac
1451 501 1618 547 legitime.
1652 500 1723 536 Nec
1744 501 1883 536 interim

324 568 499 604 negamus
511 557 677 605 privatim
693 557 804 601 domi,
818 559 875 594 vel
896 561 998 594 extra
1017 559 1169 604 synaxin
1186 558 1442 592 communicare
1457 557 1591 604 aliquos
1606 558 1779 604 potuisse,
1803 569 1885 593 cum

325 614 584 658 eucharistiam,
608 625 715 661 quam
738 625 760 649 a
779 615 955 651 sacerdote
978 616 1086 650 semel
1102 618 1321 661 acceperant,
1345 614 1439 650 domi
1453 618 1664 650 reservatam
1678 615 1830 661 reliquos
1846 615 1884 650 in

326 672 399 707 dies
416 671 618 719 dispensare
634 672 795 708 solerent.
832 672 884 708 De
909 683 977 719 quo
1000 673 1078 708 vide
1102 683 1190 719 quae
1213 671 1366 707 Basilius
1389 671 1498 718 Epist.
1516 681 1708 708 cccxxxix.
1731 672 1776 707 ad
1799 671 1883 708 Gae-

326 729 454 764 sariam
468 728 652 764 Patricium
674 729 803 765 scribit.
831 730 922 765 Tum
944 730 1122 765 annalium
1145 732 1321 764 auctorem
1343 729 1387 763 ad
1408 739 1540 764 annum
1555 741 1639 764 nvn.
1673 729 1790 764 Redeo
1811 729 1883 764 iam

326 786 369 821 ad
385 797 538 832 synaxes
559 786 656 829 illas,
681 797 767 832 quas
790 786 1004 834 Epiphanius
1028 787 1072 822 ab
1097 787 1264 833 apostolis
1287 786 1397 821 fuisse
1418 786 1562 820 traditas
1585 786 1755 829 affirmat,
1777 786 1884 822 feriae

326 846 486 889 quartae,
510 854 717 890 parasceves
733 847 770 878 et
785 844 988 879 dominicae.
1023 845 1116 879 Inter
1133 854 1220 890 quas
1236 843 1380 878 miretur
1395 843 1575 890 quispiam
1585 843 1724 878 sabbati
1738 844 1884 879 mentio·

325 912 407 936 nem
429 901 563 936 nullam
586 911 664 936 esse
686 900 827 937 factam.
861 901 936 936 Hoc
953 902 1046 936 enim
1063 901 1115 936 die
1132 912 1286 947 synaxes
1303 900 1444 935 Oriente
1458 900 1531 935 fere
1542 901 1618 936 'toto
1636 900 1826 936 celebratas
1842 911 1883 935 ac

325 958 545 1004 frequentata
567 957 734 1004 mysteria
754 961 902 993 testatur
925 958 1086 993 Socrates
1109 959 1169 994 lib.
1186 959 1246 993 illo
1262 970 1295 994 v.
1321 968 1396 1004 cap.
1411 969 1500 994 xxrr.
1535 957 1742 1004 Quanquam
1757 956 1830 1000 hic,
1845 961 1886 992 ut

327 1018 363 1050 et
377 1015 518 1051 Sozom.
534 1015 595 1050 lib.
603 1027 664 1051 vn.
681 1026 836 1062 cap.xrx.
854 1015 1108 1050 Alexandrinos
1125 1019 1160 1050 et
1174 1015 1353 1050 Romanos
1371 1014 1516 1061 exc-ipit:
1541 1014 1617 1049 Τῶν
1633 1013 1696 1060 γὰρ
1713 1016 1884 1061 πανταχοῦ

327 1074 384 1115 τῆς
409 1070 598 1118 οἰκουμένης
621 1069 802 1115 ἐκκλησιῶν
826 1070 858 1106 ἐν
881 1071 987 1118 ἡμέρᾳ
1010 1070 1184 1118 σαββάτων
1209 1071 1292 1106 κατὰ
1316 1073 1422 1106 πᾶσαν
1446 1069 1630 1118 ἑβδομάδος
1650 1071 1800 1118 περίοδον
1816 1069 1887 1105 ἐπι-ἑ

326 1128 493 1162 τελουσῶν
508 1127 550 1163 τὰ
565 1128 742 1176 μυστήρια,
760 1128 790 1163 οἱ
801 1127 833 1162 ἐν
846 1131 885 1175 τῇ
899 1127 1124 1175 Ἀλεξανδρείᾳ
1137 1129 1190 1163 καὶ
1203 1128 1233 1163 οἱ
1245 1127 1277 1162 ἐν
1290 1131 1329 1175 τῇ
1343 1128 1458 1175 Ῥώμῃ
1471 1127 1507 1163 ἐκ
1523 1129 1608 1169 τινός
1623 1127 1762 1175 ἀρχαίας
1778 1140 1885 1175 παρα-

327 1186 452 1226 δόσεως
474 1188 573 1220 teuto
597 1188 700 1220 ποιέῑν
723 1186 971 1232 παρῃτήσαντοε
1005 1186 1086 1220 Cum
1102 1189 1188 1221 em‘m
1204 1198 1313 1221 omnes
1329 1189 1429 1221 totius
1444 1187 1536 1221 orbis
1553 1187 1718 1221 ecelesiae
1732 1186 1886 1220 sabbatis

327 1244 476 1278 omuibus
495 1254 564 1289 per
585 1255 851 1289 unamquamque
874 1243 1119 1278 hebdomadam
1140 1246 1302 1288 mysteria
1319 1243 1500 1285 celebrent,
1522 1243 1759 1278 Alexandrini
1773 1248 1806 1277 et
1817 1242 1885 1278 Ro-

326 1303 422 1335 mam'
437 1311 478 1335 ex
491 1306 602 1335 vetere
617 1301 766 1346 quadam
783 1302 970 1335 traditione
986 1302 1026 1335 id
1040 1313 1144 1346 aqere
1159 1301 1403 1337 detrectarunt.
1437 1301 1491 1335 Ita
1511 1311 1582 1335 non
1600 1299 1749 1335 Orientis
1769 1299 1885 1343 modo,

326 1358 388 1393 sed
403 1361 438 1392 et
452 1358 560 1392 totius
584 1357 678 1392 orbis
702 1357 988 1392 consuetudinem
1010 1357 1119 1392 fuisse
1142 1358 1278 1400 scribit;
1304 1357 1397 1405 quod
1419 1368 1486 1404 ego
1501 1368 1623 1393 verum
1638 1368 1710 1392 non
1725 1357 1885 1394 arbitror.

326 1415 407 1450 Fuit
429 1415 523 1449 enim
540 1414 690 1449 Orientis
714 1414 788 1449 fere
811 1414 931 1450 solius.
968 1415 1010 1449 In
1033 1415 1221 1461 Responsis
1246 1414 1377 1450 Canon.
1402 1413 1576 1450 Timothei
1599 1414 1769 1450 Alexand.
1793 1414 1887 1461 apud

327 1472 748 1518 Balsam.1nterrog.xm.
765 1472 962 1518 quaesitum
978 1475 1041 1515 est,
1059 1472 1185 1518 quibus
1202 1471 1324 1507 diebus
1340 1472 1508 1518 coniuges
1523 1472 1699 1507 continere
1715 1471 1886 1507 debeant?

326 1529 527 1575 Respondet
533 1528 736 1564 Timotheus
750 1529 890 1564 omnino
904 1529 1050 1564 sabbato
1064 1540 1105 1564 ac
1117 1529 1292 1564 dominica
1301 1529 1583 1576 temperandum,
1600 1526 1653 1563 διὰ
1667 1527 1706 1563 τὸ
1723 1527 1755 1562 ἐν
1773 1527 1886 1569 αὐταῖς

326 1585 384 1630 τὴν
397 1585 612 1633 πνευματικὴν
626 1585 736 1620 θυσίαν
749 1585 962 1632 ἀναφέρεσθαι
974 1589 1023 1632 τῷ
1037 1585 1151 1632 κυρίῳ.
1176 1586 1287 1632 Igitur
1299 1586 1456 1621 sabbatis
1469 1585 1701 1621 Alexandriae
1712 1586 1886 1622 celebrata

327 1644 510 1689 mysteria,
532 1647 655 1678 contra
676 1654 781 1690 quam
799 1643 951 1678 Socratis
974 1646 1087 1678 aetate
1102 1643 1236 1678 factum
1258 1647 1323 1678 est.
1356 1643 1464 1690 Atqui
1478 1643 1630 1678 fortean
1647 1642 1766 1690 Cyprii
1779 1643 1887 1690 (apud

327 1712 416 1747 quos
438 1701 508 1735 ista
531 1701 669 1747 scripsit
690 1700 923 1747 Epiphanius)
945 1700 1122 1736 Romanos
1146 1704 1207 1736 aut
1227 1700 1360 1735 vicinos
1385 1711 1467 1735 snos
1483 1699 1736 1735 Alexandrinos
1758 1700 1887 1736 imitati

327 1769 480 1803 synaxes
496 1758 609 1795 nullas
627 1758 782 1793 sabbatis
798 1758 1040 1793 instituerunt:
1063 1758 1206 1804 reliquis
1218 1768 1319 1800 vero,
1339 1757 1406 1792 hoc
1422 1760 1475 1793 est
1490 1760 1614 1804 quarta
1629 1760 1774 1804 sextave
1787 1757 1887 1800 feris,

327 1815 424 1850 nulla
438 1815 474 1850 in
490 1815 684 1861 synaxibus
698 1815 866 1861 mysteria
881 1815 1108 1852 celebrarunt.
1139 1815 1191 1850 De
1204 1815 1379 1861 mysteriis
1393 1818 1482 1850 certe
1494 1815 1626 1850 mentio
1641 1824 1816 1861 nusquam
1829 1813 1886 1850 hic

327 1871 483 1915 habetur,
505 1875 627 1908 contra
649 1883 756 1919 quam
773 1871 1000 1908 Casaubonus
1017 1872 1145 1919 aliique
1161 1876 1291 1907 temere
1310 1871 1544 1918 prodiderunt.
1579 1871 1619 1907 In
1643 1872 1803 1919 sequenti
1822 1882 1887 1907 nu-

192 1944 220 1971 p.
233 1936 291 1965 ³54.
326 1939 423 1964 mero
443 1927 660 1976 Epiphanius
683 1929 725 1964 de
747 1930 886 1965 sabbati
902 1930 1096 1975 synaxibus
1112 1930 1163 1965 ita
1177 1929 1340 1975 loquitur,
1363 1929 1453 1964 utin
1469 1929 1616 1964 ecclesia
1631 1939 1696 1965 sua
1707 1929 1887 1965 institutas

327 1995 457 2032 negare
471 1985 641 2024 videatur.
677 1986 807 2022 Scribit
831 1987 942 2022 enim:
967 1984 998 2020 ἔν
1023 1998 1085 2021 τισι
1109 1986 1144 2021 δὲ
1167 1987 1279 2027 τόποις
1303 1986 1358 2020 καὶ
1373 1985 1406 2020 ἐν
1421 1987 1490 2027 τοῖς
1506 1984 1648 2031 σάββασι
1663 1986 1804 2027 συναξεις
1818 1984 1887 2022 ἐπι-

328 2042 487 2078 τελοῦσιν.
520 2041 600 2079 Non
620 2043 728 2089 igitur
750 2044 786 2079 in
805 2043 930 2090 Gypro5
960 2054 1000 2079 ac
1023 2043 1167 2091 proinde
1181 2043 1363 2079 verissima
1379 2046 1433 2078 est
1447 2043 1646 2079 coniectura
1660 2046 1797 2091 nostra,
1821 2042 1888 2090 Oy-

329 2100 423 2147 prios
439 2099 753 2135 Alexandrinorum
769 2111 902 2136 morem
916 2101 1071 2136 imitatos
1089 2111 1177 2136 esse.
1212 2101 1262 2135 Ac
1286 2111 1366 2136 cum
1387 2100 1492 2146 paulo
1517 2103 1598 2135 ante
1613 2100 1887 2136 demonstratum

329 2158 390 2200 sit,
415 2157 726 2204 quadragesimalis
749 2157 869 2192 ieiunii
885 2162 1039 2204 tempore
1055 2157 1154 2192 nulla
1167 2157 1204 2192 in
1221 2157 1328 2192 sacris
1344 2157 1574 2192 conventibus
1590 2157 1763 2192 celebrata
1776 2157 1888 2194 fuisse

328 2214 513 2261 mysteria,
529 2214 571 2249 de
587 2217 711 2261 quarta
726 2218 895 2261 sextaque
907 2214 994 2249 feria
1010 2214 1102 2249 idem
1115 2214 1223 2249 videri
1238 2214 1359 2261 possit,
1376 2225 1456 2249 cum
1470 2214 1592 2250 inillis
1609 2214 1752 2250 solenne
1767 2225 1886 2262 peree-

330 2282 397 2318 que
412 2271 581 2307 ieiunium
596 2271 753 2306 extitisse
769 2274 870 2306 autor
882 2271 928 2306 sit
938 2270 1164 2318 Epiphanius.
1200 2270 1269 2306 Sed
1285 2282 1329 2307 ne
1343 2271 1437 2306 istud
1453 2281 1712 2315 asseveremus,
1726 2271 1888 2319 prohibet

330 2328 499 2375 imprimis
515 2328 600 2363 illud
611 2354 620 2372 ,
643 2328 736 2375 quod
751 2327 771 2372 ἡ
788 2329 854 2363 τῶν
871 2327 1142 2375 προηγιασμίνων
1158 2327 1342 2375 λειτουργία
1358 2328 1426 2363 soli
1441 2327 1735 2374 Quadrsgesimae
1755 2329 1886 2366 ieiunio

330 2386 367 2421 iu
382 2385 557 2421 veteribus
574 2386 729 2421 conciliis
754 2388 789 2420 et
812 2385 982 2431 liturgicis
1007 2385 1234 2421 adscribatur.
1271 2385 1412 2420 Accedit
1434 2389 1470 2420 et
1492 2384 1738 2422 disertissimus
1755 2386 1888 2422 Tertul-

330 2442 545 2485 limnaeus,
567 2443 626 2490 qui
642 2442 679 2478 in
695 2442 753 2478 lib.
771 2442 813 2477 de
830 2442 924 2478 Orat.
941 2442 1007 2478 sub
1022 2442 1128 2478 tinem
1145 2442 1309 2485 ostendit,
1327 2442 1412 2489 ipsis
1429 2443 1619 2478 stationum
1635 2442 1775 2487 diebus,
1799 2454 1887 2490 quse

329 2500 415 2535 feria
438 2503 561 2546 quarta
583 2503 753 2547 sextaque
777 2510 856 2535 cum
879 2500 1018 2535 ieiuniis
1043 2500 1131 2535 obiri
1155 2502 1421 2542 consueverant,
1452 2503 1493 2535 ut
1513 2500 1618 2547 paulo
1640 2503 1723 2547 post
1743 2499 1886 2544 ἀίσσων,

331 2555 502 2592 sacrificia
517 2557 682 2592 celebrari
698 2567 738 2593 ac
755 2556 967 2592 dominicum
983 2566 1109 2604 corpus
1124 2556 1162 2592 in
1177 2555 1297 2592 fideles
1313 2556 1473 2592 distribui
1489 2557 1611 2593 solere.
1643 2556 1821 2600 Similiter,
1830 2558 1886 2593 'in-

331 2613 417 2659 qult,
434 2614 476 2648 de
490 2616 671 2649 sennonem
685 2614 801 2649 diebus
817 2614 1173 2661 nonputantplerique
1185 2615 1434 2660 sacrificiorum
1446 2614 1654 2649 orationibus
1664 2616 1885 2650 intervenien-

332 2672 408 2704 dum
417 2696 426 2712 ,
443 2671 532 2716 quod
541 2674 643 2706 statio
656 2671 816 2706 solvenda
829 2674 873 2705 eit
885 2676 1026 2718 accepto
1039 2682 1180 2717 corpore
1193 2672 1329 2707 domini.
1355 2670 1451 2717 Erqo
1465 2672 1614 2707 devotum
1626 2671 1686 2706 deo
1699 2670 1886 2717 obsequium

331 2726 542 2762 eucharistia
558 2729 710 2770 resolvit,
734 2739 780 2762 απ
801 2730 912 2773 maqs's
933 2729 993 2763 deo
1009 2728 1158 2774 obligat?
1192 2727 1314 2763 Nonne
1328 2728 1495 2763 solennior
1510 2729 1577 2762 erit
1588 2730 1690 2762 statio
1707 2733 1783 2771 aaa,
1807 2731 1840 2763 σι’
1854 2725 1887 2764 ε*

333 2785 382 2819 ad
396 2795 495 2818 aram
513 2786 568 2819 dei
582 2786 737 2820 steteris!
772 2786 923 2831 Accepto
940 2796 1081 2831 corpore
1097 2786 1224 2820 domim·
1239 2790 1271 2820 er
1285 2790 1471 2827 reservato,
1495 2789 1656 2830 umerique
1679 2786 1810 2820 salvum
1826 2791 1884 2828 ese,

332 2846 365 2875 ee
375 2843 605 2886 participatio
620 2843 790 2887 sacrificii
805 2847 837 2876 et
852 2844 1000 2877 executio
1017 2843 1135 2888 officii.
1173 2840 1238 2884 Qui
1254 2842 1351 2877 locus
1367 2841 1470 2888 paulo
1486 2850 1507 2876 a
1521 2840 1623 2876 noble
1639 2844 1760 2887 postea
1774 2841 1884 2877 decla-

331 2896 473 2933 rsbitur.
510 2897 563 2931 Ad
586 2896 670 2933 haec
695 2897 844 2934 Basilius
869 2898 904 2934 in
925 2898 1082 2945 Epistola
1104 2897 1147 2934 sd
1165 2897 1379 2941 Osesarism,
1403 2896 1500 2933 cuins
1523 2906 1630 2944 supra
1651 2898 1884 2942 meminimus,

333 2963 411 2990 eum
434 2952 671 3000 quotidianam
696 2955 977 2991 communionem
999 2955 1187 3002 plurimum
1210 2954 1502 2997 commendasset,
1526 2954 1596 2989 ists
1613 2954 1768 2990 subiicit=
1791 2953 1883 3002 ἡμᾶς

334 3010 444 3057 μέντοι
459 3021 495 3057 γι
511 3009 663 3056 τέταρτον
680 3010 752 3045 καθ’
770 3010 906 3055 induemur
927 3008 1096 3058 ίβόομάδα
1117 3013 1345 3058 κοινωνοῦμεν,
1367 3009 1400 3045 ἂν
1415 3012 1454 3057 τῇ
1477 3013 1628 3058 κυριακῇ,
1652 3010 1684 3046 ἒν
1700 3014 1739 3058 τῇ
1755 3010 1883 3058 τιτράδι

334 3067 388 3103 καὶ
403 3065 435 3103 lv
451 3070 489 3114 τῇ
507 3070 693 3114 παρασκιυῇ
711 3067 762 3101 καὶ
781 3070 829 3114 τῷ
846 3066 1020 3115 σαββάτῳ,
1045 3067 1098 3102 καὶ
1121 3065 1154 3102 ἂν
1170 3069 1240 3108 ταῖς
1256 3064 1371 3109 ἄλλαις
1387 3065 1534 3114 ἡμέραις,
1560 3065 1612 3102 ἐὰν
1634 3063 1654 3114 ᾔ
1673 3067 1782 3115 μνήμη
1799 3066 1882 3116 μάρ-
