2008 3294
1601 169 1715 206 CXIX

171 262 404 317 Epiphaniam
424 281 538 306 meros
559 282 695 307 menses
711 273 864 308 Iulianos
883 271 1086 317 intelligere.
1132 272 1223 308 Nam
1238 272 1420 319 Audynaei
1441 271 1497 317 τὴν
1514 272 1608 316 ἕκτην
1624 274 1715 319 (per-

170 338 289 374 peram
305 327 399 363 ἕκτου
413 328 581 375 scriptum
597 329 660 373 est)
677 340 757 364 oum
773 341 819 364 vr.
833 329 906 364 Ian.
922 332 1110 375 comparat.
1145 330 1278 365 Rursus
1294 330 1389 365 enim
1402 330 1530 366 vitiosa
1542 330 1645 366 lectio
1661 334 1716 366 est

171 383 301 430 πέμπτη
317 383 532 431 Ἰανουαρίου,
549 397 611 431 pro
628 385 714 429 ἕκτη.
747 385 901 422 Tametsi
911 384 1097 421 Gomarius
1113 390 1263 431 quintam
1276 387 1442 422 Ianuarii
1451 387 1607 429 verterit,
1622 388 1714 434 quod

169 442 344 477 nonnullis
359 441 541 488 imposuit,
557 443 618 488 qui
631 441 716 478 haec
731 441 854 490 Epipb.
864 442 970 478 verba
985 441 1050 488 πρὸ
1067 439 1157 476 ὀκτὼ
1170 442 1276 477 Εἰδῶν
1293 444 1342 479 sic
1358 445 1533 491 accepisse
1544 444 1713 487 videntur,

170 499 271 544 qussi
286 501 378 534 esset
390 499 477 546 prid.
491 510 565 535 vnr.
577 499 684 534 Eidus
693 525 702 543 ‚
718 499 784 535 hoc
798 502 854 535 est
866 498 975 535 Nonis
989 499 1076 545 ipsis
1091 499 1254 535 Ianuarii.
1282 500 1354 535 Sed
1369 500 1433 547 πρὸ
1451 498 1540 536 ὀκτὼ
1555 499 1663 536 Εἰδῶν
1679 506 1715 536 et

169 555 300 590 similes
315 555 479 602 loquendi
491 555 662 591 formulae
677 556 809 592 Latinis
823 556 908 592 iisce
921 555 1130 602 respondent
1144 567 1176 590 a.
1189 556 1220 591 d.
1235 569 1308 592 vm.
1324 558 1373 592 Id.
1389 562 1453 593 etc.
1462 585 1471 601 ‚
1489 557 1555 594 hoc
1569 562 1624 594 est
1636 559 1712 605 ipso

168 611 224 647 die
238 624 312 649 vm.
327 612 395 655 Id„
416 615 457 647 ut
477 616 512 647 et
531 613 614 648 alibi
635 614 848 660 scripsimus.
894 612 1007 655 Quare
1022 624 1068 648 ex
1082 613 1189 660 priori
1200 618 1285 648 nota
1305 614 1388 658 diei,
1410 614 1476 650 boc
1497 619 1552 651 est
1573 627 1648 652 vm.
1663 615 1713 651 Id.

166 669 256 712 lan„
272 669 475 715 corrigenda
489 681 559 704 vox
576 669 706 717 πέμπτη
723 671 808 706 etin
823 669 899 715 ἕκτη
913 670 1091 706 mutanda.
1115 669 1214 712 Quod
1230 676 1264 705 et
1277 671 1367 717 Tybi
1381 672 1528 715 Actiaci,
1543 673 1617 708 sive
1631 673 1713 709 Dio-

166 726 344 769 oleriani,
365 726 438 762 dies
460 727 537 773 ipsa
552 727 780 771 demonstrat,
800 727 898 764 cuius
913 739 963 764 xr.
980 727 1018 763 in
1032 739 1079 764 vr.
1094 727 1166 763 Ian.
1183 729 1356 764 convenit.
1387 730 1437 763 Ac
1453 729 1587 764 videtur
1607 730 1643 765 in
1659 741 1712 773 eo,

166 783 259 829 quod
273 783 431 830 quintam
445 783 597 819 Ianuarii
612 784 704 820 diem
719 797 780 832 pro
794 787 898 820 sexta
910 784 1078 831 sumpsit,
1093 785 1253 830 mysterii
1267 785 1398 831 aliquid
1414 797 1501 822 esse.
1533 786 1712 833 Siquidem

165 842 203 875 et
211 840 585 888 Constantinopolitani
598 845 724 888 postea
737 854 768 877 v.
775 841 928 878 Ianuarii
938 841 994 877 die
1005 842 1218 888 baptismum
1230 840 1357 877 Christi
1371 843 1603 886 celebrabant,
1619 845 1711 890 quod

164 897 254 932 invr.
265 897 371 944 vulgo
385 898 567 942 confertur,
584 902 622 934 ut
639 910 684 934 ex
694 899 868 934 Manuelis
877 897 1023 934 Novella
1033 911 1058 935 ι.
1073 898 1116 934 de
1127 898 1235 937 Feriis
1250 903 1286 934 et
1303 898 1509 946 Guropalate
1526 901 1710 946 colligitur.

253 953 344 990 Κατὰ
356 954 532 1001 Κυπρίους,
550 954 651 990 εἷτουν
663 955 905 1002 Σαλαμινίους]
926 954 1005 991 Non
1020 958 1090 998 eat,
1107 959 1145 991 nt
1161 955 1302 1002 quidam
1318 956 1513 999 existimat,
1529 962 1711 1004 corruptus

163 1009 220 1046 hic
233 1011 357 1058 Epiph.
373 1012 488 1055 locus,
508 1013 545 1047 in
565 1013 696 1048 mensis
716 1013 958 1060 appellatione.
987 1011 1078 1048 Nam
1090 1013 1165 1049 lan.
1179 1013 1225 1048 ab
1240 1013 1322 1048 illus
1337 1012 1486 1055 Quintus
1502 1015 1711 1057 nominatur,

164 1071 204 1102 ut
222 1078 245 1103 a
263 1068 410 1104 Roman.
427 1068 607 1113 Quintilis,
627 1069 788 1112 Sextilis,
810 1069 1014 1117 September
1035 1073 1101 1107 etc.
1148 1069 1218 1105 Sed
1239 1070 1406 1106 mendum
1425 1070 1463 1106 in
1477 1081 1564 1106 voce
1579 1071 1710 1117 πέμπτη

163 1125 307 1160 subesse
326 1126 443 1172 potius
465 1126 622 1164 arbitror.
667 1126 743 1163 Nisi
765 1138 787 1162 a
807 1126 880 1163 Ian.
897 1126 1049 1162 secundo
1066 1126 1220 1173 Πέμπτον
1236 1122 1412 1174 ‘auspicati
1431 1128 1503 1163 sint
1517 1127 1710 1164 Salaminii.

162 1181 232 1217 Sed
246 1182 467 1218 verisimilius
491 1187 544 1219 est
564 1183 687 1230 Epiph.
703 1187 764 1219 aut
786 1184 860 1219 eius
875 1184 1072 1227 librarium,
1093 1195 1174 1219 cum
1194 1184 1395 1231 imprudens
1417 1184 1548 1230 πέμπτῃ
1571 1188 1629 1219 τοῦ
1646 1183 1711 1219 Ἰα-

162 1238 312 1285 νουαρίου
323 1240 518 1287 scripsisset
527 1251 589 1287 pro
601 1239 694 1287 ἕκτῃ,
707 1241 799 1276 idem
810 1242 847 1277 in
858 1241 1129 1277 Salaminiorum
1141 1252 1260 1277 mense
1271 1241 1405 1278 iecisse.
1430 1242 1584 1288 Apparet
1594 1246 1710 1277 autem

161 1307 207 1330 ex
230 1295 295 1331 hoc
315 1297 391 1332 loco
415 1296 622 1333 Salaminios
643 1308 774 1334 annum
794 1309 817 1333 a
838 1298 1015 1345 Septemb.
1032 1298 1096 1334 Iul.
1111 1298 1188 1334 Kal.
1204 1299 1404 1345 auspicatos
1427 1309 1522 1341 esse,
1546 1298 1638 1344 quod
1659 1299 1709 1334 in-

161 1353 322 1389 dictionis
338 1354 490 1401 annique
504 1355 729 1402 primordium
745 1355 1120 1402 constantinopolitani
1134 1360 1258 1402 postea
1271 1355 1517 1403 praefixerunt.

250 1410 341 1448 Κατὰ
356 1411 500 1458 Παφίους
516 1409 644 1447 'lernou
659 1411 1022 1458 τεσσαρεσκαιδεκάτη]
1053 1413 1164 1459 Igitur
1184 1412 1251 1448 Iuli
1270 1413 1402 1449 mensis
1423 1413 1559 1448 initium
1576 1424 1597 1447 a
1614 1425 1709 1448 xxiv.

159 1467 241 1502 Dec.
273 1467 340 1510 Qui
353 1468 386 1504 si
398 1469 554 1504 Iulianus
569 1468 654 1512 fuit,
675 1469 837 1505 credibile
860 1473 914 1505 eet
933 1471 979 1505 ab
1002 1470 1222 1516 aequinoctio
1238 1481 1344 1506 verno
1361 1470 1495 1507 circiter
1511 1480 1642 1505 annum
1658 1470 1709 1504 in·

159 1525 292 1571 cepisse
307 1525 470 1573 Paphios.
502 1525 591 1561 Nam
607 1526 638 1561 si
651 1526 748 1562 Iulus
763 1527 944 1562 Ianuarius
961 1530 1031 1570 est,
1047 1527 1179 1563 mensis
1195 1527 1315 1563 abillo
1331 1527 1452 1563 tertius
1467 1527 1506 1562 in
1520 1538 1602 1562 eum
1617 1527 1709 1563 diem

159 1582 408 1628 propemodum
425 1583 567 1626 desinit,
584 1584 644 1630 qui
660 1584 879 1630 aequinoctio
897 1584 1072 1630 quondam
1088 1584 1274 1619 attributus
1291 1587 1355 1619 est.

247 1638 340 1674 Κατὰ
355 1637 502 1686 Ἄραβας
517 1639 676 1687 ’Δλέωμ.]
706 1641 748 1676 ln
762 1641 917 1687 vulgaris
933 1641 1089 1677 Arabum
1102 1642 1280 1677 mensibus
1301 1652 1416 1688 neque
1437 1641 1575 1685 Aleom,
1598 1653 1710 1688 neque

159 1696 220 1742 qui
233 1699 356 1743 postea
370 1701 662 1733 commemoratur
672 1697 945 1744 Augalthabaith
958 1699 1075 1734 locum
1091 1699 1201 1734 ullum
1216 1698 1330 1734 habet.
1358 1699 1428 1734 Sed
1443 1710 1556 1745 neque
1571 1700 1710 1736 lunares

158 1764 295 1790 menses
317 1754 377 1789 isti
398 1757 497 1797 sunt3
520 1755 552 1790 si
574 1754 714 1801 quidem
734 1755 772 1790 in
792 1755 866 1791 Ian.
877 1768 924 1792 vr.
940 1755 1063 1791 Aleom
1078 1767 1151 1791 xxi.
1174 1756 1321 1799 incidat,
1345 1766 1435 1802 quae
1457 1759 1528 1792 turn
1547 1756 1620 1791 dies
1636 1761 1710 1792 erat

158 1811 261 1846 lunae
277 1822 360 1854 ιιι,
382 1812 478 1857 cyclo
494 1824 518 1848 1.
549 1811 638 1847 Nam
657 1813 841 1848 neomenia
857 1824 900 1848 ex
916 1813 1135 1848 Ptolemaicis
1151 1813 1290 1848 Mulieri
1304 1813 1447 1848 Tabulis
1463 1814 1612 1860 contigit
1626 1814 1707 1852 Dec.

158 1867 212 1903 26.
228 1867 260 1903 8.
276 1866 344 1904 32'.
354 1894 364 1911 ,
385 1869 481 1914 cyclo
501 1869 569 1911 19„
586 1879 677 1904 anno
693 1869 827 1904 Iuliano
844 1881 937 1906 xurv.
970 1870 1021 1905 De
1037 1869 1310 1916 Angalthabaitb
1324 1870 1416 1905 idem
1431 1874 1553 1917 postea
1568 1871 1707 1907 demon-

157 1925 332 1960 strabitur.
358 1924 530 1967 ,Quocirca
545 1925 699 1961 nondum
714 1927 872 1962 lunarem
887 1938 1019 1962 annum
1042 1927 1086 1962 ad
1105 1927 1242 1963 civilem
1257 1938 1362 1962 usum
1377 1927 1509 1963 Arabes
1526 1929 1710 1964 transtule-

157 1985 244 2018 rant.
276 1981 364 2017 Nam
382 1993 462 2017 cum
477 1983 608 2017 Arabes
625 1983 782 2018 nominat
797 1983 1027 2030 Epiphanius,
1043 1984 1211 2018 maiorem
1228 1984 1320 2019 illius
1338 1985 1453 2031 gentis
1469 1986 1708 2033 potioremque

125 2036 127 2039 ’
156 2042 288 2086 partem
303 2039 476 2086 intelligit.
505 2040 556 2075 Ac
572 2039 662 2076 Scal.
683 2041 706 2075 l.
722 2052 760 2077 ιι.
785 2041 826 2076 de
842 2040 985 2077 Emend.
1002 2042 1141 2088 Temp..
1165 2045 1199 2076 et
1214 2041 1305 2088 Isag.
1323 2041 1407 2077 Can.
1428 2042 1452 2078 l.
1467 2055 1507 2078 u.
1525 2053 1565 2078 ac
1583 2056 1633 2078 ιιι.
1651 2055 1708 2078 ve-

155 2101 245 2133 teres
257 2096 389 2132 Arabes
402 2095 577 2144 Calippica
592 2097 675 2132 anni
686 2097 799 2133 forma
814 2109 896 2134 usos
912 2109 989 2133 esse
1001 2098 1171 2143 decernit,
1189 2103 1228 2134 ut
1243 2102 1276 2133 et
1289 2098 1481 2135 Chaldaeos
1497 2110 1537 2134 ac
1550 2101 1707 2142 ludaeos,

155 2154 308 2189 Arabum
321 2163 403 2189 vero
413 2153 585 2200 duplicem
601 2165 734 2190 annum
744 2154 843 2198 facit,
859 2155 1008 2191 alterum
1019 2155 1276 2191 Damascenum
1285 2182 1293 2198 ,
1310 2157 1383 2191 sive
1395 2157 1618 2202 Hagarenum
1627 2184 1635 2198 ,
1651 2158 1707 2192 cui

156 2210 384 2246 desultoriam
397 2211 624 2247 intercalandi
639 2222 772 2248 morem
787 2212 961 2255 attribuit,
978 2212 1076 2248 ouius
1092 2212 1254 2259 periodus
1271 2223 1432 2249 ccxxvnr
1448 2215 1548 2248 annis
1565 2215 1706 2249 Iulianis

157 2267 292 2310 definit,
307 2268 345 2303 in
359 2279 429 2314 qua
441 2279 579 2303 menses
595 2279 716 2304 omnes
732 2269 936 2315 singillatim
948 2280 1079 2305 annum
1091 2269 1258 2306 inchoant
1269 2271 1491 2316 vicissimque
1503 2272 1704 2306 terminant:

155 2325 302 2360 alteram
316 2325 400 2361 anni
412 2326 583 2361 rationem
599 2326 729 2361 omissa
742 2326 1004 2362 intercalatione
1019 2327 1171 2362 solutam
1187 2338 1228 2362 ac
1243 2331 1413 2363 retextam
1430 2339 1474 2362 ex
1491 2329 1592 2362 aunis
1609 2329 1705 2363 luna-

155 2382 252 2417 ribus
272 2382 487 2428 simplicibus
510 2382 707 2425 constituit,
731 2393 836 2428 quam
857 2384 902 2419 ab
924 2383 1020 2419 Indis
1043 2385 1126 2420 olim
1147 2388 1370 2430 usurpatam,
1390 2388 1512 2430 postea
1533 2385 1638 2420 etiam
1660 2386 1704 2421 ab

155 2439 328 2475 Arabibus
346 2440 616 2486 praesertimque
631 2438 895 2477 Mahumedanis
916 2440 1026 2476 docet.
1072 2440 1162 2476 Nam
1183 2442 1243 2487 qui
1263 2441 1307 2475 ab
1329 2442 1460 2486 Hegira
1480 2446 1705 2479 numerantur

156 2496 239 2532 anni
258 2496 354 2531 nullo
375 2496 646 2532 intercalationis
661 2496 781 2532 fraeno
803 2497 945 2532 coerciti
958 2508 1020 2544 per
1034 2497 1206 2533 lulianam
1221 2498 1347 2532 seriem
1364 2498 1506 2544 impune
1522 2503 1704 2545 vagantur.

157 2552 256 2595 Quod
270 2553 302 2589 si
316 2553 394 2599 quis
408 2554 563 2600 requirat
583 2553 674 2588 unde
690 2553 868 2599 Scaligero
891 2550 1026 2589 co'nstet
1040 2558 1196 2590 vetustos
1211 2554 1342 2590 Arabes
1365 2554 1587 2592 desultoriam
1607 2557 1703 2592 illam

156 2610 382 2645 intercalandi
395 2610 545 2647 sormam
561 2610 653 2645 civili
667 2610 868 2656 praesertim
883 2621 951 2646 usu
965 2611 1134 2653 tenuisse,
1156 2615 1218 2646 aut
1239 2611 1384 2647 eandem
1405 2613 1551 2648 subinde
1565 2618 1702 2649 retexu-

157 2666 243 2709 isse,
256 2677 296 2702 ω
311 2677 405 2703 mere
420 2668 578 2703 lunarem
593 2666 818 2713 praetulisse,
841 2678 884 2702 ne
906 2678 1016 2702 unum
1039 2668 1178 2714 quidem
1193 2669 1396 2714 scriptorem
1410 2668 1510 2704 affort
1524 2671 1632 2716 quiid
1648 2673 1703 2706 vel

157 2722 331 2759 levissime
344 2724 500 2761 suadeat.
532 2723 644 2766 Quare
661 2723 743 2759 dum
764 2723 930 2758 confictas
948 2724 1026 2758 illas
1042 2724 1196 2759 Arabum
1210 2726 1369 2771 periodos
1386 2727 1628 2773 operosissime
1643 2729 1702 2764 de-

159 2779 293 2823 scribit,
307 2779 373 2816 hoc
388 2786 441 2816 est
456 2781 593 2817 somnia
607 2791 672 2816 sua
686 2780 917 2826 prosequitur,
940 2783 974 2815 et
989 2791 1052 2816 suo
1069 2784 1104 2815 et
1116 2781 1254 2817 lectoris
1272 2783 1342 2818 otio
1357 2783 1625 2830 intemperanter
1640 2787 1699 2821 ab·

158 2836 275 2871 utitur.
302 2835 377 2878 Quo
394 2837 534 2884 quidem
548 2838 586 2873 in
599 2838 741 2883 negotio
757 2842 811 2872 est
825 2837 911 2872 illud
925 2848 1011 2872 sane
1026 2838 1232 2882 iucundum,
1249 2839 1341 2886 quod
1355 2841 1501 2876 eandem
1515 2842 1611 2878 illam
1625 2855 1698 2889 per.

160 2903 248 2938 quae
263 2904 309 2928 ex
325 2903 484 2931 ccxxvm
498 2894 642 2930 Iulianis
658 2894 776 2936 annis,
791 2893 948 2929 Arabicis
964 2905 1062 2937 vero,
1077 2895 1133 2929 vel
1148 2895 1288 2939 solutis,
1305 2907 1446 2933 ccxxxv
1462 2903 1615 2943 constat,
1636 2901 1698 2935 ali·

159 2950 239 2984 cubi
254 2951 488 2996 excogitatam
503 2962 526 2986 a
541 2963 578 2986 se
594 2951 702 2994 dicat,
718 2951 801 2986 alibi
811 2962 892 2986 vero
907 2951 951 2986 ab
963 2951 1133 2987 Arabibus
1149 2956 1185 2988 et
1194 2953 1385 3000 Hagarenis
1401 2955 1445 2990 ab
1460 2955 1558 2991 initio
1573 2957 1698 2992 Iuliani

159 3006 242 3043 anni
261 3010 432 3054 repertam
453 3011 487 3043 et
507 3008 703 3044 institutam
717 3007 916 3054 imprudens
932 3011 1074 3044 asserat.
1104 3008 1241 3046 Etenim
1254 3010 1279 3047 1.
1292 3023 1331 3049 11.
1347 3011 1390 3047 de
1403 3011 1545 3048 Emend.
1561 3025 1596 3060 pt
1611 3013 1696 3056 134..

1735 2760 1764 2786 p.
1778 2754 1834 2781 1³4.
