2008 3294
1596 189 1722 226 CXVII

169 289 297 324 mentis
314 289 496 336 approbat.
533 289 627 324 Adde
649 290 743 337 quod
758 290 927 326 Eusebius
942 291 1122 337 Augustus
1145 303 1236 327 anno
1260 293 1409 340 imputat
1424 304 1499 336 ιη,
1521 303 1658 328 menses
1675 306 1722 336 vr,

169 345 235 380 hoc
259 348 313 381 est
334 345 539 381 inchoatum
556 358 639 382 nvn.
687 347 800 390 Quare
823 357 903 382 cum
925 347 1104 394 Augustus
1125 359 1216 384 anno
1238 349 1341 385 Urbis
1357 349 1434 385 767.
1452 349 1587 385 duobus
1604 349 1722 385 Sextis

169 412 256 438 coss.
273 406 432 440 mortuus
458 403 520 446 sit,
542 415 613 439 xrv.
631 403 707 440 Kal.
725 404 819 452 Sept.
835 414 946 440 annus
969 405 1061 452 apud
1076 405 1267 441 Eusebium
1289 407 1599 454 quinquagesimus
1619 408 1722 454 septi-

168 471 246 496 mus
264 471 286 495 a
300 460 432 498 Martio
449 459 567 495 debuit
580 460 747 507 incipere,
762 461 908 510 ideoque
923 461 1055 509 primus
1071 462 1191 498 incidit
1205 463 1241 498 in
1258 463 1360 498 Urbis
1373 463 1450 500 711.
1474 464 1593 512 Itaque
1608 475 1721 500 annus

167 518 319 566 Augusti
330 529 415 555 xnu.
435 517 550 563 coepit
564 516 667 553 Urbis
684 529 775 555 anno
788 518 1023 563 752.,1u1ian0
1039 531 1133 555 xnrv.
1150 519 1318 567 Iosephus
1333 531 1415 556 vero
1430 521 1453 556 l.
1466 533 1503 557 n.
1521 521 1563 556 de
1577 521 1721 557 Excidio

168 586 244 623 cap.
259 587 333 612 vm.
344 602 354 619 ,
371 585 452 611 cum
467 574 603 621 imperii
618 586 728 611 annos
743 578 904 612 numerat
914 587 1006 619 nvn,
1027 587 1165 611 menses
1177 588 1230 619 vr,
1252 577 1325 612 dies
1338 590 1381 620 11,
1406 578 1450 612 ab
1466 578 1542 625 ipso
1559 589 1651 614 anno
1666 578 1721 614 Iu-

166 633 279 669 lianae
295 632 408 668 caedis
427 630 569 674 orditur,
586 635 621 666 et
638 633 777 679 quidem
790 636 929 681 postero
941 632 996 669 die
1011 633 1056 668 ab
1067 632 1185 669 Idibus
1197 634 1342 670 Martiis.
1367 634 1580 682 Epiphanius
1593 639 1722 679 autem,

167 691 227 737 qui
239 701 331 726 anno
343 689 480 724 Iuliano
493 700 587 724 xnrv.
603 692 725 725 natum
741 691 947 727 salvatorem
963 690 1123 732 credidit,
1139 690 1352 727 vm.1d.1an.
1369 702 1459 726 anno
1472 693 1623 739 Augusti
1635 706 1720 729 xm.

165 748 304 783 initium
321 746 395 782 eius
415 746 539 780 statuit
555 746 691 782 Iuliano
705 748 804 784 tertio
813 774 822 792 ,
834 746 936 784 Urbis
945 747 1022 784 711.
1048 747 1154 794 Atqui
1165 747 1321 783 nondum
1334 760 1418 784 xnn.
1430 749 1589 785 Ianuario
1602 762 1722 786 mense

164 804 347 840 inchoatus
364 803 493 839 iuerat.
526 803 580 838 Ita
595 806 657 840 est.
691 804 760 840 Sed
775 801 859 839 κατὰ
874 803 1037 852 πρόληψιν
1060 803 1251 840 secundum
1273 808 1307 840 et
1331 805 1637 852 quadragesimum
1659 819 1720 843 an-

164 873 250 898 num
273 872 295 896 a
316 860 394 897 Kal.
411 859 487 896 Ian.
509 859 654 908 incepit,
678 861 771 908 quod
790 861 964 910 plerisque
984 861 1210 909 scriptoribus
1232 862 1311 897 aliis
1330 866 1385 897 est
1405 862 1584 900 familiare.
1631 865 1720 900 Nam
1756 869 1854 901 p.131.

165 919 258 966 quod
280 919 324 954 ab
339 917 446 954 Urbis
468 928 559 952 anno
576 917 669 962 711.,
694 918 827 955 Iuliano
842 918 893 963 3.‚
916 918 1067 966 Augusti
1087 929 1198 954 annos
1219 922 1413 966 computet,
1437 925 1644 966 argumento
1668 927 1722 957 est

165 976 348 1024 temporis,
374 986 443 1022 quo
468 974 666 1021 imperavit,
690 975 750 1011 illa
771 975 927 1023 partitio,
950 986 1019 1022 qua
1039 976 1190 1023 primum
1213 987 1324 1011 annos
1348 976 1513 1012 tredecim
1530 978 1719 1024 imperasse

165 1034 301 1077 scribit,
318 1030 416 1080 πρινὴ
433 1030 490 1076 τὴν
507 1029 667 1067 Ἰουδαίαν
684 1032 880 1079 συναφθῆναι
895 1032 1025 1073 τελείως
1041 1031 1234 1080 Ῥωμαίοις,
1252 1033 1344 1080 quod
1360 1043 1452 1068 anno
1468 1034 1517 1069 illi
1534 1036 1594 1081 qui
1606 1036 1719 1071 Actia-

164 1103 241 1128 cam
257 1090 439 1127 victoriam
461 1091 600 1124 secutus
623 1093 676 1125 est
697 1090 868 1136 congruit.
900 1090 1034 1126 Iuliano
1050 1090 1182 1126 scilicet
1198 1103 1268 1127 xvr.
1301 1090 1534 1133 Quamobrem
1550 1103 1571 1127 a
1587 1092 1718 1128 Iuliano

164 1149 264 1185 tertio
282 1147 326 1183 ad
338 1146 512 1182 decimum
524 1146 684 1193 quintum
700 1147 782 1182 anni
796 1146 960 1183 tredecim
976 1147 1146 1190 existunt3
1163 1147 1289 1195 quibus
1311 1148 1418 1183 additi
1438 1161 1521 1184 xxrx
1544 1160 1717 1185 summam

162 1219 238 1244 xnn
253 1204 457 1246 conficiunt,
479 1213 627 1249 quorum
641 1207 836 1251 postremus
853 1217 946 1241 xnrv.
962 1204 1095 1240 Iuliano
1111 1205 1232 1252 incipit
1253 1208 1288 1240 et
1309 1205 1447 1252 quidem
1470 1217 1515 1240 ex
1541 1217 1572 1243 a.
1590 1207 1623 1243 d.
1641 1208 1718 1244 Kal.

163 1265 249 1308 Ian„
266 1266 306 1298 ut
321 1262 459 1297 dictum
474 1263 537 1296 est.
569 1259 680 1303 Quam
697 1261 741 1296 ob
757 1272 918 1298 caussam
941 1273 1033 1298 anno
1049 1262 1199 1308 Augusti
1215 1274 1285 1298 ιιι.
1301 1263 1418 1310 potius
1434 1274 1540 1310 quam
1556 1276 1640 1300 ιω.
1658 1276 1718 1300 na-

163 1322 243 1357 talis
260 1319 389 1356 Christi
399 1317 636 1364 assignandus
651 1317 719 1354 fuit
740 1329 819 1354 cum
834 1318 993 1363 Irenaeo,
1015 1319 1243 1362 Tertulliano,
1260 1319 1337 1355 aliis
1354 1321 1600 1367 compluribus.
1633 1321 1717 1357 Cae-

162 1382 275 1414 terum
292 1377 384 1413 idem
398 1375 457 1410 ille
473 1385 584 1411 annus
599 1378 679 1422 post
694 1375 870 1412 Actiacam
884 1377 1065 1412 victoriam
1082 1380 1136 1412 est
1150 1388 1274 1412 xxvm.
1305 1377 1465 1412 Actiacos
1490 1379 1582 1413 enim
1606 1390 1716 1414 annos

161 1435 312 1483 Aepypti
327 1442 510 1470 numerare
526 1436 716 1480 coeperunt
730 1443 752 1468 a
766 1433 899 1470 Iuliano
916 1446 1000 1477 xvr.,
1016 1433 1118 1469 Urbis
1131 1433 1209 1468 724.
1232 1433 1354 1481 Itaque
1369 1435 1556 1470 vicesimus
1574 1440 1716 1472 octavus

162 1493 276 1540 coepit
290 1491 424 1527 Iuliano
440 1501 556 1533 κιαι,
578 1489 739 1537 idemque
761 1493 795 1526 et
817 1496 983 1538 sequente
1004 1491 1154 1534 Iuliano,
1176 1502 1244 1538 quo
1267 1495 1370 1526 natus
1393 1495 1447 1526 est
1467 1503 1512 1527 ex
1531 1493 1716 1540 Epiphanii

161 1549 335 1586 sententia
349 1546 526 1590 Christus,
549 1547 700 1583 Ianuarii
715 1561 762 1584 vr.
785 1547 898 1584 adhuc
918 1549 956 1584 in
979 1559 1084 1584 cursu
1104 1551 1194 1591 erat,
1216 1559 1321 1595 quem
1336 1549 1394 1583 ille
1410 1553 1527 1585 tamen
1543 1563 1639 1586 xxrx.
1657 1562 1716 1598 ap-

160 1608 283 1656 pellat;
300 1605 394 1653 quod
402 1631 411 1648 ,
427 1605 497 1640 nisi
511 1605 623 1648 fallor,
639 1609 760 1641 contra
775 1609 879 1652 atque
890 1605 1118 1641 Alexandrini
1130 1610 1382 1641 consueverant
1397 1616 1419 1640 a
1429 1606 1505 1642 Kal.
1516 1607 1588 1643 Ian.
1601 1609 1716 1655 auspi-

161 1668 267 1701 cetur.
291 1663 412 1710 Neque
427 1673 508 1698 vero
525 1673 669 1698 caussae
685 1663 872 1710 quicquam
887 1663 954 1699 fuit
968 1674 1030 1699 cur
1044 1663 1082 1698 in
1093 1663 1286 1698 Annalibus
1299 1663 1391 1700 Eccl.
1405 1664 1533 1699 mirum
1545 1664 1716 1700 videretur

162 1721 255 1770 quod
270 1720 430 1757 Clemens
447 1723 482 1754 et
496 1719 664 1755 Eusebius
681 1720 725 1755 ab
740 1720 884 1755 Actiaca
898 1730 1018 1767 pugna
1033 1731 1144 1756 annos
1161 1720 1205 1755 ad
1220 1721 1374 1756 natalem
1390 1721 1523 1756 domini
1538 1726 1715 1769 computa-

161 1782 238 1815 rent
251 1789 382 1820 xxvru,
406 1779 468 1812 aut
488 1777 580 1824 quod
594 1777 766 1813 Eusebius
786 1777 823 1813 in
845 1777 1015 1813 chronicis
1031 1778 1221 1813 Antonium
1240 1781 1276 1813 et
1291 1777 1511 1825 Cleopatram
1527 1778 1714 1815 debellatos

161 1835 337 1883 scripserit
358 1845 450 1870 anno
472 1834 573 1869 tertio
597 1834 734 1881 Olymp.
747 1845 944 1878 cnxxxvrr„
967 1846 1048 1870 cum
1071 1845 1114 1870 ea
1135 1835 1281 1870 victoria
1304 1846 1395 1870 anno
1419 1834 1522 1870 Urbis
1546 1836 1715 1871 accideret

160 1893 257 1936 723„
280 1892 438 1938 Augusto
453 1903 507 1928 111.
525 1895 560 1926 et
574 1892 728 1927 Messala
742 1903 850 1935 coss,
873 1891 1088 1939 Olympiadis
1110 1903 1201 1928 anno
1225 1892 1336 1927 tertio.
1369 1891 1459 1927 Nam
1473 1892 1603 1928 Actiaci
1620 1895 1714 1937 anni,

161 1950 286 1998 quibus
302 1948 462 1985 Clemens
478 1951 581 1995 atquo
597 1948 766 1984 Eusebius
782 1949 838 1985 usi
853 1953 950 1993 sunt,
972 1961 1044 1985 non
1067 1949 1111 1985 ab
1133 1949 1210 1996 ipso
1234 1960 1324 1985 anno
1348 1950 1385 1984 in
1408 1960 1512 1996 quem
1533 1961 1652 1997 pugna
1672 1963 1714 1986 ac

158 2007 302 2043 victoria
317 2005 458 2049 cecidit,
474 2005 535 2041 sed
550 2016 572 2040 a
587 2007 746 2053 sequenti
761 2006 899 2050 ineunt,
916 2006 1132 2054 Olympiadis
1146 2016 1326 2044 cnxxxvn.
1343 2008 1444 2042 tertio
1454 2034 1463 2050 ,
1480 2011 1561 2054 post
1573 2008 1714 2044 Antonii

158 2069 194 2100 et
208 2064 411 2110 Cleopatrae
426 2074 558 2100 necem.
590 2062 690 2099 Unde
711 2074 822 2099 annos
838 2064 989 2111 Augusti
1010 2064 1166 2111 plerique
1188 2068 1271 2100 suut
1294 2065 1427 2107 exorsi,
1450 2066 1509 2111 qui
1532 2070 1714 2112 propterea

158 2133 250 2158 anno
266 2121 417 2167 Augusti
432 2133 555 2157 xxvm.
570 2125 692 2156 natum
708 2120 827 2156 dixere
843 2120 1028 2157 Christum.
1060 2121 1267 2169 Quanquam
1290 2122 1326 2157 in
1350 2133 1391 2157 eo
1408 2123 1550 2169 negotio
1567 2122 1712 2168 diligen-

158 2183 210 2215 ter
220 2177 380 2214 habenda
390 2178 478 2213 ratio
490 2181 559 2221 est,
577 2177 658 2225 quid
670 2179 855 2226 scriptores
867 2178 904 2214 in
916 2178 1078 2214 Actiacae
1089 2179 1254 2214 victoriae
1265 2178 1398 2226 epocha
1409 2180 1713 2214 commemoranda

158 2236 226 2272 sibi
241 2235 421 2270 voluerint.
452 2235 543 2271 Nam
558 2246 639 2271 cum
656 2235 822 2271 Actiacos
837 2248 942 2270 annos
957 2237 1173 2284 exprimunt,
1196 2248 1219 2271 a
1233 2236 1367 2271 Iuliano
1384 2249 1471 2279 xv1.‚
1497 2237 1556 2283 qui
1572 2236 1712 2271 Actiaca

157 2293 301 2329 victoria
320 2292 489 2339 posterior
512 2296 580 2336 est,
603 2293 784 2340 incipiunt.
822 2292 886 2329 Sin
909 2294 952 2328 ab
969 2294 1111 2329 Actiaca
1126 2294 1270 2328 victoria
1285 2297 1338 2328 tot
1353 2304 1464 2328 anuos
1481 2294 1617 2340 elapsos
1635 2305 1710 2328 esse

159 2351 294 2393 dicant,
318 2350 362 2385 ab
386 2350 534 2397 ipsomet
555 2360 695 2397 pugnae
718 2350 853 2386 navalis
875 2361 966 2386 anno
996 2351 1127 2386 ducunt
1151 2351 1299 2385 initium.
1347 2349 1515 2392 Quocirca
1538 2351 1710 2386 immerito

157 2407 336 2454 Scaligero
358 2410 498 2443 notatur
519 2407 773 2443 eruditissimus
798 2406 980 2451 Onufrius,
1004 2408 1098 2454 quod
1120 2418 1199 2442 cum
1223 2410 1344 2442 natum
1366 2418 1443 2442 esse
1460 2407 1635 2442 Christum
1656 2419 1710 2443 as-

157 2465 323 2501 seruisset
344 2464 503 2511 Augusto
527 2477 604 2501 xm.
634 2468 669 2499 et
691 2463 833 2499 Silvano
855 2475 944 2500 coss.
967 2465 1037 2511 (est
1055 2464 1111 2500 hic
1133 2475 1245 2499 annus
1266 2463 1422 2499 Iulianus
1439 2476 1550 2507 xn1v.,
1572 2465 1708 2512 Olymp.

158 2531 278 2559 cxcrv.
293 2521 430 2567 tertius)
446 2521 595 2557 eundem
611 2521 713 2556 Urbis
730 2532 806 2556 esse
827 2522 988 2556 statuerit
1003 2521 1097 2564 752„
1118 2521 1298 2556 Actiacum
1314 2519 1369 2555 30.
1416 2520 1583 2567 Scaligeri
1605 2523 1710 2557 verba

157 2582 239 2614 sunt
252 2579 312 2614 lib.
326 2591 374 2615 vr.
393 2578 434 2614 de
448 2578 612 2615 Emend.:
629 2578 723 2613 Nam
739 2581 946 2613 verissimum
962 2586 1010 2614 est
1026 2579 1232 2614 consulatum
1245 2578 1395 2622 Auquse·
1404 2590 1480 2613 xm.
1497 2582 1709 2613 concurrisse

158 2647 230 2670 cum
247 2648 334 2670 anno
351 2631 448 2671 tertio
469 2636 596 2682 Olymp.
610 2645 727 2671 cxcrv.
772 2634 842 2670 Sed
863 2647 934 2669 eum
957 2648 1078 2670 armum
1102 2635 1266 2669 Palilium
1288 2634 1582 2670 Varronianorum
1593 2639 1707 2682 fin'sse

161 2692 260 2735 752„
277 2698 309 2727 et
321 2693 506 2728 Actiacum
521 2692 599 2734 30.,
615 2692 678 2727 Ιιοο
694 2704 772 2726 vero
779 2693 912 2738 salsum
929 2699 987 2728 est.
1025 2691 1094 2726 Uno
1111 2694 1196 2726 enim
1214 2703 1301 2725 αηηο
1314 2692 1393 2738 plus
1409 2694 1503 2728 dicit.
1535 2692 1604 2727 Sed
1619 2692 1705 2728 haec

157 2760 238 2784 cum
252 2749 417 2785 scriberet
429 2750 581 2796 vigilans
597 2749 796 2784 somniabat
810 2748 975 2795 Scaliger.
1016 2747 1110 2783 Nihil
1124 2748 1217 2783 enim
1233 2749 1358 2783 certius
1375 2752 1429 2783 est
1443 2760 1548 2796 quam
1565 2761 1609 2784 ex
1621 2751 1706 2786 Var-

157 2806 252 2842 ronis
274 2806 452 2853 ipsiusque
484 2807 570 2842 adeo
593 2806 762 2852 Scaligeri
782 2806 915 2840 ratione
939 2805 1157 2840 consulatum
1178 2805 1331 2851 Augusti
1352 2818 1427 2841 xm.
1452 2810 1486 2841 et
1507 2806 1639 2842 Silvani
1662 2808 1705 2842 ad

157 2873 287 2898 annum
309 2861 412 2898 Urbis
428 2863 504 2899 752.
529 2863 716 2910 pertinere,
739 2862 913 2897 Iulianum
928 2873 1044 2905 ηπ,
1066 2873 1138 2909 per.
1160 2861 1223 2899 Iul.
1242 2862 1342 2899 4712.
1355 2890 1364 2906 ‚
1388 2864 1485 2909 cyclo
1510 2864 1594 2898 solis
1618 2877 1704 2907 xrx„

156 2920 260 2954 lunae
271 2931 363 2962 vm„
384 2919 501 2956 indict.
514 2933 552 2957 11.
584 2921 648 2955 Est
663 2920 768 2954 etiam
783 2918 838 2954 hic
860 2930 971 2954 annus
994 2919 1038 2954 ab
1054 2919 1195 2954 Actiaca
1215 2930 1335 2966 pugna
1355 2917 1569 2964 tricesimus,
1591 2922 1621 2956 si
1643 2933 1703 2956 an-

157 2987 242 3011 num
263 2976 379 3022 ipsum
398 2987 536 3024 pugnae
558 2978 711 3024 primum
732 2987 904 3011 numeres.
949 2975 1069 3023 Neque
1089 2987 1169 3011 vero
1184 2977 1370 3011 Actiacum
1387 2990 1509 3012 annum
1525 2991 1607 3015 xxx.
1627 2990 1703 3013 esse

158 3032 248 3068 dixit
265 3032 446 3078 Onufiius,
463 3034 523 3069 sed
533 3040 614 3081 post
627 3035 813 3069 Actiacam
829 3035 1025 3076 victoriam,
1042 3032 1107 3068 hoc
1123 3036 1176 3069 est
1190 3032 1368 3070 Actiacum
1383 3046 1480 3071 xxix.
