2008 3294
1596 152 1741 189 OGXXI

187 261 278 298 Item
289 259 530 296 Camunni.
556 260 774 303 Paenitenteo,
791 260 849 305 qui
861 261 900 294 in
913 259 1108 304 infirmitate
1119 260 1282 292 viaticum
1294 257 1526 293 eucharistiae
1537 259 1742 303 acceperint,

188 330 254 353 nou
265 330 301 354 ee
313 319 458 352 credant
468 317 635 352 absolutos
645 320 718 352 sine
730 327 849 352 manus
857 318 1078 362 s'mpoeiffone,
1091 318 1123 348 m·
1133 318 1391 361 supenvioeerim.
1412 314 1452 349 In
1464 313 1610 350 Constit.
1623 314 1743 360 Apost.

187 375 248 411 lib.
261 387 299 411 11.
318 385 392 422 cap.
406 386 477 410 ιιι.
493 372 514 418 ἡ
531 373 715 421 χειροθεσία
729 372 986 421 poenitentibus
1001 369 1070 405 ἀντὶ
1082 374 1141 405 τοῦ
1157 371 1345 418 lodoin-eno<
1361 382 1438 406 esse
1449 371 1584 406 dieitur.
1605 371 1652 405 At
1661 381 1743 405 vero

187 442 316 467 manus
330 431 508 478 impositio
524 432 664 478 propria
678 433 735 475 τῆς
751 429 972 468 anomocus<
987 428 1096 464 fuisse
1112 429 1256 464 videtur.
1297 428 1372 471 Quo
1386 429 1424 464 in
1440 428 1551 475 gradu
1565 429 1744 475 poeniten-

188 492 243 524 tes
265 489 331 524 sub
355 487 509 535 episcopi
533 499 658 524 manus
682 488 865 530 subibant3
887 486 980 523 unde
1002 487 1059 530 τῆς
1082 484 1303 526 ὑποπτώσεως
1319 486 1528 521 vocabulum
1549 485 1744 521 deductum.

189 546 302 591 Atque
317 544 384 581 hoc
399 550 480 583 ante
496 549 709 592 postremam
726 543 979 581 absolutionem
996 553 1036 578 ae
1047 543 1366 578 reconciliationem
1378 543 1519 589 saepius
1529 542 1744 578 iactiubant.

189 601 231 637 In
246 601 384 638 Laudic.
402 601 487 638 Gan.
500 614 574 639 xrx.
591 603 653 637 ubi
668 602 886 648 liturgiarum
900 599 1184 636 celebrandarum
1200 600 1314 635 forma
1328 601 1584 646 praescribitur,
1599 599 1672 646 aspi
1686 601 1744 634 τοῦ

190 659 256 694 δαν
276 657 344 706 ἰδίᾳ
365 660 497 707 πρῶτον
521 657 602 705 μετὰ
621 657 679 700 τὰς
703 657 830 706 ὁμιλίας
854 658 920 692 τῶν
935 655 1123 693 ἐπισκόπων
1141 656 1194 691 καὶ
1210 658 1276 690 τῶν
1293 657 1549 704 κατηχουμένων
1565 656 1665 704 εὐχὴν
1680 654 1745 691 ἔπι-

192 715 366 762 τελασθαι,
383 715 438 751 καὶ
451 715 532 763 μετὰ
545 715 582 750 rb
596 715 732 757 ἐξελθεῖν
745 714 820 756 τοὺς
833 713 1107 762 κατηχουμίνους,
1123 715 1190 748 τῶν
1203 712 1234 748 ἐν
1249 713 1402 760 μετανοίᾳ
1413 714 1470 758 τὴν
1482 713 1582 761 εὐχὴν
1593 713 1746 761 γίνισθαι,

192 772 249 808 καὶ·
261 773 388 808 τούτων
405 773 649 820 προςελθόντων
660 773 725 808 ’ὑπὸ
738 775 844 820 χεῖρα,
861 771 916 807 καὶ
927 769 1228 818 ὑποχωρησάντων,
1245 770 1352 811 οὕτως
1363 770 1420 811 τὰς
1436 769 1533 818 εὐχὰς
1546 773 1612 805 τῶν
1624 774 1746 806 πιστῶν

190 828 335 878 γίνεσθαι
350 832 445 878 τρεῖς.
492 829 694 877 Agathense
709 830 814 866 Oonc.
831 829 918 866 Can.
931 839 990 865 xv,
1029 828 1240 863 Pom-emm
1255 835 1418 874 tempore,
1435 841 1496 874 quo
1506 832 1747 874 poenitentiam

189 894 322 934 petunt,
338 890 580 934 impositionem
596 899 752 923 manuum
769 893 803 922 st
816 887 966 922 cilicium
979 897 1082 932 super
1094 891 1200 931 caput
1211 898 1233 920 a
1245 887 1431 927 sacerdote,
1443 888 1533 920 sicut
1542 887 1661 933 ubique
1671 898 1747 920 cou-

191 947 342 980 stitutum
357 951 423 987 eet,
442 951 698 991 consequantur.
743 944 831 979 Item
855 942 1016 989 carthag.
1029 955 1076 978 xv,
1100 942 1184 978 Can.
1201 954 1308 980 nxxx.
1358 943 1457 977 Omni
1471 950 1616 989 tempore
1630 945 1750 978 ieiunii

191 1013 312 1037 manus
318 1003 566 1048 poenitentibus
582 1014 606 1037 a
617 1001 851 1036 sacerdoribus
864 1003 1069 1048 imponatur.
1092 999 1213 1046 Itaque
1229 1010 1308 1035 cum
1325 1000 1369 1034 ab
1386 999 1572 1034 ὕποπτώσει
1588 1000 1631 1035 ad
1647 1010 1749 1047 quar-

196 1062 273 1095 tum
289 1059 446 1095 ordinem
463 1070 502 1094 ac
517 1062 733 1106 postremum
747 1058 956 1105 migrarent,
969 1057 1148 1104 probabile
1165 1061 1218 1092 est
1229 1067 1290 1104 per
1308 1057 1567 1104 impositionem
1583 1068 1750 1095 manuum

193 1117 480 1151 sacramentalem
495 1116 564 1151 illis
580 1115 834 1152 absolutionem
850 1114 1062 1162 impertitam
1075 1113 1209 1150 tuisse:
1243 1113 1365 1160 Neque
1386 1115 1495 1157 enim,
1521 1115 1611 1162 quod
1631 1115 1749 1157 sciam,

193 1173 329 1220 antiqui
343 1183 495 1209 canones
510 1177 592 1220 pest
606 1173 760 1208 σύστασιν
775 1172 1032 1220 poenitentibus
1047 1172 1247 1219 impositam
1264 1183 1341 1207 esse
1356 1171 1573 1218 significant,
1595 1172 1657 1208 sed
1673 1182 1750 1209 eam

193 1231 452 1277 impositionem
475 1241 555 1266 cum
571 1229 766 1265 ὑποπτώσει
789 1230 1016 1276 coniungunt.
1064 1228 1162 1272 Quae
1181 1229 1380 1264 coniectura
1401 1229 1431 1264 si
1446 1230 1502 1264 cni
1516 1229 1662 1265 forsitan
1678 1230 1750 1276 pla-

197 1287 325 1331 cuerit,
349 1287 394 1323 ad
414 1287 582 1323 nonnulla
596 1291 735 1334 patrum
751 1288 829 1323 loca
852 1287 1030 1323 transferri
1054 1286 1377 1334 accommodarique
1398 1288 1542 1334 poterit,
1565 1287 1601 1322 in
1624 1287 1750 1333 quibus

193 1345 409 1392 poenitentia
424 1344 500 1380 sine
515 1345 758 1381 communione
774 1345 876 1380 certis
893 1344 1134 1391 peccatoribus
1155 1354 1321 1379 concessa
1341 1344 1480 1391 legitur.
1526 1343 1572 1380 Ut
1594 1355 1673 1379 cum
1697 1344 1751 1379 In-

196 1402 379 1437 nocentius
394 1412 487 1449 papa
501 1402 629 1446 scribit,
647 1402 729 1438 olim
745 1402 800 1444 iis,
816 1402 877 1448 qui
891 1402 1208 1437 reconciliationem
1224 1402 1290 1436 sub
1304 1405 1499 1438 extremum
1510 1406 1650 1448 tenipus
1661 1402 1751 1436 vitae

195 1459 438 1506 postulabant,
462 1462 592 1506 negata
614 1459 876 1502 communione,
899 1469 1103 1495 concessam
1126 1469 1203 1493 esse
1224 1459 1484 1506 poenitentiam.
1531 1458 1619 1495 Nam
1634 1459 1752 1506 poeni-

194 1517 325 1551 tentiae
340 1516 481 1553 nomine
497 1517 757 1552 sacramentalis
774 1517 947 1552 absolutio
966 1520 1082 1562 potest
1101 1516 1250 1562 intelligi
1272 1526 1378 1562 quam
1397 1517 1484 1552 citra
1499 1516 1665 1552 dominici
1678 1527 1751 1552 cor-

195 1574 291 1621 poris
307 1573 607 1621 paiticipationem
622 1574 892 1621 impetraverint.
934 1573 1127 1620 Cyprianus
1150 1574 1293 1620 insuper
1315 1573 1423 1620 Epist.
1443 1585 1504 1616 η,
1527 1580 1606 1609 ante
1628 1581 1751 1616 actam,

197 1631 328 1678 inquit,
342 1633 598 1678 poenitentiam,
623 1638 701 1667 ante
716 1631 979 1677 exhomoloqeein
993 1633 1193 1676 gravissimi
1213 1636 1312 1676 atque
1327 1634 1468 1665 ert-remi
1481 1633 1751 1677 delictisacwm,

199 1694 278 1724 ante
293 1700 427 1723 manum
443 1689 489 1724 ab‘
504 1691 659 1735 episcopo
675 1693 709 1723 et
722 1689 812 1723 clero
826 1691 863 1723 in
875 1690 1117 1734 poenitentiam
1133 1691 1334 1734 impositam.
1380 1687 1433 1723 lbi
1455 1688 1670 1735 poenitentia
1690 1698 1751 1735 pro

199 1745 416 1781 absolutione
438 1745 597 1793 usurpari
611 1745 755 1788 videtur,
779 1749 819 1781 ut
841 1749 876 1780 et
898 1745 981 1780 alibi
1003 1745 1151 1792 passim,
1176 1746 1311 1791 quoties
1336 1745 1378 1780 de
1400 1738 1683 1782 reconciliatione
1703 1747 1752 1782 lo-

199 1813 309 1850 quens
324 1803 368 1838 iis
383 1802 498 1838 verbis
512 1802 632 1845 utitur,
648 1815 750 1838 manu
766 1805 802 1837 in
814 1805 1057 1849 poenitentiam
1071 1805 1242 1849 imposita.
1280 1803 1450 1845 Quocirca
1463 1804 1500 1838 in
1515 1803 1586 1838 fine
1600 1805 1656 1847 τῆς
1673 1802 1752 1838 ὑκο-

201 1858 357 1900 πτώοεως
377 1859 513 1895 fortean
535 1870 661 1895 manus
682 1860 719 1895 in
741 1860 993 1907 poenitentiam
1009 1860 1174 1907 imposita
1187 1859 1269 1903 fuit,
1291 1859 1357 1895 hoc
1378 1864 1433 1895 est
1448 1860 1620 1896 absolutio
1635 1871 1753 1896 recon-

200 1917 402 1964 ciliatioqne
415 1917 495 1952 data
510 1917 784 1963 poenitentibus,
801 1917 852 1952 sic
867 1921 906 1952 ut
920 1917 1091 1964 tantisper
1105 1928 1127 1952 a
1142 1917 1316 1963 mysteriis
1333 1917 1557 1954 abstinerent.

289 1974 416 2010 Verum
432 1985 477 2008 ne
492 1973 572 2009 huic
589 1975 807 2010 coniecturae
822 1975 970 2010 nimium
993 1974 1181 2017 confidam,
1206 1985 1313 2009 unum
1335 1974 1421 2010 illud
1444 1974 1528 2011 facit
1549 1975 1642 2022 quod
1657 1979 1752 2011 vetu-

200 2031 344 2067 stissimi
366 2035 498 2078 patres,
522 2032 763 2078 imprimisque
787 2032 979 2078 Cyprianus
1003 2036 1083 2078 post
1111 2032 1373 2078 exomologesin
1397 2036 1658 2079 extremamque
1681 2044 1752 2068 ma-

198 2092 307 2124 nu'um
329 2088 587 2135 impositionem
612 2089 728 2124 statim
750 2089 794 2124 ad
815 2090 1060 2135 mysteriorum
1082 2090 1363 2125 communionem
1387 2090 1442 2124 ius
1457 2089 1621 2125 habuisse
1637 2092 1753 2137 poeni-

198 2148 311 2181 tentes
326 2157 396 2181 non
414 2146 559 2181 obscure
576 2146 826 2182 demonstrant.
850 2146 909 2182 Sic
923 2147 959 2181 in
978 2146 1084 2194 Epist.
1098 2158 1131 2182 x.
1149 2147 1193 2181 ad
1206 2145 1362 2182 Clerum:
1380 2147 1473 2182 Num
1485 2159 1558 2182 cum
1571 2151 1606 2182 in
1618 2151 1753 2182 minori-

201 2202 260 2237 bus
277 2205 434 2249 peccatis
453 2202 634 2250 (Cypriani
656 2204 761 2239 verba
782 2205 878 2250 sunt)
903 2211 1012 2250 ayant
1025 2210 1229 2251 peccatores
1239 2208 1481 2251 poenitentiam
1498 2208 1583 2240 iusto
1599 2211 1753 2251 tempore,

201 2266 234 2295 et
245 2261 424 2295 secandum
441 2262 646 2307 disciptinae
661 2263 810 2296 ordinem
827 2263 877 2296 ad
891 2263 1132 2308 exomoloqesin
1147 2265 1300 2303 veniant,
1318 2268 1351 2296 et
1359 2274 1426 2308 per
1441 2274 1560 2296 manus
1573 2265 1754 2308 impositio-

201 2329 273 2352 nem
297 2319 447 2364 episc-opi
469 2323 502 2352 et
524 2319 609 2352 cleri
630 2321 683 2352 ius
708 2321 1018 2354 communicationis
1041 2321 1237 2365 accipiant,
1261 2331 1348 2353 nunc
1365 2320 1470 2353 crudo
1495 2326 1657 2365 tempore,
1673 2332 1753 2366 per-

200 2377 367 2409 secutione
383 2374 497 2410 adhuc
504 2381 759 2421 perseverante,
777 2377 919 2410 nondum
932 2379 1090 2410 restituta
1104 2377 1266 2410 ecclesiae
1278 2378 1386 2422 ipsius
1392 2388 1500 2422 pace,
1517 2378 1567 2411 ad
1578 2380 1753 2412 commum·-

202 2433 366 2466 cationem
382 2433 614 2473 admittuntur,
631 2439 664 2466 et
678 2434 820 2478 offertur
835 2445 949 2467 nomen
965 2444 1093 2474 eorum,
1117 2439 1150 2466 et
1169 2434 1310 2467 nondum
1331 2435 1538 2478 poenitentia
1556 2441 1653 2476 acta,
1676 2447 1753 2470 non·

203 2489 279 2524 dum
296 2489 637 2535 exoneoloqesifacta,
655 2490 796 2523 nondum
809 2502 910 2524 manu
923 2492 972 2524 eis
984 2490 1027 2524 ab
1041 2492 1198 2535 episcopo
1210 2496 1242 2524 et
1253 2491 1342 2524 clero
1353 2492 1527 2535 imposita,
1544 2491 1754 2527 eucharistia

201 2545 273 2580 illis
288 2547 402 2582 (lawr.
442 2545 535 2581 Idem
552 2546 675 2592 repetit
691 2545 797 2592 Epist.
812 2557 860 2581 x1.
878 2557 918 2581 ac
935 2558 996 2581 ιιι.
1014 2550 1048 2580 et
1065 2547 1239 2581 sexcentis
1256 2546 1334 2580 aliis
1350 2547 1446 2581 locis.
1493 2547 1545 2582 Ex
1563 2549 1689 2595 quibus
1705 2549 1754 2584 ef-

202 2601 327 2645 ficitur,
349 2602 489 2638 nonnisi
513 2606 652 2649 peracta
675 2603 904 2649 poenitentia,
933 2605 966 2637 et
993 2603 1058 2638 sub
1085 2603 1191 2638 finem
1220 2601 1404 2643 συστάσεως
1427 2609 1637 2650 postremam
1659 2607 1754 2642 illam

203 2668 371 2694 manuum
391 2660 665 2706 impositionem,
690 2671 759 2706 qua
787 2660 1043 2694 sacramentalis
1068 2660 1240 2694 absolutio
1267 2661 1516 2704 continebatur,
1538 2664 1754 2709 poenitentes

207 2715 408 2752 obtinuisse.
446 2716 539 2752 Nihil
563 2717 655 2751 enim
677 2717 768 2751 inter
788 2727 909 2762 pacem
935 2720 969 2751 et
983 2717 1298 2752 reconciliationem
1322 2729 1362 2753 ac
1382 2719 1627 2764 mysteriorum
1650 2722 1755 2768 parti-

207 2771 429 2818 cipandorum
443 2774 499 2809 ius
521 2773 810 2819 interponendum
827 2773 969 2816 videtur,
991 2778 1026 2808 et
1046 2779 1228 2820 utrumque
1251 2776 1503 2811 communionis
1524 2779 1754 2824 appellatione

208 2828 516 2875 comprehenditur.
539 2831 601 2866 Hic
618 2831 725 2877 igitur
737 2829 864 2876 ἐπέχω,
883 2831 992 2876 deque
1009 2842 1050 2866 ea
1066 2843 1101 2866 re
1119 2831 1297 2867 doctorum
1312 2836 1347 2868 et
1362 2824 1578 2880 antiquitatis
1594 2836 1754 2871 ecclesia-

209 2885 314 2920 sticae
331 2887 564 2923 consultorum
581 2887 761 2923 hominum
777 2887 944 2922 iudicium
961 2892 1117 2935 expecto.

293 2939 340 2978 N.
359 2954 381 2978 r.
413 2938 518 2986 Οὗτος
535 2943 552 2979 ὃ
569 2945 745 2990 Ναβᾶτος.]
788 2945 838 2979 De
854 2943 980 2980 Novati
997 2950 1030 2981 et
1045 2945 1227 2982 Novatiani
1242 2947 1439 2984 discrimine
1455 2953 1570 2985 actum
1588 2954 1641 2985 est
1655 2951 1752 2986 initio

210 2999 581 3048 superiorisdiatribae.
610 3002 684 3045 Quo
698 3008 852 3049 tempore
864 3013 963 3047 vere,
980 3003 1138 3050 quisquis
1153 3004 1211 3039 ille
1224 3008 1293 3048 est,
1309 3004 1461 3042 haeresis
1477 3012 1577 3043 autor
1592 3008 1753 3051 extiterit,

1809 1887 1815 1895 .
1828 1869 1886 1897 25³.
