2008 3294
1361 227 1381 245 ,δ
1432 187 1679 226 camur

129 298 337 338 censentur:
347 286 519 333 Eitenim
534 295 579 331 ad
595 295 760 331 Orontem
777 304 862 337 una,
879 293 987 328 altera
1002 293 1046 328 ad
1061 293 1278 340 Euphraten,
1294 284 1371 334 8131
1374 291 1415 331 h
1429 292 1566 336 Cilicia,
1583 296 1622 327 ut
1636 293 1678 327 de

130 353 277 400 reliquis*
285 353 419 394 dham.

219 406 373 452 Ecum<
389 407 593 454 ἐπίσκοπος]
635 410 712 445 Non
729 409 835 444 alium
851 409 973 455 opinor
987 418 1063 443 esse
1080 418 1184 454 qnam
1202 407 1464 444 Antiochenam.
1507 408 1570 442 Hic
1586 407 1679 442 enim

129 468 350 503 coniunctam
365 477 446 503 cum
461 467 587 502 Acacio
604 477 762 502 caussam
779 465 916 508 habuit,
939 476 1018 500 cum
1043 476 1153 511 eoque
1176 466 1211 500 in
1228 465 1441 500 Seleuciensi
1464 468 1635 500 conventu
1657 474 1678 500 a

130 524 351 560 Samiarianis
367 525 404 560 in
426 524 581 560 ordinem
603 524 762 559 redactus
790 522 942 558 vicissim
965 522 1043 557 illos
1067 523 1103 556 in
1124 522 1508 569 Constantinopolitano
1533 522 1677 557 concilio

129 582 285 629 perculit.
316 581 385 616 Sed
407 582 438 616 si
460 582 490 616 is
513 584 582 624 est,
603 582 730 616 mirum
745 580 859 624 valde,
883 579 1056 626 quomodo
1072 591 1142 614 non
1159 583 1239 626 post
1256 579 1446 626 Georgium
1462 579 1585 614 saltem
1600 579 1678 613 Ale-

129 639 337 674 xandrinum
352 639 604 685 subscripserit,
622 639 681 685 qui
695 638 816 686 utique
831 639 911 673 ante
927 637 1111 672 orientales
1128 641 1162 672 et
1177 636 1284 683 Syros
1301 637 1482 684 episcopos
1498 637 1678 672 nominan·
1735 661 1741 667 .
1806 661 1812 668 .

130 696 194 732 dus
210 696 286 732 fuit.

219 750 422 800 Παγκράτιος
439 751 618 793 ἐπίσποπος
634 751 847 798 Πηλουσίου.]
894 750 961 795 Qui
983 755 1019 787 et
1033 748 1214 787 Sirmiensi
1236 751 1355 787 tertiae
1378 751 1585 798 professioni
1600 762 1678 786 cum

130 811 264 854 Marco,
279 809 411 846 Basilio
428 821 468 845 ac
485 810 628 846 caeteris
644 810 904 857 subscripserat.

218 867 261 904 N.
279 879 388 904 xxvn.
420 866 461 902 Oi
476 869 636 914 νουνεχεῖς
652 867 798 912 teuit-nm]
827 866 953 903 Variae
975 868 1058 903 sunt
1079 866 1123 901 ab
1139 866 1276 901 Arianis
1298 866 1443 901 diversis
1465 866 1679 912 temporibus

130 925 241 960 editae
257 924 490 971 professiones
505 924 602 967 fidei,
619 935 764 971 quarum
779 935 906 959 novem
921 924 1062 961 omuino
1079 923 1122 958 ad
1135 922 1554 970 Constantinopolitanum
1570 934 1679 969 usquo

131 982 414 1026 conciliabulum,
439 982 530 1029 quod
546 992 567 1016 a
582 981 794 1017 Seleuciensi
809 981 966 1028 proxime
981 985 1035 1016 est
1049 981 1224 1023 habitum,
1249 985 1402 1016 recenset
1418 980 1594 1024 Socrates,
1619 980 1679 1015 sed

130 1043 165 1074 et
181 1038 388 1075 Athanasius
408 1039 466 1075 lib.
484 1039 525 1075 de
541 1038 683 1084 Synod„
699 1049 742 1074 ex
767 1049 835 1085 quo
858 1042 975 1074 tamen
999 1038 1118 1074 decem
1143 1038 1362 1084 colliguntur.
1397 1037 1491 1080 Quas
1515 1037 1578 1072 hoc
1603 1038 1679 1072 loco

131 1097 301 1143 attingam
317 1097 476 1132 breviter.

219 1154 339 1189 Prima
359 1153 441 1189 fidei
462 1150 583 1193 ἔκθεσις
600 1152 801 1189 Antiochiae
825 1153 1068 1189 encaeniorum
1091 1156 1245 1200 tempore
1269 1153 1399 1200 scripta
1421 1152 1620 1188 Marcellino
1645 1156 1679 1187 et

130 1211 278 1246 Probino
294 1221 383 1246 coss.
399 1221 430 1245 a.
444 1220 584 1246 cccxu.
602 1211 662 1246 ubi
678 1210 720 1246 de
735 1209 831 1258 οὐσίᾳ
845 1211 991 1246 verbum
1006 1211 1151 1246 nullum.

218 1268 376 1303 Secunda
390 1268 426 1303 in
443 1267 564 1303 eodem
575 1267 805 1303 conciliabulo
821 1267 926 1311 edita,
942 1268 1047 1314 paulo
1059 1268 1207 1314 longior,
1223 1268 1284 1303 nbi
1296 1267 1407 1303 filium
1427 1270 1586 1314 μονογενῆ
1607 1267 1678 1301 θεὸν

131 1336 170 1360 ac
186 1327 242 1370 τῆς
259 1324 369 1366 οὐσίας
382 1323 489 1360 εἰκόνα
502 1325 734 1360 nominarunt.
1486 1359 1516 1378 u

225 1383 341 1418 Tertia
367 1381 495 1423 ibidem
518 1393 540 1417 a
561 1380 800 1429 Theophronio
825 1383 1034 1431 conscripta,
1063 1393 1152 1429 quae
1176 1387 1210 1419 et
1233 1382 1343 1424 οὐσίας
1367 1381 1574 1418 vocabulum
1599 1393 1677 1428 sup-

130 1439 256 1486 primit.

224 1497 359 1538 Quarta
374 1507 504 1543 paucos
519 1500 600 1544 post
613 1508 751 1532 menses
767 1507 828 1544 per
842 1496 1060 1541 Narcissum,
1083 1498 1226 1540 Maxim,
1250 1498 1405 1544 aliosque
1428 1497 1464 1532 in
1482 1496 1612 1532 Gallias
1634 1495 1677 1530 ad

131 1554 357 1589 Constantem
378 1554 495 1590 missa.
541 1554 581 1589 In
596 1553 662 1590 hac
678 1554 833 1590 damnati
849 1555 909 1601 qui
924 1554 1076 1590 dicerent
1091 1553 1123 1595 ἐξ
1139 1554 1199 1589 οὐκ
1216 1551 1319 1589 ὄντων
1335 1555 1391 1588 τὀν
1408 1553 1486 1598 ὑιὸν,
1510 1554 1530 1596 ἢ
1555 1552 1588 1592 ἐξ
1611 1551 1677 1586 ἑτέ-

132 1624 188 1659 ρας
205 1609 432 1657 ὑποστάσεως,
457 1610 510 1646 καὶ
532 1610 577 1657 μὴ
597 1609 632 1646 ἐκ
648 1614 706 1646 τοῦ
723 1611 797 1646 θεοῦ
813 1611 975 1658 γενέσθαι,
999 1616 1060 1647 aut
1080 1612 1190 1648 fuisse
1213 1611 1397 1658 aliquando
1420 1614 1573 1656 tempus,
1597 1621 1678 1644 cum

130 1680 200 1704 non
216 1672 318 1706 esset.
1199 1662 1201 1667 ’

223 1726 350 1766 Quinta
365 1729 445 1773 post
457 1725 644 1762 triennium
660 1726 696 1761 in
711 1725 847 1761 Italiam
862 1726 971 1761 missa
987 1726 1223 1774 μακρόστιχος,
1248 1723 1313 1759 hoc
1335 1728 1390 1759 est
1407 1725 1545 1771 longior
1561 1726 1676 1772 appel-

130 1784 210 1820 lata.
257 1782 369 1826 Quam
390 1783 528 1830 quidem
542 1782 744 1819 Antiochiae
766 1786 965 1818 contextam
985 1784 1021 1818 in
1044 1782 1225 1819 annalibus
1246 1782 1390 1828 reperio.
1437 1781 1506 1817 Sed
1529 1781 1594 1817 hoc
1618 1793 1676 1817 ne-

130 1851 196 1887 que
226 1840 387 1876 Socrates
414 1850 455 1876 ac
482 1839 696 1876 Sozomenus
725 1851 836 1887 neque
858 1839 1067 1876 Athanasius
1095 1838 1258 1874 referunt.
1310 1839 1350 1874 In
1381 1849 1450 1886 qua
1478 1841 1533 1882 τῆς
1565 1838 1676 1878 οὐσίας

130 1898 259 1933 mentio
282 1897 389 1933 nulla.
1107 1895 1112 1898 ’

199 1983 201 1985 .
218 1954 321 1990 Sexta
341 1954 378 1989 in
399 1955 542 1990 concilio
563 1954 746 1990 Sirmiensi
767 1957 887 1991 contra
901 1953 1085 1990 Pbotinum
1107 1952 1199 1988 edita
1221 1963 1312 1989 anno
1330 1963 1458 1996 eccm„
1483 1953 1524 1989 de
1548 1964 1618 1999 qua
1640 1954 1676 1988 in

131 2011 363 2059 superioribus
379 2011 516 2047 abunde
532 2011 662 2047 dictum
678 2015 740 2047 est.

219 2067 368 2115 Septima
383 2068 500 2104 Sirmii
515 2079 606 2104 anno
623 2079 778 2106 cccnvrr.
795 2068 914 2104 Latine
930 2067 1059 2114 scripta
1074 2071 1142 2110 est,
1159 2067 1202 2102 de
1218 2078 1303 2114 qna,
1320 2070 1359 2102 ut
1374 2071 1410 2103 et
1425 2067 1467 2103 de

223 2125 370 2170 Octava,
385 2135 473 2173 quae
485 2125 678 2162 Ariminum
693 2126 825 2173 perlata
839 2128 893 2160 est
907 2124 1170 2171 conscriptaque
1187 2136 1278 2160 auno
1296 2135 1455 2167 cccux„
1471 2125 1556 2160 satis
1572 2129 1674 2160 antea

131 2182 390 2229 disputavimus.

220 2239 322 2275 Nona
337 2243 392 2276 est
406 2240 579 2277 Acaciana
592 2239 767 2276 Seleuciae
782 2239 976 2286 proposita,
998 2249 1103 2285 quam
1124 2250 1203 2275 cum
1219 2239 1399 2275 Sirmiensi
1414 2239 1515 2276 tertia
1530 2250 1674 2276 consen-

130 2297 195 2332 tire
209 2300 346 2333 autores
359 2297 453 2333 illius
469 2301 637 2333 asserunt.

221 2354 365 2390 Decima
379 2353 678 2400 Constantinopoli
692 2353 736 2388 ab
753 2346 893 2395 Acacio,
908 2353 1085 2396 Eudoxio,
1101 2353 1247 2400 aliisque
1263 2352 1422 2389 conflata.
1450 2353 1546 2396 Quae
1563 2353 1673 2393 οὐσίας

131 2414 165 2446 et
180 2409 387 2452 ὑποστάσεως
401 2412 542 2447 nomine
557 2410 816 2445 commemorari
830 2413 939 2454 vetat,
963 2410 1113 2445 similem
1135 2414 1252 2445 tamen
1274 2411 1364 2456 patri
1386 2410 1496 2446 filium
1520 2422 1597 2445 esse
1617 2411 1674 2446 de·

129 2467 216 2504 finit.
261 2467 322 2503 His
344 2470 550 2504 undecimam
575 2466 668 2502 addit
685 2465 898 2502 Athanasius
914 2466 1117 2502 Antiochiae
1134 2467 1183 2502 ab
1207 2467 1330 2502 iisdem
1352 2467 1430 2502 istis
1451 2467 1673 2514 publicatam,

130 2525 190 2560 ubi
204 2525 414 2572 superiorem
429 2525 668 2566 emendarunt,
691 2533 732 2558 ac
748 2523 952 2559 dissimilem
966 2524 1074 2570 patris
1089 2523 1200 2559 filium
1216 2523 1376 2559 audacter
1391 2525 1672 2571 pronuncia-unt.

130 2580 227 2616 Unde
242 2582 409 2618 Anomoei
424 2586 459 2618 et
473 2581 690 2622 Ἐξουκόντιοι
706 2580 871 2627 appellari
888 2585 1085 2627 coeperunt.

219 2637 260 2674 N.
276 2651 393 2674 xxxiv.
424 2637 485 2672 Καὶ
501 2638 627 2684 νύκτωρ
645 2636 882 2683 φυγαδεύεται.]
919 2636 981 2671 Bis
998 2636 1181 2672 Antiochia
1194 2637 1316 2683 pulsus
1333 2640 1387 2672 est
1401 2638 1572 2674 Meletius.
1601 2639 1672 2675 Pri-

133 2703 228 2729 mum
243 2705 264 2729 a
279 2695 494 2738 Constantio,
518 2694 610 2741 quod
625 2694 792 2729 Arianum
807 2693 936 2740 dogma
951 2694 1111 2736 minime,
1135 2693 1187 2728 uti
1201 2705 1280 2740 spes
1297 2698 1384 2737 erat,
1404 2695 1544 2731 foveret.
1589 2695 1673 2732 Inde

134 2760 156 2784 a
170 2750 321 2788 Valente.
366 2751 454 2787 Nam
469 2752 534 2787 sub
549 2751 692 2786 Ioviano
709 2749 911 2785 Antiochiae
928 2750 1112 2785 concilium
1128 2749 1265 2794 habuit,
1289 2751 1324 2786 in
1348 2763 1418 2798 qno
1432 2753 1673 2788 Macedoniani

134 2810 169 2841 et
183 2807 342 2843 Acaciani
354 2807 542 2844 Nicaenam
564 2808 669 2843 fidem
693 2807 845 2853 amplexi
868 2810 960 2842 sunt.
991 2806 1152 2842 Socrates
1167 2807 1227 2843 lib.
1241 2819 1293 2844 m.
1311 2819 1384 2855 cap.
1397 2821 1470 2847 ιιι.
1513 2810 1597 2846 Post
1618 2811 1671 2845 Io-

133 2864 227 2899 viani
249 2863 379 2899 obitum
401 2875 423 2900 a
441 2865 585 2902 Valente
607 2866 791 2910 relegatur,
818 2867 857 2898 ut
879 2863 970 2898 idem
991 2864 1052 2899 lib.
1072 2876 1116 2899 iv.
1141 2874 1215 2910 cap.
1234 2877 1271 2901 ιι.
1296 2866 1488 2914 caeterique
1510 2867 1670 2914 produnt.

135 2919 362 2962 Quamobrem
378 2922 470 2967 quod
483 2922 603 2958 scribit
617 2920 848 2968 Epiphanius,
871 2919 932 2960 ἕως
948 2920 1065 2954 τούτου
1081 2923 1140 2954 τοῦ
1156 2921 1294 2968 χρόνον,
1318 2933 1391 2959 non
1408 2919 1461 2959 >sic
1477 2924 1670 2970 intelligen-

136 2977 218 3012 dum
233 2980 302 3020 est,
323 2980 363 3012 ut
381 2982 582 3025 perpetuum
598 2989 620 3014 a
634 2977 828 3014 Constantii
843 2981 998 3023 tempore
1012 2977 1115 3014 fuerit
1130 2978 1282 3014 exilium.
1313 2979 1364 3016 De
1377 2976 1519 3023 metio
1535 2992 1616 3017 vero
1632 2991 1672 3015 ac

202 3045 286 3078 Com.
297 3045 461 3074 nuere-001.
472 3047 522 3075 m.
1373 3049 1401 3083 Τ
