<?xml version="1.0" encoding="UTF-8"?>
<!DOCTYPE html PUBLIC "-//W3C//DTD XHTML 1.0 Transitional//EN"
    "http://www.w3.org/TR/xhtml1/DTD/xhtml1-transitional.dtd">
<html xmlns="http://www.w3.org/1999/xhtml" xml:lang="en" lang="en">
 <head>
  <title>
</title>
<meta http-equiv="Content-Type" content="text/html;charset=utf-8" />
  <meta name='ocr-system' content='tesseract 3.04.00' />
  <meta name='ocr-capabilities' content='ocr_page ocr_carea ocr_par ocr_line ocrx_word'/>
</head>
<body>
  <div class='ocr_page' id='page_1' title='image "./corporishaereseo03epip_0335.png"; bbox 0 0 2008 3294; ppageno 0'>
   <div class='ocr_carea' id='block_1_1' title="bbox 1575 241 1694 279">
    <p class='ocr_par' dir='ltr' id='par_1_1' title="bbox 1575 241 1694 279">
     <span class='ocr_line' id='line_1_1' title="bbox 1575 241 1694 279; baseline 0 0"><span class='ocrx_word' id='word_1_1' title='bbox 1575 241 1694 279; x_wconf 82' lang='lat' dir='ltr'>CCVII</span> 
     </span>
    </p>
   </div>
   <div class='ocr_carea' id='block_1_2' title="bbox 149 347 1701 1416">
    <p class='ocr_par' dir='ltr' id='par_1_2' title="bbox 149 347 1698 857">
     <span class='ocr_line' id='line_1_2' title="bbox 150 347 1694 400; baseline -0.005 -11"><span class='ocrx_word' id='word_1_2' title='bbox 150 353 308 397; x_wconf 85' lang='lat' dir='ltr'><strong><em>historia,</em></strong></span> <span class='ocrx_word' id='word_1_3' title='bbox 330 350 372 388; x_wconf 85' lang='lat' dir='ltr'><strong><em>de</em></strong></span> <span class='ocrx_word' id='word_1_4' title='bbox 387 362 456 400; x_wconf 82' lang='lat' dir='ltr'><strong><em>qua</em></strong></span> <span class='ocrx_word' id='word_1_5' title='bbox 471 351 628 398; x_wconf 87' lang='lat' dir='ltr'><strong><em>superius</em></strong></span> <span class='ocrx_word' id='word_1_6' title='bbox 645 351 855 386; x_wconf 88' lang='lat' dir='ltr'><strong><em>mentionem</em></strong></span> <span class='ocrx_word' id='word_1_7' title='bbox 871 349 1024 396; x_wconf 77' lang='lat' dir='ltr'>egimus,</span> <span class='ocrx_word' id='word_1_8' title='bbox 1047 348 1166 383; x_wconf 84' lang='lat' dir='ltr'><strong>scribit</strong></span> <span class='ocrx_word' id='word_1_9' title='bbox 1186 348 1357 395; x_wconf 88' lang='lat' dir='ltr'><strong><em>optimum</em></strong></span> <span class='ocrx_word' id='word_1_10' title='bbox 1378 347 1476 383; x_wconf 89' lang='lat' dir='ltr'><strong><em>illum</em></strong></span> <span class='ocrx_word' id='word_1_11' title='bbox 1499 357 1619 382; x_wconf 89' lang='lat' dir='ltr'><strong><em>senem</em></strong></span> <span class='ocrx_word' id='word_1_12' title='bbox 1635 357 1694 393; x_wconf 83' lang='lat' dir='ltr'><strong><em>ap-</em></strong></span> 
     </span>
     <span class='ocr_line' id='line_1_3' title="bbox 149 401 1694 458; baseline -0.006 -12"><span class='ocrx_word' id='word_1_13' title='bbox 149 411 400 458; x_wconf 83' lang='lat' dir='ltr'><strong><em>propinquante</em></strong></span> <span class='ocrx_word' id='word_1_14' title='bbox 422 409 494 445; x_wconf 87' lang='lat' dir='ltr'><strong><em>iam</em></strong></span> <span class='ocrx_word' id='word_1_15' title='bbox 517 409 613 444; x_wconf 89' lang='lat' dir='ltr'><strong><em>obitu</em></strong></span> <span class='ocrx_word' id='word_1_16' title='bbox 636 419 782 456; x_wconf 85' lang='lat' dir='ltr'><strong><em>puerum</em></strong></span> <span class='ocrx_word' id='word_1_17' title='bbox 806 407 850 443; x_wconf 87' lang='lat' dir='ltr'><strong><em>ad</em></strong></span> <span class='ocrx_word' id='word_1_18' title='bbox 869 406 1109 454; x_wconf 76' lang='lat' dir='ltr'><strong><em>presbyterum</em></strong></span> <span class='ocrx_word' id='word_1_19' title='bbox 1132 406 1280 440; x_wconf 79' lang='lat' dir='ltr'><strong>misisse.</strong></span> <span class='ocrx_word' id='word_1_20' title='bbox 1320 403 1475 448; x_wconf 83' lang='grc' dir='ltr'><strong>Ἐντολῆς</strong></span> <span class='ocrx_word' id='word_1_21' title='bbox 1491 403 1527 438; x_wconf 64' lang='lat' dir='ltr'><strong><em>a}</em></strong></span> <span class='ocrx_word' id='word_1_22' title='bbox 1542 401 1597 438; x_wconf 71' lang='grc' dir='ltr'><strong><em>ὑπ’</em></strong></span> <span class='ocrx_word' id='word_1_23' title='bbox 1614 401 1694 450; x_wconf 71' lang='grc' dir='ltr'><strong>ἐμοῦ</strong></span> 
     </span>
     <span class='ocr_line' id='line_1_4' title="bbox 151 459 1694 514; baseline -0.005 -12"><span class='ocrx_word' id='word_1_24' title='bbox 151 466 340 514; x_wconf 73' lang='grc' dir='ltr'><strong>διδομένης,</strong></span> <span class='ocrx_word' id='word_1_25' title='bbox 361 465 436 507; x_wconf 76' lang='grc' dir='ltr'><strong>τοὺς</strong></span> <span class='ocrx_word' id='word_1_26' title='bbox 457 464 767 512; x_wconf 76' lang='grc' dir='ltr'>ἀπαλλαττομένους</span> <span class='ocrx_word' id='word_1_27' title='bbox 788 466 846 500; x_wconf 80' lang='grc' dir='ltr'><strong>τοῦ</strong></span> <span class='ocrx_word' id='word_1_28' title='bbox 868 462 956 510; x_wconf 83' lang='grc' dir='ltr'><strong>βίου,</strong></span> <span class='ocrx_word' id='word_1_29' title='bbox 980 460 1007 497; x_wconf 83' lang='grc' dir='ltr'><strong><em>εἰ</em></strong></span> <span class='ocrx_word' id='word_1_30' title='bbox 1029 462 1169 506; x_wconf 83' lang='grc' dir='ltr'><strong>δέοιντο,</strong></span> <span class='ocrx_word' id='word_1_31' title='bbox 1194 461 1247 496; x_wconf 72' lang='grc' dir='ltr'><strong><em>καὶ</em></strong></span> <span class='ocrx_word' id='word_1_32' title='bbox 1269 460 1411 509; x_wconf 82' lang='grc' dir='ltr'><strong>μάλιστα</strong></span> <span class='ocrx_word' id='word_1_33' title='bbox 1427 459 1454 496; x_wconf 78' lang='grc' dir='ltr'><strong><em>εἰ</em></strong></span> <span class='ocrx_word' id='word_1_34' title='bbox 1468 461 1522 496; x_wconf 69' lang='grc' dir='ltr'><strong><em>καὶ</em></strong></span> <span class='ocrx_word' id='word_1_35' title='bbox 1537 461 1694 508; x_wconf 77' lang='grc' dir='ltr'><strong>πρότερον</strong></span> 
     </span>
     <span class='ocr_line' id='line_1_5' title="bbox 150 517 1696 570; baseline -0.003 -12"><span class='ocrx_word' id='word_1_36' title='bbox 150 523 360 564; x_wconf 63' lang='lat' dir='ltr'><strong><em>tumorem-e&lt;</em></strong></span> <span class='ocrx_word' id='word_1_37' title='bbox 375 523 514 570; x_wconf 75' lang='grc' dir='ltr'><strong>τύχοιεν,</strong></span> <span class='ocrx_word' id='word_1_38' title='bbox 532 521 695 569; x_wconf 71' lang='grc' dir='ltr'>ἀφίεσθαι,</span> <span class='ocrx_word' id='word_1_39' title='bbox 709 522 764 556; x_wconf 80' lang='grc' dir='ltr'><strong><em>ἵνα</em></strong></span> <span class='ocrx_word' id='word_1_40' title='bbox 779 520 941 560; x_wconf 73' lang='grc' dir='ltr'>εὐέλπιδες</span> <span class='ocrx_word' id='word_1_41' title='bbox 958 517 1247 553; x_wconf 77' lang='grc' dir='ltr'><strong>ἇπαλλάττωνταιε</strong></span> <span class='ocrx_word' id='word_1_42' title='bbox 1269 519 1436 555; x_wconf 83' lang='lat' dir='ltr'><strong><em>Mandata</em></strong></span> <span class='ocrx_word' id='word_1_43' title='bbox 1453 532 1476 554; x_wconf 90' lang='lat' dir='ltr'><strong><em>a</em></strong></span> <span class='ocrx_word' id='word_1_44' title='bbox 1491 531 1557 560; x_wconf 80' lang='lat' dir='ltr'><strong><em>me,</em></strong></span> <span class='ocrx_word' id='word_1_45' title='bbox 1572 518 1696 565; x_wconf 84' lang='lat' dir='ltr'><strong><em>inquit,</em></strong></span> 
     </span>
     <span class='ocr_line' id='line_1_6' title="bbox 151 576 1695 628; baseline -0.005 -12"><span class='ocrx_word' id='word_1_46' title='bbox 151 583 255 624; x_wconf 84' lang='lat' dir='ltr'><strong><em>edito,</em></strong></span> <span class='ocrx_word' id='word_1_47' title='bbox 271 588 309 616; x_wconf 80' lang='lat' dir='ltr'><strong><em>ut</em></strong></span> <span class='ocrx_word' id='word_1_48' title='bbox 322 582 379 628; x_wconf 80' lang='lat' dir='ltr'><strong><em>qui</em></strong></span> <span class='ocrx_word' id='word_1_49' title='bbox 393 592 433 615; x_wconf 77' lang='lat' dir='ltr'><strong><em>ex</em></strong></span> <span class='ocrx_word' id='word_1_50' title='bbox 447 579 514 614; x_wconf 70' lang='lat' dir='ltr'><strong><em>hac</em></strong></span> <span class='ocrx_word' id='word_1_51' title='bbox 531 582 603 614; x_wconf 82' lang='lat' dir='ltr'><strong><em>vita</em></strong></span> <span class='ocrx_word' id='word_1_52' title='bbox 621 581 833 614; x_wconf 73' lang='lat' dir='ltr'><strong><em>discederent</em></strong></span> <span class='ocrx_word' id='word_1_53' title='bbox 844 577 1074 625; x_wconf 81' lang='lat' dir='ltr'><strong><em>(poenitentes</em></strong></span> <span class='ocrx_word' id='word_1_54' title='bbox 1091 576 1222 611; x_wconf 85' lang='lat' dir='ltr'><strong><em>scilicet</em></strong></span> <span class='ocrx_word' id='word_1_55' title='bbox 1237 587 1277 611; x_wconf 87' lang='lat' dir='ltr'><strong><em>ac</em></strong></span> <span class='ocrx_word' id='word_1_56' title='bbox 1292 576 1413 622; x_wconf 85' lang='lat' dir='ltr'><strong><em>lapsi),</em></strong></span> <span class='ocrx_word' id='word_1_57' title='bbox 1437 579 1471 610; x_wconf 75' lang='lat' dir='ltr'><strong><em>ei</em></strong></span> <span class='ocrx_word' id='word_1_58' title='bbox 1489 577 1529 610; x_wconf 84' lang='lat' dir='ltr'><strong><em>id</em></strong></span> <span class='ocrx_word' id='word_1_59' title='bbox 1543 576 1695 622; x_wconf 74' lang='lat' dir='ltr'><strong><em>poemia-</em></strong></span> 
     </span>
     <span class='ocr_line' id='line_1_7' title="bbox 150 634 1695 684; baseline -0.004 -12"><span class='ocrx_word' id='word_1_60' title='bbox 150 644 235 682; x_wconf 81' lang='lat' dir='ltr'><strong><em>rent,</em></strong></span> <span class='ocrx_word' id='word_1_61' title='bbox 252 639 399 684; x_wconf 77' lang='lat' dir='ltr'><strong><em>adeoque</em></strong></span> <span class='ocrx_word' id='word_1_62' title='bbox 412 642 490 671; x_wconf 84' lang='lat' dir='ltr'><strong><em>ante</em></strong></span> <span class='ocrx_word' id='word_1_63' title='bbox 500 638 702 683; x_wconf 77' lang='lat' dir='ltr'><strong><em>suppliciter</em></strong></span> <span class='ocrx_word' id='word_1_64' title='bbox 715 641 900 682; x_wconf 76' lang='lat' dir='ltr'><strong><em>roqasaent,</em></strong></span> <span class='ocrx_word' id='word_1_65' title='bbox 914 634 1175 675; x_wconf 66' lang='lat' dir='ltr'><strong><em>absolverentur,</em></strong></span> <span class='ocrx_word' id='word_1_66' title='bbox 1190 645 1253 679; x_wconf 79' lang='lat' dir='ltr'><strong><em>quo</em></strong></span> <span class='ocrx_word' id='word_1_67' title='bbox 1270 634 1402 668; x_wconf 77' lang='lat' dir='ltr'><strong><em>meliori</em></strong></span> <span class='ocrx_word' id='word_1_68' title='bbox 1412 646 1485 667; x_wconf 73' lang='lat' dir='ltr'><strong><em>cnm</em></strong></span> <span class='ocrx_word' id='word_1_69' title='bbox 1497 645 1557 679; x_wconf 80' lang='lat' dir='ltr'><strong><em>epe</em></strong></span> <span class='ocrx_word' id='word_1_70' title='bbox 1569 635 1695 678; x_wconf 79' lang='lat' dir='ltr'><strong><em>miqra-</em></strong></span> 
     </span>
     <span class='ocr_line' id='line_1_8' title="bbox 151 688 1696 739; baseline -0.004 -9"><span class='ocrx_word' id='word_1_71' title='bbox 151 700 236 732; x_wconf 82' lang='lat' dir='ltr'><strong><em>rent.</em></strong></span> <span class='ocrx_word' id='word_1_72' title='bbox 269 694 445 730; x_wconf 83' lang='lat' dir='ltr'><strong><em>Postremo</em></strong></span> <span class='ocrx_word' id='word_1_73' title='bbox 461 705 540 730; x_wconf 90' lang='lat' dir='ltr'><strong><em>cum</em></strong></span> <span class='ocrx_word' id='word_1_74' title='bbox 556 694 592 728; x_wconf 90' lang='lat' dir='ltr'><strong><em>in</em></strong></span> <span class='ocrx_word' id='word_1_75' title='bbox 610 694 792 739; x_wconf 77' lang='lat' dir='ltr'><strong><em>Ancyrana</em></strong></span> <span class='ocrx_word' id='word_1_76' title='bbox 811 691 942 739; x_wconf 71' lang='lat' dir='ltr'><strong><em>synodo</em></strong></span> <span class='ocrx_word' id='word_1_77' title='bbox 960 702 1034 727; x_wconf 85' lang='lat' dir='ltr'><strong><em>ean.</em></strong></span> <span class='ocrx_word' id='word_1_78' title='bbox 1052 695 1132 726; x_wconf 83' lang='lat' dir='ltr'><strong><em>ante</em></strong></span> <span class='ocrx_word' id='word_1_79' title='bbox 1148 690 1251 725; x_wconf 81' lang='lat' dir='ltr'><strong><em>citato</em></strong></span> <span class='ocrx_word' id='word_1_80' title='bbox 1267 694 1487 737; x_wconf 87' lang='lat' dir='ltr'><strong><em>praeceptum</em></strong></span> <span class='ocrx_word' id='word_1_81' title='bbox 1504 690 1567 733; x_wconf 84' lang='lat' dir='ltr'><strong><em>sit,</em></strong></span> <span class='ocrx_word' id='word_1_82' title='bbox 1583 695 1623 725; x_wconf 89' lang='lat' dir='ltr'><strong><em>ut</em></strong></span> <span class='ocrx_word' id='word_1_83' title='bbox 1636 688 1696 725; x_wconf 85' lang='lat' dir='ltr'><strong><em>bo-</em></strong></span> 
     </span>
     <span class='ocr_line' id='line_1_9' title="bbox 151 747 1698 794; baseline -0.003 -7"><span class='ocrx_word' id='word_1_84' title='bbox 151 751 297 788; x_wconf 86' lang='lat' dir='ltr'><strong><em>micidae</em></strong></span> <span class='ocrx_word' id='word_1_85' title='bbox 318 762 389 787; x_wconf 88' lang='lat' dir='ltr'><strong><em>non</em></strong></span> <span class='ocrx_word' id='word_1_86' title='bbox 410 751 478 786; x_wconf 89' lang='lat' dir='ltr'><strong><em>nisi</em></strong></span> <span class='ocrx_word' id='word_1_87' title='bbox 500 751 565 786; x_wconf 90' lang='lat' dir='ltr'><strong><em>sub</em></strong></span> <span class='ocrx_word' id='word_1_88' title='bbox 588 754 736 786; x_wconf 85' lang='lat' dir='ltr'><strong><em>mortem</em></strong></span> <span class='ocrx_word' id='word_1_89' title='bbox 758 748 1030 791; x_wconf 84' lang='lat' dir='ltr'><strong><em>reconcilientur,</em></strong></span> <span class='ocrx_word' id='word_1_90' title='bbox 1054 752 1261 794; x_wconf 85' lang='lat' dir='ltr'><strong><em>argumento</em></strong></span> <span class='ocrx_word' id='word_1_91' title='bbox 1285 751 1338 782; x_wconf 90' lang='lat' dir='ltr'><strong><em>est</em></strong></span> <span class='ocrx_word' id='word_1_92' title='bbox 1360 747 1442 782; x_wconf 88' lang='lat' dir='ltr'><strong><em>olim</em></strong></span> <span class='ocrx_word' id='word_1_93' title='bbox 1463 759 1507 782; x_wconf 89' lang='lat' dir='ltr'><strong><em>ne</em></strong></span> <span class='ocrx_word' id='word_1_94' title='bbox 1530 747 1566 782; x_wconf 92' lang='lat' dir='ltr'><strong><em>in</em></strong></span> <span class='ocrx_word' id='word_1_95' title='bbox 1586 750 1698 783; x_wconf 85' lang='lat' dir='ltr'><strong><em>morte</em></strong></span> 
     </span>
     <span class='ocr_line' id='line_1_10' title="bbox 151 807 856 857; baseline -0.004 -12"><span class='ocrx_word' id='word_1_96' title='bbox 151 809 290 857; x_wconf 81' lang='lat' dir='ltr'><strong><em>quidem</em></strong></span> <span class='ocrx_word' id='word_1_97' title='bbox 304 819 424 856; x_wconf 97' lang='lat' dir='ltr'><strong><em>pacem</em></strong></span> <span class='ocrx_word' id='word_1_98' title='bbox 440 808 507 843; x_wconf 85' lang='lat' dir='ltr'><strong><em>illis</em></strong></span> <span class='ocrx_word' id='word_1_99' title='bbox 522 807 630 843; x_wconf 84' lang='lat' dir='ltr'><strong><em>fuisse</em></strong></span> <span class='ocrx_word' id='word_1_100' title='bbox 646 817 856 843; x_wconf 86' lang='lat' dir='ltr'><strong><em>concessam.</em></strong></span> 
     </span>
    </p>

    <p class='ocr_par' dir='ltr' id='par_1_3' title="bbox 150 861 1701 1416">
     <span class='ocr_line' id='line_1_11' title="bbox 243 861 1697 910; baseline -0.003 -9"><span class='ocrx_word' id='word_1_101' title='bbox 243 865 312 902; x_wconf 88' lang='lat' dir='ltr'><strong><em>Sed</em></strong></span> <span class='ocrx_word' id='word_1_102' title='bbox 323 865 402 901; x_wconf 86' lang='lat' dir='ltr'><strong><em>huic</em></strong></span> <span class='ocrx_word' id='word_1_103' title='bbox 415 865 596 901; x_wconf 77' lang='lat' dir='ltr'><strong><em>assertioni</em></strong></span> <span class='ocrx_word' id='word_1_104' title='bbox 608 863 764 900; x_wconf 80' lang='lat' dir='ltr'><strong><em>nonnihil</em></strong></span> <span class='ocrx_word' id='word_1_105' title='bbox 775 863 942 910; x_wconf 73' lang='lat' dir='ltr'><strong><em>refragari</em></strong></span> <span class='ocrx_word' id='word_1_106' title='bbox 950 862 1095 905; x_wconf 82' lang='lat' dir='ltr'><strong><em>videtur,</em></strong></span> <span class='ocrx_word' id='word_1_107' title='bbox 1110 861 1202 909; x_wconf 88' lang='lat' dir='ltr'><strong><em>quod</em></strong></span> <span class='ocrx_word' id='word_1_108' title='bbox 1213 861 1248 896; x_wconf 90' lang='lat' dir='ltr'><strong><em>in</em></strong></span> <span class='ocrx_word' id='word_1_109' title='bbox 1263 871 1394 909; x_wconf 87' lang='lat' dir='ltr'><strong><em>magna</em></strong></span> <span class='ocrx_word' id='word_1_110' title='bbox 1401 861 1553 897; x_wconf 87' lang='lat' dir='ltr'><strong><em>Nicaena</em></strong></span> <span class='ocrx_word' id='word_1_111' title='bbox 1565 862 1697 908; x_wconf 75' lang='lat' dir='ltr'><strong><em>synodo</em></strong></span> 
     </span>
     <span class='ocr_line' id='line_1_12' title="bbox 153 916 1698 968; baseline -0.005 -9"><span class='ocrx_word' id='word_1_112' title='bbox 153 923 236 959; x_wconf 87' lang='lat' dir='ltr'><strong><em>Gan.</em></strong></span> <span class='ocrx_word' id='word_1_113' title='bbox 252 934 330 959; x_wconf 84' lang='lat' dir='ltr'><strong><em>xm.</em></strong></span> <span class='ocrx_word' id='word_1_114' title='bbox 348 923 517 958; x_wconf 85' lang='lat' dir='ltr'><strong><em>sancitum</em></strong></span> <span class='ocrx_word' id='word_1_115' title='bbox 532 923 675 968; x_wconf 84' lang='lat' dir='ltr'><strong><em>legitur:</em></strong></span> <span class='ocrx_word' id='word_1_116' title='bbox 698 920 775 968; x_wconf 75' lang='grc' dir='ltr'><strong><em>Περὶ</em></strong></span> <span class='ocrx_word' id='word_1_117' title='bbox 791 919 826 956; x_wconf 61' lang='grc' dir='ltr'><strong><em>δὲ</em></strong></span> <span class='ocrx_word' id='word_1_118' title='bbox 841 921 907 955; x_wconf 78' lang='grc' dir='ltr'><strong><em>τῶν</em></strong></span> <span class='ocrx_word' id='word_1_119' title='bbox 923 918 1138 960; x_wconf 70' lang='grc' dir='ltr'><strong>ἐξοδευόντων</strong></span> <span class='ocrx_word' id='word_1_120' title='bbox 1155 916 1175 952; x_wconf 84' lang='grc' dir='ltr'><strong>ὃ</strong></span> <span class='ocrx_word' id='word_1_121' title='bbox 1189 917 1329 958; x_wconf 66' lang='grc' dir='ltr'>παλαιὸς</span> <span class='ocrx_word' id='word_1_122' title='bbox 1346 918 1399 952; x_wconf 72' lang='grc' dir='ltr'><strong><em>καὶ</em></strong></span> <span class='ocrx_word' id='word_1_123' title='bbox 1415 918 1581 959; x_wconf 70' lang='grc' dir='ltr'><strong>κανονικος</strong></span> <span class='ocrx_word' id='word_1_124' title='bbox 1598 920 1698 966; x_wconf 81' lang='grc' dir='ltr'><strong>νόμος</strong></span> 
     </span>
     <span class='ocr_line' id='line_1_13' title="bbox 153 973 1698 1028; baseline -0.003 -13"><span class='ocrx_word' id='word_1_125' title='bbox 153 979 397 1028; x_wconf 69' lang='grc' dir='ltr'><strong>φυλαχθήσεται</strong></span> <span class='ocrx_word' id='word_1_126' title='bbox 413 979 466 1014; x_wconf 69' lang='grc' dir='ltr'><strong><em>καὶ</em></strong></span> <span class='ocrx_word' id='word_1_127' title='bbox 481 982 547 1026; x_wconf 79' lang='grc' dir='ltr'><strong>νῦν,</strong></span> <span class='ocrx_word' id='word_1_128' title='bbox 570 978 650 1020; x_wconf 77' lang='grc' dir='ltr'><strong>ὤςτι</strong></span> <span class='ocrx_word' id='word_1_129' title='bbox 666 978 693 1013; x_wconf 73' lang='grc' dir='ltr'><strong><em>εἶ</em></strong></span> <span class='ocrx_word' id='word_1_130' title='bbox 706 989 752 1019; x_wconf 81' lang='grc' dir='ltr'><strong><em>τις</em></strong></span> <span class='ocrx_word' id='word_1_131' title='bbox 768 977 926 1023; x_wconf 76' lang='grc' dir='ltr'><strong>ἐξοδεύοι,</strong></span> <span class='ocrx_word' id='word_1_132' title='bbox 949 979 1007 1011; x_wconf 75' lang='grc' dir='ltr'><strong>τοῦ</strong></span> <span class='ocrx_word' id='word_1_133' title='bbox 1023 975 1208 1011; x_wconf 78' lang='grc' dir='ltr'><strong>τελευταίου</strong></span> <span class='ocrx_word' id='word_1_134' title='bbox 1225 975 1279 1010; x_wconf 66' lang='grc' dir='ltr'><strong><em>καὶ</em></strong></span> <span class='ocrx_word' id='word_1_135' title='bbox 1294 973 1551 1021; x_wconf 75' lang='grc' dir='ltr'><strong>ἀναγκαιοτάτου</strong></span> <span class='ocrx_word' id='word_1_136' title='bbox 1567 974 1698 1022; x_wconf 74' lang='grc' dir='ltr'><strong>ἐφοδίου</strong></span> 
     </span>
     <span class='ocr_line' id='line_1_14' title="bbox 153 1033 1699 1085; baseline -0.002 -13"><span class='ocrx_word' id='word_1_137' title='bbox 153 1036 198 1085; x_wconf 82' lang='grc' dir='ltr'><strong><em>μὴ</em></strong></span> <span class='ocrx_word' id='word_1_138' title='bbox 213 1035 466 1084; x_wconf 63' lang='grc' dir='ltr'><strong>ἀποαιρεῖσθαι.</strong></span> <span class='ocrx_word' id='word_1_139' title='bbox 512 1037 673 1084; x_wconf 76' lang='lat' dir='ltr'><strong><em>Appellat</em></strong></span> <span class='ocrx_word' id='word_1_140' title='bbox 688 1034 829 1070; x_wconf 80' lang='grc' dir='ltr'><strong>παλαὼν</strong></span> <span class='ocrx_word' id='word_1_141' title='bbox 845 1034 899 1069; x_wconf 73' lang='grc' dir='ltr'><strong><em>καὶ</em></strong></span> <span class='ocrx_word' id='word_1_142' title='bbox 915 1033 1083 1069; x_wconf 71' lang='grc' dir='ltr'><strong>κανονικὸν</strong></span> <span class='ocrx_word' id='word_1_143' title='bbox 1099 1034 1212 1080; x_wconf 83' lang='grc' dir='ltr'><strong>νόμον,</strong></span> <span class='ocrx_word' id='word_1_144' title='bbox 1235 1044 1304 1080; x_wconf 91' lang='lat' dir='ltr'><strong><em>quo</em></strong></span> <span class='ocrx_word' id='word_1_145' title='bbox 1319 1033 1534 1069; x_wconf 81' lang='lat' dir='ltr'>moribundis</span> <span class='ocrx_word' id='word_1_146' title='bbox 1550 1033 1699 1069; x_wconf 88' lang='lat' dir='ltr'><strong><em>dandam</em></strong></span> 
     </span>
     <span class='ocr_line' id='line_1_15' title="bbox 151 1090 1699 1142; baseline -0.003 -12"><span class='ocrx_word' id='word_1_147' title='bbox 151 1105 274 1142; x_wconf 85' lang='lat' dir='ltr'><strong><em>pacem</em></strong></span> <span class='ocrx_word' id='word_1_148' title='bbox 290 1105 367 1130; x_wconf 88' lang='lat' dir='ltr'><strong><em>esse</em></strong></span> <span class='ocrx_word' id='word_1_149' title='bbox 382 1093 641 1142; x_wconf 80' lang='lat' dir='ltr'><strong><em>praescribitur3</em></strong></span> <span class='ocrx_word' id='word_1_150' title='bbox 663 1092 756 1140; x_wconf 87' lang='lat' dir='ltr'><strong><em>quod</em></strong></span> <span class='ocrx_word' id='word_1_151' title='bbox 774 1097 889 1128; x_wconf 82' lang='lat' dir='ltr'><strong><em>utrum</em></strong></span> <span class='ocrx_word' id='word_1_152' title='bbox 911 1091 955 1127; x_wconf 89' lang='lat' dir='ltr'><strong><em>ad</em></strong></span> <span class='ocrx_word' id='word_1_153' title='bbox 971 1102 1095 1127; x_wconf 84' lang='lat' dir='ltr'><strong><em>aevum</em></strong></span> <span class='ocrx_word' id='word_1_154' title='bbox 1112 1090 1277 1137; x_wconf 79' lang='lat' dir='ltr'><strong><em>Cypriani</em></strong></span> <span class='ocrx_word' id='word_1_155' title='bbox 1291 1091 1454 1137; x_wconf 75' lang='lat' dir='ltr'><strong><em>restringi</em></strong></span> <span class='ocrx_word' id='word_1_156' title='bbox 1469 1091 1609 1134; x_wconf 84' lang='lat' dir='ltr'><strong><em>debeat,</em></strong></span> <span class='ocrx_word' id='word_1_157' title='bbox 1626 1102 1699 1129; x_wconf 82' lang='lat' dir='ltr'><strong><em>am·</em></strong></span> 
     </span>
     <span class='ocr_line' id='line_1_16' title="bbox 151 1147 1701 1198; baseline -0.003 -11"><span class='ocrx_word' id='word_1_158' title='bbox 151 1151 243 1198; x_wconf 84' lang='lat' dir='ltr'><strong><em>plius</em></strong></span> <span class='ocrx_word' id='word_1_159' title='bbox 258 1151 490 1198; x_wconf 82' lang='lat' dir='ltr'><strong><em>cogitandum.</em></strong></span> <span class='ocrx_word' id='word_1_160' title='bbox 518 1150 703 1186; x_wconf 73' lang='lat' dir='ltr'><strong><em>Caeterum</em></strong></span> <span class='ocrx_word' id='word_1_161' title='bbox 719 1149 763 1185; x_wconf 88' lang='lat' dir='ltr'><strong><em>ad</em></strong></span> <span class='ocrx_word' id='word_1_162' title='bbox 779 1149 852 1185; x_wconf 89' lang='lat' dir='ltr'><strong><em>eius</em></strong></span> <span class='ocrx_word' id='word_1_163' title='bbox 862 1176 871 1193; x_wconf 90' lang='lat'><strong><em>,</em></strong></span> <span class='ocrx_word' id='word_1_164' title='bbox 893 1159 997 1197; x_wconf 85' lang='lat' dir='ltr'><strong><em>quam</em></strong></span> <span class='ocrx_word' id='word_1_165' title='bbox 1013 1147 1193 1195; x_wconf 87' lang='lat' dir='ltr'><strong><em>bucusque</em></strong></span> <span class='ocrx_word' id='word_1_166' title='bbox 1209 1147 1522 1184; x_wconf 82' lang='lat' dir='ltr'><strong><em>demonstravimus</em></strong></span> <span class='ocrx_word' id='word_1_167' title='bbox 1538 1148 1701 1184; x_wconf 84' lang='lat' dir='ltr'><strong><em>severita-</em></strong></span> 
     </span>
     <span class='ocr_line' id='line_1_17' title="bbox 150 1204 1701 1255; baseline -0.003 -10"><span class='ocrx_word' id='word_1_168' title='bbox 150 1209 197 1244; x_wconf 81' lang='lat' dir='ltr'><strong><em>tis</em></strong></span> <span class='ocrx_word' id='word_1_169' title='bbox 213 1219 252 1244; x_wconf 83' lang='lat' dir='ltr'><strong><em>ac</em></strong></span> <span class='ocrx_word' id='word_1_170' title='bbox 268 1212 396 1255; x_wconf 81' lang='lat' dir='ltr'><strong><em>negata</em></strong></span> <span class='ocrx_word' id='word_1_171' title='bbox 411 1207 662 1244; x_wconf 74' lang='lat' dir='ltr'><strong><em>communionis</em></strong></span> <span class='ocrx_word' id='word_1_172' title='bbox 677 1206 783 1243; x_wconf 81' lang='lat' dir='ltr'><strong><em>fidem</em></strong></span> <span class='ocrx_word' id='word_1_173' title='bbox 804 1207 971 1254; x_wconf 85' lang='lat' dir='ltr'><strong><em>pertinet,</em></strong></span> <span class='ocrx_word' id='word_1_174' title='bbox 993 1205 1086 1253; x_wconf 87' lang='lat' dir='ltr'><strong><em>quod</em></strong></span> <span class='ocrx_word' id='word_1_175' title='bbox 1108 1204 1270 1252; x_wconf 72' lang='lat' dir='ltr'><strong><em>deinceps</em></strong></span> <span class='ocrx_word' id='word_1_176' title='bbox 1290 1205 1432 1241; x_wconf 85' lang='lat' dir='ltr'><strong><em>uberius</em></strong></span> <span class='ocrx_word' id='word_1_177' title='bbox 1453 1205 1701 1252; x_wconf 82' lang='lat' dir='ltr'><strong><em>disputandum</em></strong></span> 
     </span>
     <span class='ocr_line' id='line_1_18' title="bbox 153 1262 1701 1313; baseline -0.002 -12"><span class='ocrx_word' id='word_1_178' title='bbox 153 1265 255 1302; x_wconf 89' lang='lat' dir='ltr'><strong><em>nobis</em></strong></span> <span class='ocrx_word' id='word_1_179' title='bbox 271 1269 340 1309; x_wconf 89' lang='lat' dir='ltr'><strong><em>est,</em></strong></span> <span class='ocrx_word' id='word_1_180' title='bbox 355 1265 493 1313; x_wconf 86' lang='lat' dir='ltr'><strong><em>publica</em></strong></span> <span class='ocrx_word' id='word_1_181' title='bbox 508 1264 615 1300; x_wconf 87' lang='lat' dir='ltr'><strong><em>semel</em></strong></span> <span class='ocrx_word' id='word_1_182' title='bbox 629 1263 843 1312; x_wconf 77' lang='lat' dir='ltr'><strong><em>poenitentia</em></strong></span> <span class='ocrx_word' id='word_1_183' title='bbox 857 1263 1045 1307; x_wconf 73' lang='lat' dir='ltr'><strong><em>defunctis,</em></strong></span> <span class='ocrx_word' id='word_1_184' title='bbox 1062 1263 1092 1298; x_wconf 89' lang='lat' dir='ltr'><strong><em>si</em></strong></span> <span class='ocrx_word' id='word_1_185' title='bbox 1107 1262 1229 1298; x_wconf 82' lang='lat' dir='ltr'><strong><em>eadem</em></strong></span> <span class='ocrx_word' id='word_1_186' title='bbox 1243 1263 1280 1298; x_wconf 88' lang='lat' dir='ltr'><strong><em>in</em></strong></span> <span class='ocrx_word' id='word_1_187' title='bbox 1296 1262 1442 1298; x_wconf 86' lang='lat' dir='ltr'><strong><em>crimina</em></strong></span> <span class='ocrx_word' id='word_1_188' title='bbox 1455 1262 1701 1306; x_wconf 87' lang='lat' dir='ltr'><strong><em>relaberentur,</em></strong></span> 
     </span>
     <span class='ocr_line' id='line_1_19' title="bbox 153 1319 1701 1370; baseline -0.002 -12"><span class='ocrx_word' id='word_1_189' title='bbox 153 1333 292 1358; x_wconf 85' lang='lat' dir='ltr'><strong><em>omnem</em></strong></span> <span class='ocrx_word' id='word_1_190' title='bbox 303 1322 346 1358; x_wconf 85' lang='lat' dir='ltr'><strong><em>ad</em></strong></span> <span class='ocrx_word' id='word_1_191' title='bbox 357 1322 603 1370; x_wconf 83' lang='lat' dir='ltr'><strong><em>poenitentiam</em></strong></span> <span class='ocrx_word' id='word_1_192' title='bbox 614 1331 656 1358; x_wconf 83' lang='lat' dir='ltr'><strong><em>ac</em></strong></span> <span class='ocrx_word' id='word_1_193' title='bbox 667 1331 789 1369; x_wconf 87' lang='lat' dir='ltr'><strong><em>pacem</em></strong></span> <span class='ocrx_word' id='word_1_194' title='bbox 804 1320 939 1357; x_wconf 84' lang='lat' dir='ltr'><strong><em>aditum</em></strong></span> <span class='ocrx_word' id='word_1_195' title='bbox 949 1321 1098 1356; x_wconf 82' lang='lat' dir='ltr'><strong><em>maiores</em></strong></span> <span class='ocrx_word' id='word_1_196' title='bbox 1109 1324 1248 1356; x_wconf 85' lang='lat' dir='ltr'><strong><em>nostros</em></strong></span> <span class='ocrx_word' id='word_1_197' title='bbox 1259 1319 1512 1363; x_wconf 82' lang='lat' dir='ltr'><strong><em>interclusisse,</em></strong></span> <span class='ocrx_word' id='word_1_198' title='bbox 1525 1325 1586 1356; x_wconf 85' lang='lat' dir='ltr'><strong><em>aut</em></strong></span> <span class='ocrx_word' id='word_1_199' title='bbox 1596 1331 1701 1367; x_wconf 82' lang='lat' dir='ltr'><strong><em>aegre</em></strong></span> 
     </span>
     <span class='ocr_line' id='line_1_20' title="bbox 151 1379 674 1416; baseline -0.002 -1"><span class='ocrx_word' id='word_1_200' title='bbox 151 1379 339 1416; x_wconf 88' lang='lat' dir='ltr'><strong><em>admodum</em></strong></span> <span class='ocrx_word' id='word_1_201' title='bbox 355 1390 394 1415; x_wconf 90' lang='lat' dir='ltr'><strong><em>ac</em></strong></span> <span class='ocrx_word' id='word_1_202' title='bbox 409 1390 486 1416; x_wconf 86' lang='lat' dir='ltr'><strong><em>raro</em></strong></span> <span class='ocrx_word' id='word_1_203' title='bbox 501 1379 674 1416; x_wconf 80' lang='lat' dir='ltr'><strong><em>tribuisse.</em></strong></span> 
     </span>
    </p>
   </div>
   <div class='ocr_carea' id='block_1_3' title="bbox 185 1514 1665 1610">
    <p class='ocr_par' dir='ltr' id='par_1_4' title="bbox 185 1514 1665 1610">
     <span class='ocr_line' id='line_1_21' title="bbox 185 1514 1665 1610; baseline -0.002 -56"><span class='ocrx_word' id='word_1_204' title='bbox 185 1516 519 1554; x_wconf 80' lang='lat' dir='ltr'><strong><em>POENITENTIAM</em></strong></span> <span class='ocrx_word' id='word_1_205' title='bbox 539 1515 598 1553; x_wconf 84' lang='lat' dir='ltr'><strong><em>AO</em></strong></span> <span class='ocrx_word' id='word_1_206' title='bbox 619 1515 1048 1610; x_wconf 49' lang='lat' dir='ltr'><strong><em>PAGEMIgngLfiAIN</em></strong></span> <span class='ocrx_word' id='word_1_207' title='bbox 1072 1514 1258 1552; x_wconf 78' lang='lat' dir='ltr'><strong><em>SAEPIUS</em></strong></span> <span class='ocrx_word' id='word_1_208' title='bbox 1282 1514 1499 1552; x_wconf 82' lang='lat' dir='ltr'><strong><em>ECCLESIA</em></strong></span> <span class='ocrx_word' id='word_1_209' title='bbox 1520 1515 1665 1552; x_wconf 84' lang='lat' dir='ltr'>VETUS</span> 
     </span>
     <span class='ocr_line' id='line_1_22' title="bbox 422 1574 1063 1610; baseline 0 0"><span class='ocrx_word' id='word_1_210' title='bbox 422 1575 423 1578; x_wconf 76' lang='grc'>’</span> <span class='ocrx_word' id='word_1_211' title='bbox 830 1574 859 1610; x_wconf 91' lang='lat' dir='ltr'>D</span> <span class='ocrx_word' id='word_1_212' title='bbox 892 1574 946 1610; x_wconf 91' lang='lat' dir='ltr'><strong><em>LS</em></strong></span> <span class='ocrx_word' id='word_1_213' title='bbox 977 1574 1008 1609; x_wconf 78' lang='lat' dir='ltr'>R</span> <span class='ocrx_word' id='word_1_214' title='bbox 1023 1574 1063 1610; x_wconf 87' lang='lat' dir='ltr'><strong><em>T.</em></strong></span> 
     </span>
    </p>
   </div>
   <div class='ocr_carea' id='block_1_4' title="bbox 152 1665 1702 3140">
    <p class='ocr_par' dir='ltr' id='par_1_5' title="bbox 152 1665 1702 3140">
     <span class='ocr_line' id='line_1_23' title="bbox 242 1665 1702 1714; baseline -0.001 -11"><span class='ocrx_word' id='word_1_215' title='bbox 242 1666 320 1703; x_wconf 87' lang='lat' dir='ltr'><strong><em>Non</em></strong></span> <span class='ocrx_word' id='word_1_216' title='bbox 336 1666 380 1703; x_wconf 87' lang='lat' dir='ltr'><strong><em>ad</em></strong></span> <span class='ocrx_word' id='word_1_217' title='bbox 394 1666 634 1714; x_wconf 84' lang='lat' dir='ltr'><strong><em>antiquissima</em></strong></span> <span class='ocrx_word' id='word_1_218' title='bbox 649 1667 761 1702; x_wconf 88' lang='lat' dir='ltr'><strong><em>solum</em></strong></span> <span class='ocrx_word' id='word_1_219' title='bbox 778 1677 819 1702; x_wconf 83' lang='lat' dir='ltr'><strong><em>ac</em></strong></span> <span class='ocrx_word' id='word_1_220' title='bbox 836 1666 1009 1702; x_wconf 82' lang='lat' dir='ltr'><strong><em>severiora</em></strong></span> <span class='ocrx_word' id='word_1_221' title='bbox 1022 1669 1181 1714; x_wconf 85' lang='lat' dir='ltr'><strong><em>tempora</em></strong></span> <span class='ocrx_word' id='word_1_222' title='bbox 1193 1665 1362 1701; x_wconf 80' lang='lat' dir='ltr'><strong><em>dubitatio</em></strong></span> <span class='ocrx_word' id='word_1_223' title='bbox 1377 1666 1446 1701; x_wconf 86' lang='lat' dir='ltr'><strong><em>ista</em></strong></span> <span class='ocrx_word' id='word_1_224' title='bbox 1460 1667 1624 1713; x_wconf 80' lang='lat' dir='ltr'><strong><em>pertinet,</em></strong></span> <span class='ocrx_word' id='word_1_225' title='bbox 1640 1665 1702 1702; x_wconf 88' lang='lat' dir='ltr'><strong><em>sed</em></strong></span> 
     </span>
     <span class='ocr_line' id='line_1_24' title="bbox 153 1722 1701 1771; baseline -0.001 -12"><span class='ocrx_word' id='word_1_226' title='bbox 153 1724 260 1760; x_wconf 83' lang='lat' dir='ltr'><strong><em>etiam</em></strong></span> <span class='ocrx_word' id='word_1_227' title='bbox 274 1724 462 1771; x_wconf 83' lang='lat' dir='ltr'><strong><em>posteriora</em></strong></span> <span class='ocrx_word' id='word_1_228' title='bbox 475 1723 664 1771; x_wconf 85' lang='lat' dir='ltr'><strong><em>eademque</em></strong></span> <span class='ocrx_word' id='word_1_229' title='bbox 680 1723 915 1760; x_wconf 83' lang='lat' dir='ltr'><strong><em>commodiora</em></strong></span> <span class='ocrx_word' id='word_1_230' title='bbox 935 1723 1185 1770; x_wconf 87' lang='lat' dir='ltr'><strong><em>complectitur.</em></strong></span> <span class='ocrx_word' id='word_1_231' title='bbox 1229 1722 1301 1758; x_wconf 89' lang='lat' dir='ltr'><strong><em>Nec</em></strong></span> <span class='ocrx_word' id='word_1_232' title='bbox 1324 1722 1366 1758; x_wconf 87' lang='lat' dir='ltr'><strong><em>de</em></strong></span> <span class='ocrx_word' id='word_1_233' title='bbox 1386 1723 1620 1771; x_wconf 83' lang='lat' dir='ltr'><strong><em>poenitentiae</em></strong></span> <span class='ocrx_word' id='word_1_234' title='bbox 1641 1734 1701 1770; x_wconf 84' lang='lat' dir='ltr'><strong><em>ge·</em></strong></span> 
     </span>
     <span class='ocr_line' id='line_1_25' title="bbox 153 1777 1701 1829; baseline 0 -13"><span class='ocrx_word' id='word_1_235' title='bbox 153 1792 234 1817; x_wconf 87' lang='lat' dir='ltr'><strong><em>nere</em></strong></span> <span class='ocrx_word' id='word_1_236' title='bbox 251 1782 362 1826; x_wconf 88' lang='lat' dir='ltr'><strong><em>omni,</em></strong></span> <span class='ocrx_word' id='word_1_237' title='bbox 378 1777 441 1817; x_wconf 51' lang='lat' dir='ltr'><strong><em>scd¹</em></strong></span> <span class='ocrx_word' id='word_1_238' title='bbox 453 1781 494 1817; x_wconf 91' lang='lat' dir='ltr'><strong><em>de</em></strong></span> <span class='ocrx_word' id='word_1_239' title='bbox 508 1781 569 1816; x_wconf 85' lang='lat' dir='ltr'><strong><em>illa</em></strong></span> <span class='ocrx_word' id='word_1_240' title='bbox 583 1781 659 1817; x_wconf 85' lang='lat' dir='ltr'><strong><em>sola</em></strong></span> <span class='ocrx_word' id='word_1_241' title='bbox 675 1781 849 1829; x_wconf 85' lang='lat' dir='ltr'><strong><em>quaeritur</em></strong></span> <span class='ocrx_word' id='word_1_242' title='bbox 864 1791 954 1827; x_wconf 88' lang='lat' dir='ltr'><strong><em>quae</em></strong></span> <span class='ocrx_word' id='word_1_243' title='bbox 971 1781 1015 1815; x_wconf 89' lang='lat' dir='ltr'><strong><em>ob</em></strong></span> <span class='ocrx_word' id='word_1_244' title='bbox 1032 1780 1202 1816; x_wconf 79' lang='lat' dir='ltr'><strong><em>atrociora</em></strong></span> <span class='ocrx_word' id='word_1_245' title='bbox 1218 1780 1342 1815; x_wconf 87' lang='lat' dir='ltr'><strong><em>delicta</em></strong></span> <span class='ocrx_word' id='word_1_246' title='bbox 1358 1781 1495 1827; x_wconf 88' lang='lat' dir='ltr'><strong><em>publice</em></strong></span> <span class='ocrx_word' id='word_1_247' title='bbox 1511 1782 1701 1828; x_wconf 85' lang='lat' dir='ltr'><strong><em>suscipere-</em></strong></span> 
     </span>
     <span class='ocr_line' id='line_1_26' title="bbox 153 1836 1702 1886; baseline -0.001 -12"><span class='ocrx_word' id='word_1_248' title='bbox 153 1843 225 1882; x_wconf 86' lang='lat' dir='ltr'><strong><em>tur;</em></strong></span> <span class='ocrx_word' id='word_1_249' title='bbox 241 1838 298 1874; x_wconf 90' lang='lat' dir='ltr'><strong><em>cui</em></strong></span> <span class='ocrx_word' id='word_1_250' title='bbox 312 1838 447 1886; x_wconf 84' lang='lat' dir='ltr'><strong><em>proprie</em></strong></span> <span class='ocrx_word' id='word_1_251' title='bbox 462 1849 532 1885; x_wconf 85' lang='lat' dir='ltr'><strong><em>pax</em></strong></span> <span class='ocrx_word' id='word_1_252' title='bbox 548 1842 582 1874; x_wconf 87' lang='lat' dir='ltr'><strong><em>et</em></strong></span> <span class='ocrx_word' id='word_1_253' title='bbox 595 1838 829 1874; x_wconf 80' lang='lat' dir='ltr'><strong><em>reconciliatio</em></strong></span> <span class='ocrx_word' id='word_1_254' title='bbox 844 1837 1052 1884; x_wconf 84' lang='lat' dir='ltr'><strong><em>respondere</em></strong></span> <span class='ocrx_word' id='word_1_255' title='bbox 1068 1836 1203 1873; x_wconf 89' lang='lat' dir='ltr'><strong><em>dicitur.</em></strong></span> <span class='ocrx_word' id='word_1_256' title='bbox 1230 1836 1317 1872; x_wconf 80' lang='lat' dir='ltr'><strong><em>Eam</em></strong></span> <span class='ocrx_word' id='word_1_257' title='bbox 1332 1848 1414 1872; x_wconf 85' lang='lat' dir='ltr'><strong><em>vero</em></strong></span> <span class='ocrx_word' id='word_1_258' title='bbox 1430 1838 1539 1874; x_wconf 86' lang='lat' dir='ltr'><strong><em>semel</em></strong></span> <span class='ocrx_word' id='word_1_259' title='bbox 1553 1838 1590 1873; x_wconf 88' lang='lat' dir='ltr'><strong><em>in</em></strong></span> <span class='ocrx_word' id='word_1_260' title='bbox 1606 1839 1702 1873; x_wconf 90' lang='lat' dir='ltr'><strong><em>omni</em></strong></span> 
     </span>
     <span class='ocr_line' id='line_1_27' title="bbox 154 1893 1701 1944; baseline -0.001 -13"><span class='ocrx_word' id='word_1_261' title='bbox 154 1896 226 1933; x_wconf 83' lang='lat' dir='ltr'><strong><em>vita</em></strong></span> <span class='ocrx_word' id='word_1_262' title='bbox 239 1895 444 1944; x_wconf 87' lang='lat' dir='ltr'><strong><em>permissam</em></strong></span> <span class='ocrx_word' id='word_1_263' title='bbox 459 1895 660 1942; x_wconf 84' lang='lat' dir='ltr'><strong><em>iampridem</em></strong></span> <span class='ocrx_word' id='word_1_264' title='bbox 675 1895 799 1931; x_wconf 80' lang='lat' dir='ltr'><strong><em>eruditi</em></strong></span> <span class='ocrx_word' id='word_1_265' title='bbox 812 1895 879 1930; x_wconf 80' lang='lat' dir='ltr'><strong><em>viri</em></strong></span> <span class='ocrx_word' id='word_1_266' title='bbox 894 1894 1096 1931; x_wconf 83' lang='lat' dir='ltr'><strong><em>docuerunt.</em></strong></span> <span class='ocrx_word' id='word_1_267' title='bbox 1142 1893 1232 1930; x_wconf 85' lang='lat' dir='ltr'><strong><em>Nam</em></strong></span> <span class='ocrx_word' id='word_1_268' title='bbox 1255 1898 1291 1929; x_wconf 91' lang='lat' dir='ltr'><strong><em>et</em></strong></span> <span class='ocrx_word' id='word_1_269' title='bbox 1304 1894 1397 1929; x_wconf 87' lang='lat' dir='ltr'><strong><em>istud</em></strong></span> <span class='ocrx_word' id='word_1_270' title='bbox 1411 1895 1528 1942; x_wconf 87' lang='lat' dir='ltr'><strong><em>ipsum</em></strong></span> <span class='ocrx_word' id='word_1_271' title='bbox 1544 1907 1589 1930; x_wconf 84' lang='lat' dir='ltr'><strong><em>ex</em></strong></span> <span class='ocrx_word' id='word_1_272' title='bbox 1604 1899 1701 1930; x_wconf 77' lang='lat' dir='ltr'><strong><em>vetu-</em></strong></span> 
     </span>
     <span class='ocr_line' id='line_1_28' title="bbox 154 1951 1702 2000; baseline -0.001 -12"><span class='ocrx_word' id='word_1_273' title='bbox 154 1953 318 1989; x_wconf 86' lang='lat' dir='ltr'><strong><em>stissimis</em></strong></span> <span class='ocrx_word' id='word_1_274' title='bbox 331 1953 486 2000; x_wconf 84' lang='lat' dir='ltr'><strong><em>patribus</em></strong></span> <span class='ocrx_word' id='word_1_275' title='bbox 501 1953 750 1996; x_wconf 79' lang='lat' dir='ltr'><strong><em>Tertullianus,</em></strong></span> <span class='ocrx_word' id='word_1_276' title='bbox 764 1963 811 1987; x_wconf 87' lang='lat' dir='ltr'><strong><em>ex</em></strong></span> <span class='ocrx_word' id='word_1_277' title='bbox 826 1952 1077 1998; x_wconf 80' lang='lat' dir='ltr'><strong><em>posterioribus</em></strong></span> <span class='ocrx_word' id='word_1_278' title='bbox 1093 1951 1309 1998; x_wconf 81' lang='lat' dir='ltr'><strong><em>Augustinus</em></strong></span> <span class='ocrx_word' id='word_1_279' title='bbox 1326 1955 1362 1986; x_wconf 91' lang='lat' dir='ltr'><strong><em>et</em></strong></span> <span class='ocrx_word' id='word_1_280' title='bbox 1376 1952 1581 1988; x_wconf 85' lang='lat' dir='ltr'><strong><em>Ambrosius</em></strong></span> <span class='ocrx_word' id='word_1_281' title='bbox 1596 1952 1702 1987; x_wconf 87' lang='lat' dir='ltr'><strong><em>diser-</em></strong></span> 
     </span>
     <span class='ocr_line' id='line_1_29' title="bbox 153 2008 1701 2046; baseline -0.001 0"><span class='ocrx_word' id='word_1_282' title='bbox 153 2010 289 2046; x_wconf 86' lang='lat' dir='ltr'><strong><em>tissime</em></strong></span> <span class='ocrx_word' id='word_1_283' title='bbox 302 2011 419 2046; x_wconf 80' lang='lat' dir='ltr'><strong><em>testati</em></strong></span> <span class='ocrx_word' id='word_1_284' title='bbox 433 2015 524 2046; x_wconf 87' lang='lat' dir='ltr'><strong><em>sunt.</em></strong></span> <span class='ocrx_word' id='word_1_285' title='bbox 546 2009 748 2045; x_wconf 85' lang='lat' dir='ltr'><strong><em>Tertulliani</em></strong></span> <span class='ocrx_word' id='word_1_286' title='bbox 763 2020 808 2044; x_wconf 86' lang='lat' dir='ltr'><strong><em>ex</em></strong></span> <span class='ocrx_word' id='word_1_287' title='bbox 823 2009 884 2044; x_wconf 92' lang='lat' dir='ltr'><strong><em>lib.</em></strong></span> <span class='ocrx_word' id='word_1_288' title='bbox 900 2009 942 2044; x_wconf 90' lang='lat' dir='ltr'><strong><em>de</em></strong></span> <span class='ocrx_word' id='word_1_289' title='bbox 956 2009 1090 2046; x_wconf 88' lang='lat' dir='ltr'><strong><em>Poenit.</em></strong></span> <span class='ocrx_word' id='word_1_290' title='bbox 1105 2009 1212 2044; x_wconf 81' lang='lat' dir='ltr'><strong><em>verba</em></strong></span> <span class='ocrx_word' id='word_1_291' title='bbox 1228 2012 1325 2044; x_wconf 87' lang='lat' dir='ltr'><strong><em>sunt:</em></strong></span> <span class='ocrx_word' id='word_1_292' title='bbox 1351 2008 1539 2044; x_wconf 75' lang='lat' dir='ltr'><strong><em>Collocavit</em></strong></span> <span class='ocrx_word' id='word_1_293' title='bbox 1552 2013 1587 2044; x_wconf 79' lang='lat' dir='ltr'><strong><em>in</em></strong></span> <span class='ocrx_word' id='word_1_294' title='bbox 1603 2013 1701 2044; x_wconf 80' lang='lat' dir='ltr'><strong><em>vesti-</em></strong></span> 
     </span>
     <span class='ocr_line' id='line_1_30' title="bbox 155 2067 1701 2115; baseline -0.001 -12"><span class='ocrx_word' id='word_1_295' title='bbox 155 2069 229 2103; x_wconf 85' lang='lat' dir='ltr'><strong><em>bulo</em></strong></span> <span class='ocrx_word' id='word_1_296' title='bbox 245 2070 484 2115; x_wconf 79' lang='lat' dir='ltr'><strong><em>poenitentiam</em></strong></span> <span class='ocrx_word' id='word_1_297' title='bbox 507 2068 704 2109; x_wconf 79' lang='lat' dir='ltr'><strong><em>secundam,</em></strong></span> <span class='ocrx_word' id='word_1_298' title='bbox 728 2078 815 2114; x_wconf 72' lang='lat' dir='ltr'><strong><em>quae</em></strong></span> <span class='ocrx_word' id='word_1_299' title='bbox 834 2067 1048 2112; x_wconf 66' lang='lat' dir='ltr'><strong><em>pulsantibus</em></strong></span> <span class='ocrx_word' id='word_1_300' title='bbox 1063 2069 1281 2113; x_wconf 72' lang='lat' dir='ltr'><strong><em>patefaciat,</em></strong></span> <span class='ocrx_word' id='word_1_301' title='bbox 1305 2068 1367 2102; x_wconf 82' lang='lat' dir='ltr'><strong><em>sed</em></strong></span> <span class='ocrx_word' id='word_1_302' title='bbox 1387 2070 1457 2101; x_wconf 84' lang='lat' dir='ltr'><strong><em>iam</em></strong></span> <span class='ocrx_word' id='word_1_303' title='bbox 1480 2068 1596 2109; x_wconf 76' lang='lat' dir='ltr'><strong><em>semel,</em></strong></span> <span class='ocrx_word' id='word_1_304' title='bbox 1620 2070 1701 2114; x_wconf 79' lang='lat' dir='ltr'><strong><em>quia</em></strong></span> 
     </span>
     <span class='ocr_line' id='line_1_31' title="bbox 154 2123 1701 2171; baseline 0.001 -12"><span class='ocrx_word' id='word_1_305' title='bbox 154 2127 225 2160; x_wconf 79' lang='lat' dir='ltr'><strong><em>iam</em></strong></span> <span class='ocrx_word' id='word_1_306' title='bbox 239 2126 398 2166; x_wconf 75' lang='lat' dir='ltr'><strong><em>secundo,</em></strong></span> <span class='ocrx_word' id='word_1_307' title='bbox 415 2125 477 2159; x_wconf 76' lang='lat' dir='ltr'><strong><em>sed</em></strong></span> <span class='ocrx_word' id='word_1_308' title='bbox 489 2124 632 2170; x_wconf 80' lang='lat' dir='ltr'><strong><em>amplius</em></strong></span> <span class='ocrx_word' id='word_1_309' title='bbox 648 2135 830 2170; x_wconf 78' lang='lat' dir='ltr'><strong><em>nunquam,</em></strong></span> <span class='ocrx_word' id='word_1_310' title='bbox 848 2126 929 2170; x_wconf 75' lang='lat' dir='ltr'><strong><em>quia</em></strong></span> <span class='ocrx_word' id='word_1_311' title='bbox 940 2127 1097 2170; x_wconf 74' lang='lat' dir='ltr'><strong><em>proxime</em></strong></span> <span class='ocrx_word' id='word_1_312' title='bbox 1103 2126 1255 2169; x_wconf 67' lang='lat' dir='ltr'><strong><em>frustra.</em></strong></span> <span class='ocrx_word' id='word_1_313' title='bbox 1303 2123 1450 2171; x_wconf 84' lang='lat' dir='ltr'><strong><em>Scripsit</em></strong></span> <span class='ocrx_word' id='word_1_314' title='bbox 1470 2129 1587 2160; x_wconf 83' lang='lat' dir='ltr'><strong><em>autem</em></strong></span> <span class='ocrx_word' id='word_1_315' title='bbox 1609 2124 1701 2160; x_wconf 87' lang='lat' dir='ltr'><strong><em>bunc</em></strong></span> 
     </span>
     <span class='ocr_line' id='line_1_32' title="bbox 152 2180 1701 2228; baseline -0.001 -10"><span class='ocrx_word' id='word_1_316' title='bbox 152 2182 281 2218; x_wconf 88' lang='lat' dir='ltr'><strong><em>librum</em></strong></span> <span class='ocrx_word' id='word_1_317' title='bbox 295 2181 526 2217; x_wconf 79' lang='lat' dir='ltr'><strong><em>Tertullianus</em></strong></span> <span class='ocrx_word' id='word_1_318' title='bbox 541 2185 727 2227; x_wconf 84' lang='lat' dir='ltr'><strong><em>antequam</em></strong></span> <span class='ocrx_word' id='word_1_319' title='bbox 742 2180 786 2215; x_wconf 88' lang='lat' dir='ltr'><strong><em>ad</em></strong></span> <span class='ocrx_word' id='word_1_320' title='bbox 802 2180 960 2216; x_wconf 81' lang='lat' dir='ltr'><strong><em>Montani</em></strong></span> <span class='ocrx_word' id='word_1_321' title='bbox 975 2180 1105 2228; x_wconf 83' lang='lat' dir='ltr'><strong><em>dogma</em></strong></span> <span class='ocrx_word' id='word_1_322' title='bbox 1119 2180 1340 2223; x_wconf 83' lang='lat' dir='ltr'><strong><em>descisceret,</em></strong></span> <span class='ocrx_word' id='word_1_323' title='bbox 1361 2192 1406 2216; x_wconf 90' lang='lat' dir='ltr'><strong><em>ne</em></strong></span> <span class='ocrx_word' id='word_1_324' title='bbox 1429 2182 1508 2228; x_wconf 87' lang='lat' dir='ltr'><strong><em>quis</em></strong></span> <span class='ocrx_word' id='word_1_325' title='bbox 1527 2183 1564 2217; x_wconf 91' lang='lat' dir='ltr'><strong><em>in</em></strong></span> <span class='ocrx_word' id='word_1_326' title='bbox 1588 2193 1628 2217; x_wconf 93' lang='lat' dir='ltr'><strong><em>eo</em></strong></span> <span class='ocrx_word' id='word_1_327' title='bbox 1645 2193 1701 2217; x_wconf 88' lang='lat' dir='ltr'><strong><em>ca-</em></strong></span> 
     </span>
     <span class='ocr_line' id='line_1_33' title="bbox 153 2237 1701 2286; baseline -0.001 -11"><span class='ocrx_word' id='word_1_328' title='bbox 153 2239 324 2275; x_wconf 80' lang='lat' dir='ltr'><strong><em>villationi</em></strong></span> <span class='ocrx_word' id='word_1_329' title='bbox 338 2239 434 2274; x_wconf 86' lang='lat' dir='ltr'><strong><em>locus</em></strong></span> <span class='ocrx_word' id='word_1_330' title='bbox 449 2249 525 2274; x_wconf 81' lang='lat' dir='ltr'><strong><em>esse</em></strong></span> <span class='ocrx_word' id='word_1_331' title='bbox 539 2237 664 2284; x_wconf 87' lang='lat' dir='ltr'><strong><em>possit,</em></strong></span> <span class='ocrx_word' id='word_1_332' title='bbox 686 2237 790 2284; x_wconf 86' lang='lat' dir='ltr'><strong><em>idque</em></strong></span> <span class='ocrx_word' id='word_1_333' title='bbox 812 2238 897 2273; x_wconf 85' lang='lat' dir='ltr'><strong><em>satis</em></strong></span> <span class='ocrx_word' id='word_1_334' title='bbox 916 2238 992 2285; x_wconf 88' lang='lat' dir='ltr'><strong><em>ipse</em></strong></span> <span class='ocrx_word' id='word_1_335' title='bbox 1013 2249 1075 2285; x_wconf 89' lang='lat' dir='ltr'><strong><em>per</em></strong></span> <span class='ocrx_word' id='word_1_336' title='bbox 1089 2249 1165 2273; x_wconf 79' lang='lat' dir='ltr'><strong><em>sese</em></strong></span> <span class='ocrx_word' id='word_1_337' title='bbox 1181 2238 1346 2281; x_wconf 80' lang='lat' dir='ltr'><strong><em>declarat3</em></strong></span> <span class='ocrx_word' id='word_1_338' title='bbox 1369 2249 1570 2286; x_wconf 81' lang='lat' dir='ltr'><strong><em>quanquam</em></strong></span> <span class='ocrx_word' id='word_1_339' title='bbox 1585 2243 1701 2275; x_wconf 90' lang='lat' dir='ltr'><strong><em>utrum</em></strong></span> 
     </span>
     <span class='ocr_line' id='line_1_34' title="bbox 155 2293 1702 2342; baseline -0.001 -10"><span class='ocrx_word' id='word_1_340' title='bbox 155 2295 357 2333; x_wconf 84' lang='lat' dir='ltr'><strong><em>Tertulliani</em></strong></span> <span class='ocrx_word' id='word_1_341' title='bbox 371 2296 418 2331; x_wconf 85' lang='lat' dir='ltr'><strong><em>sit</em></strong></span> <span class='ocrx_word' id='word_1_342' title='bbox 429 2295 593 2331; x_wconf 74' lang='lat' dir='ltr'><strong><em>Erasmus</em></strong></span> <span class='ocrx_word' id='word_1_343' title='bbox 609 2304 649 2329; x_wconf 83' lang='lat' dir='ltr'><strong><em>ac</em></strong></span> <span class='ocrx_word' id='word_1_344' title='bbox 665 2293 854 2330; x_wconf 83' lang='lat' dir='ltr'><strong><em>Rhenanus</em></strong></span> <span class='ocrx_word' id='word_1_345' title='bbox 869 2295 1064 2342; x_wconf 84' lang='lat' dir='ltr'><strong><em>ambigunt.</em></strong></span> <span class='ocrx_word' id='word_1_346' title='bbox 1106 2295 1176 2331; x_wconf 87' lang='lat' dir='ltr'><strong><em>Nec</em></strong></span> <span class='ocrx_word' id='word_1_347' title='bbox 1199 2295 1419 2331; x_wconf 82' lang='lat' dir='ltr'><strong><em>diffitendum</em></strong></span> <span class='ocrx_word' id='word_1_348' title='bbox 1441 2300 1492 2331; x_wconf 86' lang='lat' dir='ltr'><strong><em>est</em></strong></span> <span class='ocrx_word' id='word_1_349' title='bbox 1507 2296 1668 2332; x_wconf 84' lang='lat' dir='ltr'><strong><em>dissimili</em></strong></span> <span class='ocrx_word' id='word_1_350' title='bbox 1681 2307 1702 2331; x_wconf 88' lang='lat' dir='ltr'><strong><em>a</em></strong></span> 
     </span>
     <span class='ocr_line' id='line_1_35' title="bbox 155 2351 1701 2399; baseline 0 -11"><span class='ocrx_word' id='word_1_351' title='bbox 155 2353 298 2388; x_wconf 85' lang='lat' dir='ltr'><strong><em>caeteris</em></strong></span> <span class='ocrx_word' id='word_1_352' title='bbox 313 2352 406 2399; x_wconf 74' lang='lat' dir='ltr'><strong><em>stylo</em></strong></span> <span class='ocrx_word' id='word_1_353' title='bbox 421 2363 498 2388; x_wconf 88' lang='lat' dir='ltr'><strong><em>esse</em></strong></span> <span class='ocrx_word' id='word_1_354' title='bbox 514 2352 761 2398; x_wconf 87' lang='lat' dir='ltr'><strong><em>conscriptum,</em></strong></span> <span class='ocrx_word' id='word_1_355' title='bbox 783 2362 823 2387; x_wconf 87' lang='lat' dir='ltr'><strong><em>ac</em></strong></span> <span class='ocrx_word' id='word_1_356' title='bbox 842 2352 947 2399; x_wconf 86' lang='lat' dir='ltr'><strong><em>paulo</em></strong></span> <span class='ocrx_word' id='word_1_357' title='bbox 964 2351 1141 2388; x_wconf 81' lang='lat' dir='ltr'><strong><em>diffusiore</em></strong></span> <span class='ocrx_word' id='word_1_358' title='bbox 1157 2363 1263 2399; x_wconf 84' lang='lat' dir='ltr'><strong><em>quam</em></strong></span> <span class='ocrx_word' id='word_1_359' title='bbox 1278 2356 1379 2388; x_wconf 83' lang='lat' dir='ltr'><strong><em>autor</em></strong></span> <span class='ocrx_word' id='word_1_360' title='bbox 1392 2354 1450 2388; x_wconf 89' lang='lat' dir='ltr'><strong><em>ille</em></strong></span> <span class='ocrx_word' id='word_1_361' title='bbox 1465 2354 1587 2389; x_wconf 83' lang='lat' dir='ltr'><strong><em>soleat.</em></strong></span> <span class='ocrx_word' id='word_1_362' title='bbox 1633 2353 1701 2388; x_wconf 88' lang='lat' dir='ltr'><strong><em>Sed</em></strong></span> 
     </span>
     <span class='ocr_line' id='line_1_36' title="bbox 155 2409 1701 2457; baseline 0.001 -12"><span class='ocrx_word' id='word_1_363' title='bbox 155 2410 229 2446; x_wconf 85' lang='lat' dir='ltr'><strong><em>sive</em></strong></span> <span class='ocrx_word' id='word_1_364' title='bbox 235 2409 436 2446; x_wconf 80' lang='lat' dir='ltr'><strong><em>Tertulliani</em></strong></span> <span class='ocrx_word' id='word_1_365' title='bbox 447 2411 502 2453; x_wconf 88' lang='lat' dir='ltr'><strong><em>sit,</em></strong></span> <span class='ocrx_word' id='word_1_366' title='bbox 518 2409 609 2457; x_wconf 82' lang='lat' dir='ltr'><strong><em>quod</em></strong></span> <span class='ocrx_word' id='word_1_367' title='bbox 620 2409 840 2444; x_wconf 81' lang='lat' dir='ltr'><strong><em>verisimilius</em></strong></span> <span class='ocrx_word' id='word_1_368' title='bbox 851 2420 932 2444; x_wconf 90' lang='lat' dir='ltr'><strong><em>cum</em></strong></span> <span class='ocrx_word' id='word_1_369' title='bbox 942 2409 1096 2445; x_wconf 81' lang='lat' dir='ltr'><strong><em>Pamelio</em></strong></span> <span class='ocrx_word' id='word_1_370' title='bbox 1111 2420 1189 2445; x_wconf 82' lang='lat' dir='ltr'><strong><em>esse</em></strong></span> <span class='ocrx_word' id='word_1_371' title='bbox 1204 2410 1372 2456; x_wconf 88' lang='lat' dir='ltr'><strong><em>suspicor,</em></strong></span> <span class='ocrx_word' id='word_1_372' title='bbox 1387 2410 1462 2445; x_wconf 86' lang='lat' dir='ltr'><strong><em>sive</em></strong></span> <span class='ocrx_word' id='word_1_373' title='bbox 1477 2410 1628 2454; x_wconf 86' lang='lat' dir='ltr'><strong><em>alterius,</em></strong></span> <span class='ocrx_word' id='word_1_374' title='bbox 1644 2421 1701 2446; x_wconf 82' lang='lat' dir='ltr'><strong><em>ve—</em></strong></span> 
     </span>
     <span class='ocr_line' id='line_1_37' title="bbox 155 2466 1701 2514; baseline 0 -11"><span class='ocrx_word' id='word_1_375' title='bbox 155 2467 339 2503; x_wconf 89' lang='lat' dir='ltr'><strong><em>tustissimi</em></strong></span> <span class='ocrx_word' id='word_1_376' title='bbox 353 2467 463 2514; x_wconf 44' lang='lat' dir='ltr'><strong><em>,plane</em></strong></span> <span class='ocrx_word' id='word_1_377' title='bbox 487 2466 660 2513; x_wconf 82' lang='lat' dir='ltr'><strong><em>scriptoris</em></strong></span> <span class='ocrx_word' id='word_1_378' title='bbox 684 2469 737 2500; x_wconf 87' lang='lat' dir='ltr'><strong><em>est</em></strong></span> <span class='ocrx_word' id='word_1_379' title='bbox 759 2470 794 2501; x_wconf 91' lang='lat' dir='ltr'><strong><em>et</em></strong></span> <span class='ocrx_word' id='word_1_380' title='bbox 816 2466 951 2502; x_wconf 85' lang='lat' dir='ltr'><strong><em>eruditi.</em></strong></span> <span class='ocrx_word' id='word_1_381' title='bbox 995 2467 1108 2502; x_wconf 76' lang='lat' dir='ltr'><strong><em>Multo</em></strong></span> <span class='ocrx_word' id='word_1_382' title='bbox 1130 2467 1165 2502; x_wconf 91' lang='lat' dir='ltr'><strong><em>id</em></strong></span> <span class='ocrx_word' id='word_1_383' title='bbox 1186 2467 1337 2514; x_wconf 85' lang='lat' dir='ltr'><strong><em>apertius</em></strong></span> <span class='ocrx_word' id='word_1_384' title='bbox 1357 2467 1463 2502; x_wconf 85' lang='lat' dir='ltr'><strong><em>tradit</em></strong></span> <span class='ocrx_word' id='word_1_385' title='bbox 1484 2467 1701 2514; x_wconf 84' lang='lat' dir='ltr'><strong><em>Augustinus</em></strong></span> 
     </span>
     <span class='ocr_line' id='line_1_38' title="bbox 154 2522 1702 2572; baseline 0 -13"><span class='ocrx_word' id='word_1_386' title='bbox 154 2524 264 2572; x_wconf 80' lang='lat' dir='ltr'><strong><em>Epist.</em></strong></span> <span class='ocrx_word' id='word_1_387' title='bbox 277 2536 346 2560; x_wconf 74' lang='lat' dir='ltr'><strong><em>arv.</em></strong></span> <span class='ocrx_word' id='word_1_388' title='bbox 362 2534 384 2559; x_wconf 87' lang='lat' dir='ltr'><strong><em>a</em></strong></span> <span class='ocrx_word' id='word_1_389' title='bbox 398 2534 466 2571; x_wconf 85' lang='lat' dir='ltr'><strong><em>quo</em></strong></span> <span class='ocrx_word' id='word_1_390' title='bbox 482 2534 561 2559; x_wconf 89' lang='lat' dir='ltr'><strong><em>cum</em></strong></span> <span class='ocrx_word' id='word_1_391' title='bbox 575 2522 800 2559; x_wconf 82' lang='lat' dir='ltr'><strong><em>Macedonius</em></strong></span> <span class='ocrx_word' id='word_1_392' title='bbox 815 2523 956 2569; x_wconf 88' lang='lat' dir='ltr'><strong><em>quidam</em></strong></span> <span class='ocrx_word' id='word_1_393' title='bbox 969 2524 1021 2558; x_wconf 82' lang='lat' dir='ltr'><strong><em>vir</em></strong></span> <span class='ocrx_word' id='word_1_394' title='bbox 1035 2524 1221 2570; x_wconf 83' lang='lat' dir='ltr'><strong><em>primarius</em></strong></span> <span class='ocrx_word' id='word_1_395' title='bbox 1238 2523 1446 2570; x_wconf 87' lang='lat' dir='ltr'><strong><em>quaesisset,</em></strong></span> <span class='ocrx_word' id='word_1_396' title='bbox 1461 2527 1579 2559; x_wconf 86' lang='lat' dir='ltr'><strong><em>utrum</em></strong></span> <span class='ocrx_word' id='word_1_397' title='bbox 1592 2525 1702 2571; x_wconf 89' lang='lat' dir='ltr'><strong><em>pieta·</em></strong></span> 
     </span>
     <span class='ocr_line' id='line_1_39' title="bbox 154 2580 1702 2630; baseline 0.001 -13"><span class='ocrx_word' id='word_1_398' title='bbox 154 2582 199 2618; x_wconf 87' lang='lat' dir='ltr'><strong><em>tis</em></strong></span> <span class='ocrx_word' id='word_1_399' title='bbox 213 2584 352 2630; x_wconf 86' lang='lat' dir='ltr'><strong><em>putaret</em></strong></span> <span class='ocrx_word' id='word_1_400' title='bbox 373 2591 466 2624; x_wconf 89' lang='lat' dir='ltr'><strong><em>esse,</em></strong></span> <span class='ocrx_word' id='word_1_401' title='bbox 487 2581 656 2628; x_wconf 88' lang='lat' dir='ltr'><strong><em>episcopis</em></strong></span> <span class='ocrx_word' id='word_1_402' title='bbox 677 2590 815 2615; x_wconf 86' lang='lat' dir='ltr'><strong><em>reorum</em></strong></span> <span class='ocrx_word' id='word_1_403' title='bbox 836 2590 968 2626; x_wconf 86' lang='lat' dir='ltr'><strong><em>poenas</em></strong></span> <span class='ocrx_word' id='word_1_404' title='bbox 989 2580 1253 2627; x_wconf 86' lang='lat' dir='ltr'><strong><em>deprecantibus</em></strong></span> <span class='ocrx_word' id='word_1_405' title='bbox 1276 2591 1446 2624; x_wconf 82' lang='lat' dir='ltr'><strong><em>annuere,</em></strong></span> <span class='ocrx_word' id='word_1_406' title='bbox 1465 2581 1584 2628; x_wconf 89' lang='lat' dir='ltr'><strong><em>itaque</em></strong></span> <span class='ocrx_word' id='word_1_407' title='bbox 1605 2581 1702 2618; x_wconf 88' lang='lat' dir='ltr'><strong><em>dubi·</em></strong></span> 
     </span>
     <span class='ocr_line' id='line_1_40' title="bbox 156 2637 1700 2686; baseline 0 -12"><span class='ocrx_word' id='word_1_408' title='bbox 156 2641 277 2674; x_wconf 64' lang='lat' dir='ltr'><strong><em>nasot:</em></strong></span> <span class='ocrx_word' id='word_1_409' title='bbox 294 2638 388 2673; x_wconf 84' lang='lat' dir='ltr'><strong><em>Nam</em></strong></span> <span class='ocrx_word' id='word_1_410' title='bbox 403 2640 436 2672; x_wconf 70' lang='lat' dir='ltr'><strong><em>m·</em></strong></span> <span class='ocrx_word' id='word_1_411' title='bbox 450 2639 618 2673; x_wconf 64' lang='lat' dir='ltr'><strong><em>adomim</em></strong></span> <span class='ocrx_word' id='word_1_412' title='bbox 632 2643 779 2684; x_wconf 86' lang='lat' dir='ltr'><strong><em>peccata</em></strong></span> <span class='ocrx_word' id='word_1_413' title='bbox 795 2638 881 2671; x_wconf 87' lang='lat' dir='ltr'><strong><em>adeo</em></strong></span> <span class='ocrx_word' id='word_1_414' title='bbox 891 2637 1126 2683; x_wconf 74' lang='lat' dir='ltr'><strong><em>prohibentur,</em></strong></span> <span class='ocrx_word' id='word_1_415' title='bbox 1141 2643 1182 2672; x_wconf 80' lang='lat' dir='ltr'><strong><em>ut</em></strong></span> <span class='ocrx_word' id='word_1_416' title='bbox 1194 2650 1235 2672; x_wconf 84' lang='lat' dir='ltr'><strong><em>ne</em></strong></span> <span class='ocrx_word' id='word_1_417' title='bbox 1244 2639 1442 2683; x_wconf 82' lang='lat' dir='ltr'><strong><em>poenitendi</em></strong></span> <span class='ocrx_word' id='word_1_418' title='bbox 1455 2640 1585 2684; x_wconf 76' lang='lat' dir='ltr'><strong><em>quidem</em></strong></span> <span class='ocrx_word' id='word_1_419' title='bbox 1601 2642 1700 2686; x_wconf 80' lang='lat' dir='ltr'><strong><em>copia</em></strong></span> 
     </span>
     <span class='ocr_line' id='line_1_41' title="bbox 152 2694 1701 2742; baseline 0.001 -12"><span class='ocrx_word' id='word_1_420' title='bbox 152 2701 234 2741; x_wconf 80' lang='lat' dir='ltr'><strong><em>post</em></strong></span> <span class='ocrx_word' id='word_1_421' title='bbox 240 2698 388 2742; x_wconf 73' lang='lat' dir='ltr'><strong><em>primam</em></strong></span> <span class='ocrx_word' id='word_1_422' title='bbox 398 2697 639 2742; x_wconf 82' lang='lat' dir='ltr'><strong><em>poenitentiam</em></strong></span> <span class='ocrx_word' id='word_1_423' title='bbox 656 2694 836 2735; x_wconf 76' lang='lat' dir='ltr'><strong><em>tribuatur,</em></strong></span> <span class='ocrx_word' id='word_1_424' title='bbox 853 2695 1126 2739; x_wconf 76' lang='lat' dir='ltr'><strong><em>quemadmodum</em></strong></span> <span class='ocrx_word' id='word_1_425' title='bbox 1137 2706 1380 2740; x_wconf 80' lang='lat' dir='ltr'><strong><em>nospossumus</em></strong></span> <span class='ocrx_word' id='word_1_426' title='bbox 1391 2707 1432 2729; x_wconf 74' lang='lat' dir='ltr'><strong><em>ex</em></strong></span> <span class='ocrx_word' id='word_1_427' title='bbox 1446 2696 1609 2741; x_wconf 77' lang='lat' dir='ltr'><strong><em>reliqione</em></strong></span> <span class='ocrx_word' id='word_1_428' title='bbox 1624 2709 1701 2731; x_wconf 85' lang='lat' dir='ltr'><strong><em>con·</em></strong></span> 
     </span>
     <span class='ocr_line' id='line_1_42' title="bbox 159 2751 1700 2798; baseline 0.002 -13"><span class='ocrx_word' id='word_1_429' title='bbox 159 2753 307 2794; x_wconf 73' lang='lat' dir='ltr'><strong><em>tendere,</em></strong></span> <span class='ocrx_word' id='word_1_430' title='bbox 322 2759 360 2788; x_wconf 80' lang='lat' dir='ltr'><strong><em>ut</em></strong></span> <span class='ocrx_word' id='word_1_431' title='bbox 373 2753 466 2786; x_wconf 80' lang='lat' dir='ltr'><strong><em>nobis</em></strong></span> <span class='ocrx_word' id='word_1_432' title='bbox 481 2753 704 2798; x_wconf 80' lang='lat' dir='ltr'><strong><em>qualecunque</em></strong></span> <span class='ocrx_word' id='word_1_433' title='bbox 719 2752 806 2785; x_wconf 80' lang='lat' dir='ltr'><strong><em>illud</em></strong></span> <span class='ocrx_word' id='word_1_434' title='bbox 821 2753 946 2784; x_wconf 81' lang='lat' dir='ltr'><strong><em>crimen</em></strong></span> <span class='ocrx_word' id='word_1_435' title='bbox 952 2753 1080 2796; x_wconf 79' lang='lat' dir='ltr'><strong><em>fuerit,</em></strong></span> <span class='ocrx_word' id='word_1_436' title='bbox 1098 2753 1309 2786; x_wconf 75' lang='lat' dir='ltr'><strong><em>dimittatur?</em></strong></span> <span class='ocrx_word' id='word_1_437' title='bbox 1352 2751 1569 2798; x_wconf 80' lang='lat' dir='ltr'><strong><em>Augustinus</em></strong></span> <span class='ocrx_word' id='word_1_438' title='bbox 1583 2753 1635 2788; x_wconf 82' lang='lat' dir='ltr'><strong><em>its</em></strong></span> <span class='ocrx_word' id='word_1_439' title='bbox 1648 2765 1700 2788; x_wconf 85' lang='lat' dir='ltr'><strong><em>re-</em></strong></span> 
     </span>
     <span class='ocr_line' id='line_1_43' title="bbox 159 2807 1701 2854; baseline 0.001 -11"><span class='ocrx_word' id='word_1_440' title='bbox 159 2807 318 2854; x_wconf 77' lang='lat' dir='ltr'><strong><em>spondet:</em></strong></span> <span class='ocrx_word' id='word_1_441' title='bbox 354 2809 398 2843; x_wconf 84' lang='lat' dir='ltr'><strong><em>In</em></strong></span> <span class='ocrx_word' id='word_1_442' title='bbox 420 2814 545 2843; x_wconf 74' lang='lat' dir='ltr'><strong><em>tantum</em></strong></span> <span class='ocrx_word' id='word_1_443' title='bbox 570 2815 679 2843; x_wconf 83' lang='lat' dir='ltr'><strong><em>autem</em></strong></span> <span class='ocrx_word' id='word_1_444' title='bbox 702 2808 867 2842; x_wconf 74' lang='lat' dir='ltr'><strong><em>hominum</em></strong></span> <span class='ocrx_word' id='word_1_445' title='bbox 891 2808 1076 2854; x_wconf 75' lang='lat' dir='ltr'><strong><em>aliquando</em></strong></span> <span class='ocrx_word' id='word_1_446' title='bbox 1098 2810 1262 2853; x_wconf 70' lang='lat' dir='ltr'><strong><em>iniquitas</em></strong></span> <span class='ocrx_word' id='word_1_447' title='bbox 1278 2810 1511 2854; x_wconf 71' lang='lat' dir='ltr'><strong><em>proqreditur,</em></strong></span> <span class='ocrx_word' id='word_1_448' title='bbox 1537 2816 1574 2844; x_wconf 75' lang='lat' dir='ltr'><strong><em>et</em></strong></span> <span class='ocrx_word' id='word_1_449' title='bbox 1599 2814 1701 2845; x_wconf 74' lang='lat' dir='ltr'><strong><em>etiam</em></strong></span> 
     </span>
     <span class='ocr_line' id='line_1_44' title="bbox 153 2865 1699 2912; baseline 0.002 -12"><span class='ocrx_word' id='word_1_450' title='bbox 153 2870 235 2910; x_wconf 73' lang='lat' dir='ltr'><strong><em>post</em></strong></span> <span class='ocrx_word' id='word_1_451' title='bbox 246 2870 360 2900; x_wconf 80' lang='lat' dir='ltr'><strong><em>actam</em></strong></span> <span class='ocrx_word' id='word_1_452' title='bbox 370 2869 625 2912; x_wconf 79' lang='lat' dir='ltr'><strong><em>poenitentiam,</em></strong></span> <span class='ocrx_word' id='word_1_453' title='bbox 642 2870 724 2911; x_wconf 86' lang='lat' dir='ltr'><strong><em>post</em></strong></span> <span class='ocrx_word' id='word_1_454' title='bbox 746 2865 871 2898; x_wconf 75' lang='lat' dir='ltr'><strong><em>altaris</em></strong></span> <span class='ocrx_word' id='word_1_455' title='bbox 891 2865 1216 2906; x_wconf 75' lang='lat' dir='ltr'><strong><em>reconciliationem,</em></strong></span> <span class='ocrx_word' id='word_1_456' title='bbox 1237 2866 1293 2899; x_wconf 78' lang='lat' dir='ltr'><strong><em>vel</em></strong></span> <span class='ocrx_word' id='word_1_457' title='bbox 1309 2867 1439 2900; x_wconf 77' lang='lat' dir='ltr'><strong><em>similia</em></strong></span> <span class='ocrx_word' id='word_1_458' title='bbox 1461 2868 1516 2901; x_wconf 76' lang='lat' dir='ltr'><strong><em>vel</em></strong></span> <span class='ocrx_word' id='word_1_459' title='bbox 1531 2871 1699 2912; x_wconf 75' lang='lat' dir='ltr'><strong><em>yram’ora</em></strong></span> 
     </span>
     <span class='ocr_line' id='line_1_45' title="bbox 160 2921 1700 2970; baseline 0.003 -15"><span class='ocrx_word' id='word_1_460' title='bbox 160 2923 364 2956; x_wconf 78' lang='lat' dir='ltr'><strong><em>committant</em></strong></span> <span class='ocrx_word' id='word_1_461' title='bbox 377 2927 440 2957; x_wconf 77' lang='lat' dir='ltr'><strong><em>etc.</em></strong></span> <span class='ocrx_word' id='word_1_462' title='bbox 472 2922 521 2957; x_wconf 86' lang='lat' dir='ltr'><strong><em>Et</em></strong></span> <span class='ocrx_word' id='word_1_463' title='bbox 533 2924 684 2970; x_wconf 79' lang='lat' dir='ltr'><strong><em>quamvis</em></strong></span> <span class='ocrx_word' id='word_1_464' title='bbox 699 2924 748 2956; x_wconf 78' lang='lat' dir='ltr'><strong><em>eie</em></strong></span> <span class='ocrx_word' id='word_1_465' title='bbox 762 2924 799 2955; x_wconf 82' lang='lat' dir='ltr'><strong><em>in</em></strong></span> <span class='ocrx_word' id='word_1_466' title='bbox 815 2922 960 2956; x_wconf 74' lang='lat' dir='ltr'><strong><em>ecclesia</em></strong></span> <span class='ocrx_word' id='word_1_467' title='bbox 977 2922 1069 2956; x_wconf 81' lang='lat' dir='ltr'><strong><em>locus</em></strong></span> <span class='ocrx_word' id='word_1_468' title='bbox 1084 2921 1291 2956; x_wconf 75' lang='lat' dir='ltr'><strong><em>humillimae</em></strong></span> <span class='ocrx_word' id='word_1_469' title='bbox 1300 2926 1529 2969; x_wconf 74' lang='lat' dir='ltr'><strong><em>poenitentiae</em></strong></span> <span class='ocrx_word' id='word_1_470' title='bbox 1545 2937 1608 2959; x_wconf 85' lang='lat' dir='ltr'><strong><em>uon</em></strong></span> <span class='ocrx_word' id='word_1_471' title='bbox 1624 2938 1700 2960; x_wconf 86' lang='lat' dir='ltr'><strong><em>con-</em></strong></span> 
     </span>
     <span class='ocr_line' id='line_1_46' title="bbox 160 2979 1700 3028; baseline 0.003 -16"><span class='ocrx_word' id='word_1_472' title='bbox 160 2979 311 3019; x_wconf 81' lang='lat' dir='ltr'><strong><em>cedatur,</em></strong></span> <span class='ocrx_word' id='word_1_473' title='bbox 333 2979 413 3013; x_wconf 72' lang='lat' dir='ltr'><strong><em>dees</em></strong></span> <span class='ocrx_word' id='word_1_474' title='bbox 433 2985 542 3014; x_wconf 69' lang='lat' dir='ltr'><strong><em>tantm</em></strong></span> <span class='ocrx_word' id='word_1_475' title='bbox 562 2992 665 3026; x_wconf 83' lang='lat' dir='ltr'><strong><em>super</em></strong></span> <span class='ocrx_word' id='word_1_476' title='bbox 687 2991 742 3013; x_wconf 85' lang='lat' dir='ltr'><strong><em>eos</em></strong></span> <span class='ocrx_word' id='word_1_477' title='bbox 763 2990 845 3012; x_wconf 75' lang='lat' dir='ltr'><strong><em>suae</em></strong></span> <span class='ocrx_word' id='word_1_478' title='bbox 861 2980 1054 3024; x_wconf 75' lang='lat' dir='ltr'><strong><em>patientiae</em></strong></span> <span class='ocrx_word' id='word_1_479' title='bbox 1068 2991 1132 3012; x_wconf 80' lang='lat' dir='ltr'><strong><em>non</em></strong></span> <span class='ocrx_word' id='word_1_480' title='bbox 1148 2979 1367 3016; x_wconf 72' lang='lat' dir='ltr'><strong><em>obliviscitur.</em></strong></span> <span class='ocrx_word' id='word_1_481' title='bbox 1415 2980 1472 3015; x_wconf 73' lang='lat' dir='ltr'><strong><em>Ex</em></strong></span> <span class='ocrx_word' id='word_1_482' title='bbox 1486 2994 1622 3028; x_wconf 81' lang='lat' dir='ltr'><strong><em>quorum</em></strong></span> <span class='ocrx_word' id='word_1_483' title='bbox 1641 2995 1700 3016; x_wconf 75' lang='lat' dir='ltr'><strong><em>mt-</em></strong></span> 
     </span>
     <span class='ocr_line' id='line_1_47' title="bbox 159 3035 1699 3082; baseline 0.004 -14"><span class='ocrx_word' id='word_1_484' title='bbox 159 3046 248 3069; x_wconf 84' lang='lat' dir='ltr'><strong><em>mero</em></strong></span> <span class='ocrx_word' id='word_1_485' title='bbox 263 3036 296 3068; x_wconf 82' lang='lat' dir='ltr'><strong><em>si</em></strong></span> <span class='ocrx_word' id='word_1_486' title='bbox 309 3038 382 3081; x_wconf 74' lang='lat' dir='ltr'><strong><em>quis</em></strong></span> <span class='ocrx_word' id='word_1_487' title='bbox 397 3035 490 3070; x_wconf 80' lang='lat' dir='ltr'><strong><em>nobis</em></strong></span> <span class='ocrx_word' id='word_1_488' title='bbox 504 3037 614 3079; x_wconf 77' lang='lat' dir='ltr'><strong><em>dicat,</em></strong></span> <span class='ocrx_word' id='word_1_489' title='bbox 637 3042 698 3071; x_wconf 83' lang='lat' dir='ltr'><strong><em>aut</em></strong></span> <span class='ocrx_word' id='word_1_490' title='bbox 711 3037 790 3070; x_wconf 82' lang='lat' dir='ltr'><strong><em>date</em></strong></span> <span class='ocrx_word' id='word_1_491' title='bbox 805 3035 890 3069; x_wconf 77' lang='lat' dir='ltr'><strong><em>milti</em></strong></span> <span class='ocrx_word' id='word_1_492' title='bbox 904 3037 1040 3069; x_wconf 78' lang='lat' dir='ltr'><strong><em>eundem</em></strong></span> <span class='ocrx_word' id='word_1_493' title='bbox 1060 3037 1182 3070; x_wconf 78' lang='lat' dir='ltr'><strong><em>iterum</em></strong></span> <span class='ocrx_word' id='word_1_494' title='bbox 1199 3038 1396 3082; x_wconf 74' lang='lat' dir='ltr'><strong><em>poenitendi</em></strong></span> <span class='ocrx_word' id='word_1_495' title='bbox 1417 3039 1539 3080; x_wconf 84' lang='lat' dir='ltr'><strong><em>locum,</em></strong></span> <span class='ocrx_word' id='word_1_496' title='bbox 1562 3045 1623 3073; x_wconf 84' lang='lat' dir='ltr'><strong><em>aut</em></strong></span> <span class='ocrx_word' id='word_1_497' title='bbox 1643 3041 1699 3074; x_wconf 85' lang='lat' dir='ltr'><strong><em>de-</em></strong></span> 
     </span>
     <span class='ocr_line' id='line_1_48' title="bbox 159 3093 1700 3140; baseline 0.003 -14"><span class='ocrx_word' id='word_1_498' title='bbox 159 3098 327 3137; x_wconf 72' lang='lat' dir='ltr'><strong><em>speratum</em></strong></span> <span class='ocrx_word' id='word_1_499' title='bbox 343 3103 393 3126; x_wconf 87' lang='lat' dir='ltr'><strong><em>me</em></strong></span> <span class='ocrx_word' id='word_1_500' title='bbox 403 3095 601 3138; x_wconf 70' lang='lat' dir='ltr'><strong><em>permittite,</em></strong></span> <span class='ocrx_word' id='word_1_501' title='bbox 616 3095 795 3138; x_wconf 72' lang='lat' dir='ltr'><strong><em>utsact‘am</em></strong></span> <span class='ocrx_word' id='word_1_502' title='bbox 805 3093 968 3138; x_wconf 76' lang='lat' dir='ltr'><strong><em>quidquid</em></strong></span> <span class='ocrx_word' id='word_1_503' title='bbox 977 3093 1126 3136; x_wconf 78' lang='lat' dir='ltr'><strong><em>libuerit,</em></strong></span> <span class='ocrx_word' id='word_1_504' title='bbox 1142 3098 1300 3139; x_wconf 76' lang='lat' dir='ltr'><strong><em>quantum</em></strong></span> <span class='ocrx_word' id='word_1_505' title='bbox 1319 3097 1403 3128; x_wconf 82' lang='lat' dir='ltr'><strong><em>meis</em></strong></span> <span class='ocrx_word' id='word_1_506' title='bbox 1423 3096 1541 3140; x_wconf 79' lang='lat' dir='ltr'><strong><em>opibus</em></strong></span> <span class='ocrx_word' id='word_1_507' title='bbox 1556 3097 1700 3130; x_wconf 79' lang='lat' dir='ltr'><strong><em>adiuvor</em></strong></span> 
     </span>
    </p>
   </div>
   <div class='ocr_carea' id='block_1_5' title="bbox 1734 1153 1834 1187">
    <p class='ocr_par' dir='ltr' id='par_1_6' title="bbox 1734 1153 1834 1187">
     <span class='ocr_line' id='line_1_49' title="bbox 1734 1153 1834 1187; baseline 0.03 -9"><span class='ocrx_word' id='word_1_508' title='bbox 1734 1162 1765 1187; x_wconf 80' lang='lat' dir='ltr'><strong><em>p.</em></strong></span> <span class='ocrx_word' id='word_1_509' title='bbox 1776 1153 1834 1181; x_wconf 74' lang='grc'><strong><em>236.</em></strong></span> 
     </span>
    </p>
   </div>
  </div>
 </body>
</html>
