2008 3294
1570 144 1684 182 CCLV

133 263 175 290 ac
190 253 334 290 minime
349 253 507 300 legitimo
523 256 677 300 tempore
693 253 928 299 fungerentur.
975 249 1071 292 Quae
1087 250 1181 286 enim
1197 254 1250 285 est
1263 250 1330 286 ista
1345 250 1453 293 ratio,
1475 253 1536 300 ant
1551 249 1634 295 qnid
1648 249 1686 284 in

133 315 288 347 mentem
303 308 495 358 Epiphanio
511 311 624 354 venit,
644 313 684 345 ut
704 310 748 345 ab
770 308 938 356 apostolis
953 308 1181 343 coustitutum
1202 307 1296 343 istud
1319 310 1505 350 assereret,
1528 309 1685 353 oportere

134 367 348 404 Christianos
364 378 485 403 omnes
509 378 549 402 ac
565 366 622 401 rev
638 365 744 402 πάντα
760 367 885 413 κόσμον
901 375 980 400 cum
995 365 1152 400 recutitis
1166 364 1296 411 pascha
1317 364 1455 404 facere?
1491 363 1604 399 Nimis
1619 362 1686 398 hoc

134 425 324 461 absurdum
339 424 514 460 decretum
528 424 663 460 fuisset.
698 423 777 459 Non
791 432 961 470 negamus
977 421 1111 468 aliquot
1125 421 1249 456 saltem
1265 422 1442 468 apostolos
1457 421 1556 456 initio
1571 419 1616 455 ad
1631 419 1686 455 Iu·

135 482 300 518 daeorum
317 492 354 516 se
370 485 506 528 tempus
531 481 832 524 accommodasse,
855 478 948 527 quod
970 478 1013 514 de
1034 477 1163 513 Ioanne
1185 478 1396 525 Polycarpus
1420 482 1455 513 et
1475 477 1687 524 Polycrates,

134 539 346 585 Asiaticique
370 549 492 574 omnes
515 542 637 574 contra
659 538 836 574 Romanos
858 535 1041 584 pontifices
1064 536 1225 582 excipere
1248 535 1424 579 solebant,
1455 538 1493 570 ut
1515 534 1686 570 Eusebius

133 595 261 642 aliique
277 599 411 631 veteres
428 598 611 631 testantur.
642 595 771 631 Verum
789 593 828 630 id
841 593 913 629 ulla
928 592 1174 628 constitutione
1191 591 1371 628 definitum
1385 593 1431 627 ab
1445 591 1613 639 apostolis
1627 602 1687 627 ne-

135 662 261 698 gamus
278 652 431 688 omnino.
480 652 572 695 Quin
592 652 710 700 potius
725 650 938 687 contrarium
953 650 998 685 ab
1013 649 1136 685 iisdem
1151 649 1221 684 illis
1237 653 1374 685 constat
1387 649 1496 684 fuisse
1510 649 1688 685 traditum.

135 708 242 745 Cuius
258 709 474 756 παραδόσεως
489 709 650 745 meminit
662 708 832 744 Eusebius
846 707 907 743 lib.
919 718 951 742 v.
966 706 1095 743 Hister.
1113 717 1188 753 cap.
1202 718 1303 743 xxnr.
1339 706 1430 741 Nam
1446 718 1526 742 cum
1541 706 1690 741 dixisset

133 766 282 803 Asianos
298 764 334 801 ἐκ
350 767 564 814 παραδόσεως
584 765 723 814 ἀρχαίας
746 777 818 803 xxv.
836 764 922 801 luna
939 763 1080 800 Iudaico
1102 774 1199 799 more
1220 762 1351 810 pascha
1370 764 1566 810 peregisse,
1589 762 1689 809 ὁποίᾳ

135 821 166 858 δ’
180 822 217 858 ἂν
228 821 334 870 ἡμέρᾳ
347 825 402 868 τῆς
415 821 597 870 ἑβδομάδος
609 821 856 870 περιτυγχάνοι,
873 821 992 857 subdit
1006 832 1091 856 mox
1106 821 1144 856 in
1159 821 1302 856 caeteris
1318 821 1481 856 omnibns
1496 832 1557 867 per
1569 821 1688 856 orbem

134 880 290 917 ecclesiis
306 878 339 920 ἐξ
355 879 576 924 ἀποστολικῆς
591 880 805 927 παραδόσεως
825 878 1033 915 contrariam
1055 877 1165 914 fuisse
1186 877 1484 914 consuetudinem.
1529 878 1689 913 Socrates

135 947 216 972 vero
231 937 290 973 lib.
300 949 332 973 v.
351 947 427 984 cap.
441 949 527 974 xxn.
543 937 662 972 scribit
677 935 1006 972 Tessaresdecatitas
1022 935 1150 971 iactare
1173 946 1211 970 se
1233 934 1443 970 celebritatis
1462 946 1545 970 suae
1559 935 1689 970 formu·

135 995 206 1031 lam
217 1006 239 1030 a
250 994 380 1031 Ioanne
393 994 553 1030 didicisse
563 1020 572 1037 ,
588 997 708 1030 contra
719 994 896 1030 Romanos
913 995 949 1029 et
963 992 1194 1029 occidentales
1209 1003 1331 1028 omues
1348 1002 1449 1027 suam
1465 992 1533 1026 sibi
1547 992 1590 1026 ab
1607 1003 1689 1038 apo-

135 1051 304 1087 stolorum
318 1051 533 1098 principibus
547 1051 710 1087 traditam
725 1061 891 1087 asserere.
918 1048 1010 1084 ’Au’
1027 1049 1131 1090 οὐδεὶς
1147 1049 1205 1096 μὶν
1221 1049 1347 1084 τούτων
1363 1047 1528 1095 ἔγγραφον
1544 1046 1611 1095 ἔχει
1627 1061 1689 1083 πα-

137 1110 271 1155 ρασχεῖν
287 1107 344 1152 τὴν
361 1107 432 1155 περὶ
447 1108 573 1143 τούτων
597 1105 767 1148 ἀπόδειξιν.
815 1107 927 1150 Quam
950 1107 1097 1143 eandem
1112 1106 1205 1142 Petri
1225 1117 1266 1141 ae
1280 1106 1378 1141 Pauli
1396 1106 1619 1141 traditionem
1634 1117 1689 1141 ca-

134 1164 254 1201 tholici
268 1165 304 1200 in
320 1164 502 1201 Britannia
518 1169 638 1201 contra
654 1165 776 1200 Scotos
793 1165 977 1211 urgebant.
1007 1165 1095 1200 Vide
1108 1163 1240 1200 Bedam
1255 1164 1316 1199 lib.
1328 1176 1380 1199 ιιι.
1395 1163 1525 1199 Hister.
1539 1164 1643 1209 Angl.

226 1219 306 1256 Ὅτι
319 1221 378 1268 κᾷν
391 1233 426 1256 τε
438 1221 656 1267 πλανηθῶοι]
679 1221 719 1258 si
733 1222 787 1257 vel
803 1222 1005 1258 aberrantes
1021 1221 1115 1263 illos,
1133 1222 1193 1267 qui
1206 1220 1345 1256 Iudaice
1361 1221 1598 1264 celebrabant,
1614 1221 1690 1255 imi-

135 1278 203 1314 tari
217 1279 339 1315 iubent
351 1279 519 1326 apostoli,
541 1282 634 1315 recte
655 1278 691 1315 id
710 1278 754 1315 ab
770 1278 937 1315 Audianis
953 1279 1097 1315 allatum
1113 1282 1166 1313 est
1182 1278 1226 1313 ad
1242 1278 1296 1314 sui
1311 1289 1352 1313 ac
1368 1277 1500 1313 Iudaici
1515 1277 1690 1325 paschatis

136 1335 358 1382 praesidium.
404 1336 449 1371 At
469 1335 681 1383 Epiphanius
705 1334 778 1370 κατ’
796 1333 999 1383 οἰκονομίαν,
1024 1339 1058 1370 et
1079 1335 1122 1370 ad
1139 1338 1277 1382 tempus
1301 1335 1475 1371 duntaxat
1493 1335 1690 1371 institutum

135 1392 201 1428 hoc
215 1392 471 1430 fuisseceuset.

226 1448 284 1491 Ἐξ
300 1449 407 1486 αὐτῶν
425 1448 461 1485 δὲ
475 1451 541 1485 τῶν
554 1449 657 1486 iazies
673 1448 876 1497 ιῖρημίνων.]
922 1449 1018 1492 Quae
1041 1454 1234 1497 sequuntur
1255 1450 1383 1486 mirum
1402 1450 1439 1486 in
1460 1450 1604 1486 modum
1625 1451 1690 1486 im-

135 1507 262 1554 plicata
275 1510 360 1543 sunt
374 1510 409 1543 et.
423 1507 581 1543 obscura.
612 1498 823 1555 suspicabar
836 1506 1004 1542 hactenus
1019 1504 1175 1541 ἀντίθεσιν
1190 1507 1287 1543 illam
1297 1533 1307 1550 ,
1326 1507 1369 1543 de
1385 1518 1455 1554 qua
1469 1508 1633 1554 loquitur,
1649 1508 1691 1543 de

136 1562 303 1600 Audianis
315 1563 588 1610 intelligendam,
601 1565 728 1612 quibus
740 1564 1028 1601 constitutionum
1040 1564 1186 1600 istarum
1199 1564 1337 1600 decreta
1346 1564 1578 1611 refragantur.
1601 1564 1691 1607 Quid

137 1621 231 1656 enim
247 1620 341 1657 aliud
355 1621 508 1658 facerem
522 1622 559 1659 in
575 1625 649 1657 tam
669 1622 818 1668 abrupta
837 1621 1083 1668 inconditaque
1103 1621 1298 1657 sententia?
1328 1622 1457 1657 Verum
1473 1623 1638 1658 attentius
1653 1623 1690 1659 iu

137 1689 218 1714 eum
232 1678 348 1714 locum
363 1678 568 1715 incumbens
583 1689 629 1714 ex
648 1678 942 1725 consequentibus
963 1678 1067 1714 didici
1089 1678 1196 1714 alium
1219 1689 1297 1714 esse
1318 1690 1478 1722 sensum,
1501 1690 1606 1726 quem
1627 1680 1692 1716 tibi

136 1735 257 1782 paucis
270 1746 456 1782 exponam.
472 1735 560 1772 Cum
568 1735 717 1772 Audiani
727 1735 772 1771 ad
779 1735 954 1772 Iudaicam
963 1734 1138 1782 paschatis
1146 1735 1431 1771 consuetudinem
1445 1736 1691 1774 adstruendam

137 1793 253 1829 locum
279 1792 450 1839 quendam
473 1803 518 1829 ex
533 1793 742 1840 Apostolicis
765 1791 1080 1829 Constitutionibus
1101 1793 1383 1840 proposuissent,
1405 1794 1466 1839 qui
1486 1792 1552 1828 hoc
1574 1794 1692 1840 ipsum

141 1849 279 1885 disertis
295 1849 541 1897 conceptisque
552 1850 667 1886 verbis
683 1849 862 1886 testificari
872 1849 1055 1892 videretur,
1070 1849 1284 1896 Epiphanius
1300 1850 1466 1886 adversus
1482 1850 1571 1896 legis
1587 1852 1694 1886 verba
1728 1865 1755 1890 p.
1767 1857 1827 1885 m.

139 1906 229 1953 legis
240 1906 414 1943 sententia
423 1907 604 1954 pugnavit,
616 1910 651 1942 et
662 1906 706 1943 ad
718 1910 856 1954 tempus
869 1907 1040 1943 duntaxat
1052 1917 1093 1942 ac
1105 1906 1254 1942 tuendae
1265 1907 1470 1943 concordiae
1479 1909 1606 1954 gratia,
1618 1907 1692 1943 κατ’

138 1961 324 2010 οἰκονομίαν
339 1962 516 2001 decretura
531 1963 616 2000 illud
632 1964 792 2000 extitisse
807 1963 933 2000 docuit.
975 1963 1083 1999 Cuius
1099 1961 1311 1999 defensionis
1325 1964 1552 2000 illustrandae
1566 1975 1692 2001 caussa

137 2020 282 2058 alteram
302 2019 426 2057 iisdem
451 2021 490 2057 in
511 2021 819 2061 constitutionibus
842 2019 1026 2068 ἀντινομίαν
1048 2026 1083 2056 et
1105 2019 1306 2056 conflictum
1329 2021 1444 2056 inesse
1467 2022 1692 2066 demonstrat,

137 2080 309 2124 quatenus
329 2077 486 2114 diversae
507 2077 705 2116 sanctiones
726 2078 796 2113 sibi
817 2078 967 2114 invicem
990 2089 1183 2125 repugnare
1199 2078 1370 2121 videntur,
1391 2089 1470 2114 cum
1486 2090 1606 2115 revera
1620 2091 1691 2115 nou

137 2134 349 2182 discrepent,
365 2135 483 2171 sinon
498 2138 571 2171 tam
586 2135 696 2173 verba
709 2145 816 2182 quam
831 2135 1040 2171 sententiam
1056 2139 1205 2182 spectes.
1253 2135 1402 2182 Νοήματι
1418 2135 1453 2170 δὲ
1469 2137 1559 2170 πᾶσα
1573 2135 1594 2180 ἡ
1610 2135 1691 2180 ἀλή-

138 2191 208 2230 θεια
220 2188 296 2236 ἔστη
313 2194 373 2227 τοῦ
387 2192 609 2239 κηρύγματος.
649 2191 707 2228 Sic
723 2193 817 2228 enim
832 2191 918 2228 haec
934 2192 1194 2240 interpretanda
1207 2191 1394 2228 credimus.
1433 2192 1496 2228 Est
1511 2197 1628 2229 autem
1643 2195 1691 2228 ls-

137 2258 223 2295 gun
236 2249 295 2286 ine
310 2247 491 2291 conflictus
508 2248 690 2286 eiusmodi.
732 2249 858 2285 Iubent
877 2250 1028 2296 apostoli
1042 2260 1244 2295 azymorum
1258 2250 1336 2296 ipso
1351 2249 1406 2284 die
1422 2250 1552 2285 ieiunia
1566 2254 1602 2285 et
1615 2262 1691 2296 per-

137 2305 258 2352 vigilia
268 2316 291 2342 a
302 2304 504 2343 Christianis
517 2306 616 2342 obiri.
638 2305 726 2341 Item
736 2332 745 2349 ,
762 2317 831 2352 qno
843 2307 894 2342 illi
908 2310 1066 2353 tempore
1080 2307 1249 2342 conviviis
1265 2312 1300 2342 et
1311 2305 1542 2342 hilaritatibus
1553 2312 1693 2350 vacant,

136 2363 256 2409 lugere
271 2373 312 2398 ac
326 2363 479 2402 ieiunare
494 2361 726 2406 Christianos,
749 2365 784 2398 et
806 2367 926 2399 contra
947 2364 1151 2410 lugentibus
1171 2364 1240 2399 illis
1264 2363 1399 2410 epulari
1421 2373 1462 2398 ac
1483 2364 1637 2400 laetitiae
1653 2376 1692 2400 se

138 2419 271 2456 dedere.
317 2419 397 2456 Alia
415 2431 519 2467 porro
539 2420 598 2455 lex
622 2419 806 2455 dominicis
827 2419 948 2455 diebus
968 2421 1126 2456 ieiunare
1141 2419 1312 2467 prohibet.
1359 2419 1593 2462 Quamobrem
1608 2422 1639 2456 si
1653 2423 1691 2457 in

138 2476 347 2514 dominicam
362 2477 495 2524 primus
511 2476 604 2524 apud
619 2476 764 2512 Iudaeos
780 2486 984 2522 azymorum
999 2477 1072 2512 dies
1087 2476 1264 2519 inciderit,
1285 2487 1331 2512 ex
1351 2477 1535 2523 posteriori
1549 2478 1627 2522 lege
1642 2480 1691 2514 ie-

138 2533 259 2577 iunare
273 2533 372 2570 nefas
388 2534 507 2577 fuerit,
531 2533 624 2580 qnod
646 2533 740 2580 prior
755 2537 873 2569 tamen
889 2534 1092 2570 constitutio
1108 2534 1321 2580 praeseribit.
1350 2533 1456 2569 Vides
1471 2535 1691 2572 manifestam

140 2589 334 2640 ἀπολογίαν.
377 2590 557 2628 Eiusmodi
580 2594 632 2626 est
650 2590 713 2626 illa
735 2589 776 2625 de
797 2589 960 2636 paschate
983 2590 1121 2626 Iudaice
1145 2590 1351 2626 celebrando
1374 2591 1529 2635 sanctio,
1547 2593 1588 2628 in
1611 2604 1690 2640 qua,

141 2644 278 2695 perinde
301 2649 340 2683 ut
361 2648 398 2683 in
421 2648 548 2691 altera,
571 2647 779 2694 legislatoris
800 2651 954 2682 mentem
977 2658 1016 2682 ac
1041 2647 1249 2682 sententiam
1273 2647 1490 2683 considerare
1512 2649 1690 2687 debemus.

140 2696 192 2738 Ea
205 2712 286 2740 vero
301 2705 352 2740 sic
366 2704 623 2752 interpretanda
639 2708 702 2740 est.
742 2703 884 2746 Quoties
901 2707 980 2739 ante
996 2714 1143 2739 vernum
1160 2704 1416 2750 aequinoctium
1431 2707 1691 2752 quartadecima

141 2758 270 2795 Iudaici
280 2758 387 2796 Nisam
398 2761 533 2804 incidit,
550 2764 654 2808 atque
666 2761 717 2796 illi
729 2759 860 2808 pascha
872 2771 975 2796 suum
988 2756 1162 2796 celebrant
1170 2787 1179 2804 ,
1196 2759 1381 2797 Christiani
1392 2762 1550 2798 solennia
1561 2764 1690 2800 ieiunia

131 2817 302 2863 prosequi
317 2817 451 2853 debent.
477 2817 558 2861 Sin,
574 2822 611 2853 ut
626 2828 729 2864 saepe
744 2817 801 2860 fit,
817 2821 897 2864 post
912 2818 1169 2864 aequinoctium
1183 2817 1312 2854 festum
1327 2818 1426 2854 illum
1443 2819 1534 2856 diem
1550 2822 1688 2866 obeant,

142 2871 262 2908 eodem
279 2871 332 2908 die
348 2871 550 2910 Christianis
565 2875 696 2922 pascha
711 2885 813 2910 suum
830 2885 934 2920 agere
950 2885 990 2909 ac
1005 2875 1127 2910 laetari
1141 2875 1232 2911 licet.
1273 2874 1324 2910 De
1340 2887 1409 2922 quo
1426 2877 1470 2911 ad
1485 2883 1690 2925 sequentem

142 2940 322 2965 numerum
337 2930 438 2978 plura
451 2931 614 2968 dicemus.

231 2984 402 3022 Φὰσκουσι
413 2987 476 3035 γὰρ
487 2987 544 3034 τὴν
556 2989 733 3037 ἀγρυπνίαν
747 2988 876 3036 φέρειν]
899 2986 1094 3035 Ἀγρυπνίας
1106 2989 1310 3036 interpretor
1321 2993 1461 3036 viqilias
1473 2996 1507 3027 et
1518 2997 1688 3036 stationes,
