2008 3294
1525 216 1716 252 LXXXIX

162 332 282 359 mense
305 321 388 357 anni
407 322 593 368 superioris
614 321 825 357 inchoatum.
860 320 984 367 Coepit
1004 321 1098 355 enim
1112 321 1188 356 Kal.
1203 321 1340 356 Ianuar.
1356 321 1441 356 anni
1454 319 1580 356 Iuliani
1593 332 1714 357 cxxxv.

160 378 206 414 At
221 379 388 415 Vinucius
412 382 446 414 et
469 377 609 414 Cassius
633 389 723 415 coss.
746 378 903 437 incidunt
922 377 961 412 in
983 377 1158 413 Iulianum
1177 390 1298 422 mxxv„
1321 378 1451 414 Tiberii
1473 389 1544 414 xvr.
1567 377 1641 413 iam
1662 377 1715 412 in-

160 435 334 529 011οᾶῗῖ
315 493 356 528 de
371 492 518 530 Vinucio
535 496 569 528 et
585 493 704 528 Cassio
719 496 897 540 postrema
911 495 1068 539 superest
1083 492 1356 539 difficillimaque
1372 492 1547 539 quaestio,
1565 491 1715 528 iidemne

159 549 209 585 illi
221 551 292 586 sint
303 561 390 597 quos
402 550 545 586 Tacitus
559 550 678 585 scribit
689 551 711 586 l.
720 562 767 587 vr.
781 550 871 585 Anu.
882 559 1093 599 progeneros
1107 560 1128 584 a
1140 550 1278 586 Tiberio
1291 550 1428 593 ascitos,
1445 561 1476 587 a.
1486 560 1715 593 nccnxxxvr„

159 606 233 644 Ser.
253 606 366 643 Galba
381 611 416 643 et
430 607 468 644 L.
488 607 585 642 Sulla
601 619 691 644 coss.
723 607 815 643 Nam
834 607 872 643 L.
888 604 1009 643 Cassio
1025 606 1233 650 Drusillam,
1255 607 1304 643 M.
1313 607 1448 643 Vinicio
1464 608 1606 651 Iuliam,
1630 607 1714 643 Ger-

158 664 287 700 manici
300 663 410 708 fillas,
427 665 614 700 collocatas
631 675 708 700 esse
723 667 852 701 narrat.
892 664 1042 706 Vinicio,
1058 664 1188 710 inquit,
1206 666 1413 711 oppidanum
1427 677 1543 711 qenus.
1575 665 1715 700 Calibus

158 725 266 764 ortus,
287 727 390 768 patre
411 727 508 768 atque
533 734 597 757 avo
614 722 865 765 consularibus,
877 726 1027 757 caetera
1043 724 1188 768 equestri
1192 723 1338 767 familia
1355 728 1447 764 erat,
1471 725 1562 758 mitio
1579 725 1715 768 inqem'o
1726 762 1735 775 Ι

158 784 191 814 et
205 784 357 826 comptae
362 780 568 826 facundiae
602 779 740 814 Cassius
752 779 865 826 plebei
879 779 1005 821 Βοηιασ
1023 781 1174 824 qeneris,
1196 791 1310 814 verum
1332 781 1466 825 antiqui
1484 780 1714 827 honoratique,

158 842 189 870 et
202 846 321 870 severa
331 838 451 883 patris
467 837 654 883 dweiplina
671 838 827 880 eductus,
839 826 1020 883 facilitate
1042 838 1181 882 saepius
1201 847 1300 882 quam
1316 837 1487 871 industria
1504 839 1714 872 commenda-

156 892 267 927 batur.
290 893 375 928 Mox
393 893 559 928 eosdem
548 904 691 928 Iuvenes
706 893 867 941 appellat.
893 892 985 929 Sane
1000 892 1105 928 illos
1095 903 1190 940 1psos
1207 903 1285 928 esse
1302 893 1363 939 qui
1377 903 1467 930 coss.
1485 895 1595 930 tribus
1611 896 1713 930 annis

155 952 235 984 ante
251 949 405 994 fuerant,
421 951 593 985 suadent·
583 961 660 997 ipsa
674 951 824 997 primum
839 951 1000 993 nomin„
1022 950 1087 986 etsi
1104 949 1216 986 Cassii
1231 960 1443 997 praenomen
1459 951 1550 997 apud
1565 951 1713 987 Dionem

155 1006 201 1041 sit
214 1006 335 1049 Gaius,
352 1018 423 1042 non
441 1007 582 1042 Lucius.-
599 1008 771 1055 quomodo
787 1007 893 1043 etiam
909 1017 930 1043 a
943 1007 1136 1056 Pomponio
1152 1007 1212 1044 lib.
1231 1007 1273 1042 de
1290 1006 1385 1053 Orig.
1402 1007 1491 1042 Iuris
1507 1010 1712 1055 appellatur,

155 1063 214 1110 qui
237 1066 272 1099 et
293 1063 577 1100 iurisconsultum
602 1065 699 1100 illum
723 1064 760 1101 C.
778 1064 1159 1112 Cassium-Longinum
1182 1075 1261 1100 cum
1284 1063 1350 1100 hoc
1374 1068 1493 1100 nostro
1521 1066 1712 1108 confundit,

153 1112 321 1168 probante
338 1120 571 1168 Cuspiniano‚
593 1123 803 1157 reclamante
823 1133 905 1158 vero
928 1121 1056 1169 Lipsio.
1088 1121 1140 1156 Ad
1161 1121 1245 1157 baec
1262 1121 1449 1157 Suetonius
1471 1122 1508 1157 in
1525 1122 1608 1158 Caio
1624 1123 1711 1158 Dru-

155 1178 268 1213 sillam
289 1177 327 1214 L.
342 1178 462 1214 Cassio
479 1179 637 1226 Longino
652 1179 812 1226 nupsisse
828 1179 987 1226 prodidit.
1019 1178 1113 1222 Quas
1130 1179 1174 1214 ob
1191 1190 1332 1214 caussas
1348 1190 1451 1214 nemo
1467 1178 1634 1215 hactenus
1651 1181 1712 1216 du-

156 1235 277 1270 bitavit
298 1236 383 1283 quin
405 1237 509 1271 ambo
531 1237 583 1271 illi
599 1235 796 1272 Germanici
818 1237 938 1283 generi
961 1246 1052 1273 coss.
1069 1236 1198 1272 fuerint
1211 1237 1295 1272 anni
1310 1246 1532 1273 nocuum.
1576 1238 1711 1273 Primus

152 1291 320 1340 Keplerus
336 1293 373 1328 in
388 1293 529 1339 Eclogis
546 1293 744 1329 addubitare
761 1293 891 1342 coepit,
913 1296 948 1328 et
971 1293 1110 1340 quidem
1129 1293 1214 1329 iure.
1250 1293 1340 1329 Nam
1356 1294 1434 1341 quis
1450 1298 1548 1342 putet
1562 1300 1711 1342 praeter-

152 1350 342 1385 missurum
356 1349 442 1386 haec
455 1351 632 1394 Tacitum,
649 1362 727 1386 cum
743 1351 923 1398 utriusque
940 1354 1144 1386 ornamenta
1158 1354 1376 1387 recenseret?
1399 1352 1506 1398 Atqui
1521 1351 1564 1387 de
1576 1353 1711 1389 Vinicio

152 1418 261 1442 unum
276 1406 341 1443 hoc
357 1408 491 1452 retulit,
506 1412 603 1454 patre
619 1411 723 1455 atque
739 1419 802 1444 avo
820 1409 1060 1444 consularibus
1076 1408 1258 1444 oriundum
1275 1408 1394 1445 fuisse.
1417 1409 1469 1444 De
1482 1408 1602 1445 Cassio
1618 1421 1712 1454 vero,

151 1464 279 1510 plebeii
288 1464 396 1500 fuisse
408 1466 557 1512 generis.
582 1465 815 1508 Quamobrem
827 1469 961 1501 certum
973 1465 1059 1501 mihi
1071 1469 1126 1501 est
1135 1466 1291 1501 diversos
1304 1466 1390 1501 istos
1402 1477 1480 1501 esse
1493 1478 1514 1502 a
1527 1478 1614 1503 coss.
1627 1469 1712 1503 anni

152 1531 386 1565 nccnxxxm„
402 1523 560 1569 quamvis
577 1522 669 1558 idem
685 1534 814 1559 nomen
828 1522 1021 1559 habuerint.
1045 1522 1214 1559 Suetonio
1225 1534 1307 1558 vero
1323 1523 1515 1559 similitudo
1527 1526 1711 1561 nominum

150 1577 359 1625 imposuisse
374 1579 520 1623 videtur,
541 1583 582 1615 ut
603 1581 820 1616 consularem
835 1583 976 1616 vocaret
991 1579 1168 1623 Cassium,
1193 1581 1286 1628 quod
1308 1579 1482 1628 ὁμώνυμος
1503 1582 1590 1617 alter
1604 1583 1710 1629 paulo

149 1638 230 1670 ante
247 1637 467 1672 consulatum
483 1637 660 1684 gessisset.
683 1638 775 1673 Haec
792 1638 834 1673 de
849 1649 939 1673 coss.
954 1638 998 1672 ab
1011 1637 1204 1685 Epiphanio
1219 1638 1400 1674 recensitis
1415 1639 1618 1686 diligentius
1633 1651 1710 1687 per-

150 1693 248 1739 sequi
273 1704 398 1741 operae
421 1695 570 1742 pretium
590 1694 674 1738 fnit3
694 1695 786 1742 quod
808 1706 854 1730 ex
874 1695 1015 1731 illorum
1035 1698 1203 1730 contextu
1225 1699 1308 1743 apta
1326 1704 1565 1743 suspensaque
1587 1698 1633 1732 sit
1649 1708 1709 1732 an-

149 1761 274 1786 norum
290 1749 416 1787 Christi
431 1751 555 1795 series3
571 1752 784 1800 proindeque
800 1753 1058 1788 substructione
1073 1753 1141 1788 ista
1157 1763 1244 1800 opus
1256 1755 1310 1788 est
1321 1753 1364 1788 iis
1377 1754 1438 1800 qui
1448 1764 1570 1789 verum
1581 1753 1710 1790 Christi

148 1807 300 1843 natalem
315 1808 527 1855 investigare
543 1809 697 1844 student:
715 1820 819 1856 quam
836 1809 1080 1845 stabiliendam
1095 1809 1375 1857 fulciendamquo
1389 1811 1514 1846 merito
1530 1811 1597 1846 sibi
1609 1812 1712 1847 duxit

73 1864 79 1872 ⁴
147 1864 316 1912 Keplerus
333 1865 407 1901 eius
425 1866 668 1914 disputationis
688 1867 792 1903 initio
817 1878 923 1914 quam
939 1867 980 1902 de
998 1866 1126 1902 Christi
1140 1867 1249 1902 natali
1264 1871 1346 1902 ante
1361 1868 1495 1914 aliquot
1510 1879 1621 1904 annos
1637 1870 1708 1904 elu-

147 1922 314 1959 cubravit.
350 1922 390 1958 In
412 1933 483 1970 qua
503 1924 656 1970 primum
680 1924 835 1959 omnium
851 1924 1088 1960 Romanorum
1110 1935 1199 1959 coss.
1215 1928 1419 1972 perpetuam
1439 1927 1708 1970 successionem,

147 1989 165 2013 e
189 1989 258 2026 qua
279 1979 438 2015 nonnulli
461 1981 662 2016 consulatus
681 1981 805 2027 quinos
827 1981 1056 2017 detrahendos
1079 1982 1251 2028 putabant
1265 1981 1475 2018 firmissimis
1489 1986 1708 2030 argumentis

146 2037 394 2072 communitam
408 2037 562 2084 reliquit.
587 2037 655 2073 Sed
669 2042 722 2072 est
735 2038 899 2085 quiddam
915 2042 1048 2082 tamen,
1066 2039 1159 2086 quod
1175 2040 1220 2074 ab
1236 2050 1277 2074 eo
1293 2040 1410 2075 minus
1426 2041 1707 2078 animadversum

143 2092 199 2129 hic
217 2093 328 2129 obiter
343 2094 554 2137 adscribam,
578 2095 751 2130 utendam
770 2107 875 2143 opera
890 2096 1001 2132 Taciti
1015 2097 1146 2139 locum,
1168 2097 1228 2143 qui
1243 2095 1412 2132 hactenus
1426 2098 1552 2132 vitiose
1568 2100 1706 2145 legitur,

143 2151 335 2198 integritati
346 2152 539 2188 restituam.
565 2151 611 2188 Ut
624 2152 731 2199 igitur
741 2153 910 2201 Keplerus
927 2154 1078 2189 affirmet
1089 2154 1178 2188 inter
1189 2154 1367 2189 Tiberium
1379 2158 1414 2189 et
1424 2154 1597 2191 Neronem
1609 2157 1708 2191 nulla

144 2218 232 2244 coss.
259 2219 336 2244 esse
366 2208 600 2244 subtrahenda
628 2211 742 2257 paria,
771 2211 883 2246 Taciti
912 2212 1002 2246 inter
1031 2212 1102 2247 alia
1131 2211 1372 2247 testimouium
1401 2211 1512 2247 affert.
1571 2213 1637 2255 Qui
1666 2214 1702 2248 in

146 2265 471 2312 Agricolae'soceri
500 2267 572 2302 vita
602 2267 722 2302 scribit
752 2267 942 2303 decessisse
971 2268 1071 2304 illum
1103 2268 1247 2314 Collega
1278 2273 1313 2304 et
1341 2269 1460 2304 Prisco
1492 2280 1580 2304 coss.
1611 2282 1703 2305 anno

146 2322 269 2357 aetatis
300 2335 388 2366 nvn,
424 2327 546 2359 natum
577 2334 658 2359 vero
695 2323 777 2360 Caio
807 2337 860 2362 ιιι.
895 2336 964 2361 cos.
1019 2326 1074 2361 Ex
1101 2337 1169 2373 quo
1199 2327 1249 2361 ita
1278 2327 1426 2373 colligit:
1461 2327 1601 2362 tertium
1631 2327 1704 2362 Caii

101 2377 105 2380 ’
145 2380 363 2415 consulatum
390 2391 481 2416 anno
510 2381 743 2428 Dionysianae
770 2393 872 2417 aerae
899 2394 957 2418 xx„
979 2383 1203 2418 tribuendum
1230 2384 1354 2427 videri,
1379 2396 1467 2426 non,
1496 2388 1535 2418 ut
1562 2385 1705 2430 quidam

145 2437 361 2483 opinabatur,
378 2449 462 2474 nn.
487 2438 615 2474 Verum
628 2449 705 2473 cum
719 2438 793 2474 Caii
805 2440 1006 2475 consulatus
1018 2453 1070 2476 m.
1087 2444 1269 2475 concurrat
1284 2452 1362 2476 cum
1377 2452 1408 2475 a.
1416 2440 1456 2476 U.
1467 2440 1503 2475 C.
1517 2451 1703 2485 nccxcm„

143 2493 306 2548 Collegae
322 2498 438 2530 autem
453 2506 493 2530 ac
509 2495 617 2530 Prisci
633 2506 711 2530 cum
735 2506 827 2530 anno
843 2506 1052 2539 πεῦκαι,
1078 2498 1136 2543 qui
1160 2508 1252 2532 anno
1271 2508 1446 2533 nccxcm.
1463 2498 1509 2532 sit
1523 2502 1648 2542 natus,
1671 2500 1701 2535 is

142 2562 233 2586 anno
249 2561 440 2588 ncccxnvr.
463 2564 535 2588 non
557 2553 636 2599 plus
656 2563 762 2598 quam
779 2564 847 2588 mv.
864 2563 975 2589 annos
995 2557 1099 2589 natus
1116 2565 1193 2589 esse
1210 2555 1332 2601 potuit.
1365 2553 1478 2596 Quare
1494 2556 1586 2602 apud
1602 2556 1702 2592 Taci-

142 2611 217 2643 tum
238 2609 345 2644 miror
368 2609 653 2645 animadvertisse
677 2609 852 2645 neminem
875 2621 937 2656 pro
962 2622 1032 2647 avr.
1057 2611 1245 2657 legendum
1269 2622 1344 2647 esse
1367 2623 1436 2648 mv.
1481 2612 1699 2650 Facillimum

141 2668 258 2701 autem
272 2665 340 2701 fuit
355 2677 400 2701 ex
415 2669 579 2702 notarum
596 2667 791 2702 inversione
807 2667 930 2702 vitium
946 2677 968 2702 a
982 2668 1132 2704 librariis
1149 2668 1296 2735 admitti

165 2801 329 2845 QUIBUS
354 2795 476 2840 COSS.
491 2803 645 2840 VULGO
671 2803 849 2839 CHRISTI
875 2803 1068 2840 NATALIS
1093 2804 1389 2842 ASSIGNETUR..
1435 2806 1514 2844 UBI
1535 2807 1594 2844 ET
1616 2809 1676 2845 DE

377 2860 561 2897 BISEXTI
585 2860 898 2897 CORRECTIONE
921 2861 1160 2909 ACCURATE
1182 2861 1462 2900 DISSERITUR.

233 2949 409 2987 Christum
423 2952 583 2999 Augusto
596 2966 673 2989 1111.
690 2956 725 2988 et
741 2953 883 2988 Silvano
899 2964 988 2989 coss.
1005 2957 1126 2990 natum
1143 2965 1220 2990 esse
1236 2958 1434 2991 constanter
1449 2957 1603 2993 affimat
1618 2958 1697 3004 Epi-

140 3008 299 3055 phanius.
330 3008 400 3044 Sed
415 3010 602 3045 cumidem
618 3023 664 3046 vr.
680 3010 754 3045 Eid.
771 3009 844 3045 Ian.
862 3011 1013 3046 natalem
1030 3011 1122 3046 diem
1143 3022 1221 3047 esse
1243 3011 1400 3056 definiat,
1422 3014 1495 3049 iure
1511 3015 1696 3050 Annalium

139 3065 458 3104 Ecclesiasticorum
470 3067 616 3115 scriptor
628 3067 672 3102 ad
683 3068 821 3103 illorum
830 3077 975 3114 gregem
987 3067 1247 3116 adiungendum
1258 3080 1335 3106 esse
1342 3071 1459 3118 potius
1465 3071 1698 3119 Epiphaniam
