2008 3294
206 866 235 892 p.
247 856 306 885 295.

342 234 504 272 CCLVIII

340 340 456 386 itaque
472 338 604 374 ratione
620 337 716 384 prius
738 337 823 372 illud
843 336 1018 373 decretum
1044 337 1086 373 de
1107 337 1312 373 celebrando
1335 348 1415 373 cum
1438 338 1574 374 iudaeis
1597 338 1781 386 paschate,
1806 339 1838 374 si
1857 339 1895 375 in

340 396 454 431 verbis
470 396 554 442 ipsis
570 394 712 430 haereas
722 421 731 437 ‚
747 394 938 430 absurdum
953 397 988 430 et
1002 395 1047 430 ab
1064 395 1297 430 ecclesiastico
1314 395 1383 430 ritu
1394 406 1536 442 prorsus
1549 395 1738 431 abhorrens
1750 395 1894 433 videtur.

340 453 420 487 Ideo
437 463 536 487 mens
554 452 628 486 eius
651 463 691 486 ac
714 452 886 487 sententia
905 453 1019 498 magis
1042 463 1147 498 quam
1163 462 1266 487 voces
1288 452 1515 488 attendendae
1539 456 1630 488 sunt.
1676 453 1895 488 Sententiam

341 520 423 555 ergo
441 509 602 555 deinceps
619 509 781 555 explicat.
812 507 924 551 Quam
945 509 1149 556 priusquam
1172 509 1395 555 attingimus,
1418 509 1618 545 observabis
1633 510 1784 557 priorem
1798 510 1895 545 illam

341 565 523 612 ἀντινομίαν
541 570 575 601 et
589 566 840 601 contrariarum
861 567 979 613 legum
1001 565 1216 609 conflictum,
1246 561 1349 612 quem
1371 566 1407 601 in
1430 567 1629 614 exemplum
1652 568 1797 602 allatum
1819 578 1894 602 esse

341 623 510 666 diximus,
527 623 670 658 minime
685 621 750 658 hoc
766 623 844 659 loco
861 623 1012 659 dissolvi.
1036 623 1114 658 Non
1131 624 1224 658 enim
1241 623 1394 669 explicat
1410 624 1582 670 quomodo
1599 624 1643 660 ab
1661 624 1818 670 generali
1834 624 1895 660 illa

340 679 381 715 de
397 680 526 715 ieiunio
543 679 787 715 constitutione
804 679 976 715 dominica
991 680 1063 715 dies
1082 678 1287 726 excipienda
1303 680 1358 714 sit.
1383 674 1452 715 Sed
1464 678 1548 715 κατὰ
1561 679 1773 728 σιωπώμενον
1787 681 1895 716 eximi

341 736 534 772 Christiano
551 748 646 772 more
663 736 883 783 significavit.
914 737 966 772 De
983 748 1050 783 quo
1067 748 1170 772 nemo
1188 737 1378 772 dubitabat.
1411 736 1578 779 Quocirca
1594 741 1683 784 quae
1699 739 1895 784 sequuntur

341 794 385 828 ad
397 792 582 840 ἀντινομίαν
595 794 739 829 alteram
761 805 801 829 ac
817 795 1031 841 quaestionis
1049 797 1152 841 caput
1168 794 1284 840 ipsum
1297 794 1461 837 attinent,
1479 797 1582 840 atque
1595 794 1681 830 illud
1693 795 1894 842 explanant,

341 863 409 898 quo
426 862 532 886 sensu
548 851 779 898 apostolicum
792 851 877 886 illud
893 852 1069 886 decretum
1084 851 1323 897 accipiendum
1339 851 1399 894 sit,
1422 861 1502 886 cum
1520 850 1656 889 Iudaeis
1670 851 1802 898 pascha
1818 862 1894 887 esse

341 908 594 944 celebrandum.
641 908 720 944 Non
741 909 834 944 enim
848 913 1014 955 perpetuo
1032 908 1194 943 cumillis
1217 908 1455 955 peragendum
1471 911 1540 951 est,
1563 902 1625 942 sed
1646 911 1721 944 tum
1735 908 1896 944 videlicet

341 978 422 1001 cum
436 970 517 1012 post
531 965 789 1012 aequinoctium
803 965 855 1000 illi
869 977 973 1001 suum
988 964 1118 1012 pascha
1133 965 1319 1001 celebrant.
1351 965 1490 1011 Alioqui
1506 965 1552 1007 si,
1574 965 1625 1000 uti
1644 975 1893 1012 saepenumero

339 1024 488 1067 faciunt,
505 1022 761 1070 aequinoctium
777 1026 1012 1065 antevertant,
1028 1022 1187 1058 imitandi
1202 1034 1273 1058 non
1289 1026 1400 1058 erunt.
1431 1022 1495 1056 Est
1509 1022 1615 1068 igitur
1630 1022 1719 1068 legis
1734 1023 1802 1059 ista
1815 1033 1894 1058 seu-

339 1081 462 1124 tentia,
486 1084 525 1115 ut
540 1079 759 1127 aequinoctio
781 1079 967 1114 commisso
984 1090 1063 1114 cum
1079 1079 1214 1114 Iudaeis
1229 1078 1360 1126 pascha
1375 1079 1577 1115 celebretur.
1609 1079 1687 1123 His,
1709 1090 1798 1126 quae
1813 1078 1894 1115 hac-

338 1141 441 1174 tenus
469 1137 562 1173 dicta
590 1140 687 1180 sunt,
718 1136 898 1171 subductis
922 1136 1083 1171 omnibus
1112 1147 1154 1171 ea
1177 1136 1218 1171 de
1246 1136 1435 1183 apostolico
1463 1136 1523 1171 illo
1552 1135 1688 1172 decreto
1708 1135 1894 1184 Epiphanii

338 1195 512 1238 enitentia
533 1194 718 1240 colligitur,
741 1194 862 1240 primis
886 1193 1050 1228 ecclesiae
1073 1194 1303 1240 temporibus,
1327 1193 1530 1240 praesertim
1553 1193 1719 1239 quamdiu
1741 1194 1895 1242 episcopi

327 1242 385 1288 ¹ex
396 1251 655 1288 circumcisione
667 1250 916 1296 Hierosolymis
928 1250 1163 1296 praefuerunt,
1179 1254 1347 1286 statutum
1361 1261 1438 1285 esse
1451 1250 1503 1284 uti
1516 1249 1647 1297 pascha
1662 1261 1743 1286 cum
1757 1250 1893 1286 Iudaeis

339 1309 501 1352 obiretur,
524 1307 590 1343 hoc
611 1312 663 1342 est
685 1309 770 1343 luna
785 1320 856 1344 xiv.
876 1317 1130 1354 quamcumque
1151 1308 1188 1342 in
1211 1307 1302 1342 diem
1324 1307 1498 1350 inciderit,
1524 1307 1710 1344 dummodo
1735 1307 1892 1344 confecto

338 1368 408 1402 iam
433 1365 650 1412 aequinoctio
673 1365 866 1411 contingat.
911 1365 965 1400 Ita
980 1364 1072 1400 enim
1088 1364 1192 1408 illud,
1208 1364 1301 1411 quod
1317 1364 1458 1400 eaedem
1474 1365 1746 1400 Constitutiones
1761 1364 1893 1409 iubent,

338 1423 471 1459 accidet
492 1426 530 1457 ut
544 1422 745 1468 lugentibus
766 1421 920 1465 Iudaeis,
943 1421 1010 1457 hoc
1033 1425 1086 1457 est
1109 1433 1177 1468 quo
1201 1421 1256 1457 die
1279 1432 1403 1467 azyma
1426 1433 1504 1458 cum
1526 1422 1672 1457 lactucis
1695 1421 1893 1468 agrestibus

339 1480 540 1522 comedunt,
564 1479 746 1526 epulentur
769 1477 966 1514 Christiani.
1014 1479 1169 1514 Alterum
1190 1481 1321 1522 autem,
1348 1482 1388 1514 ut
1407 1478 1475 1514 illis
1497 1478 1650 1514 vicissim
1671 1478 1891 1526 epulantibus

338 1538 480 1584 lugeant
495 1537 569 1580 isti,
593 1535 741 1571 obtineri
756 1547 826 1571 non
841 1538 972 1582 potest,
992 1536 1062 1571 nisi
1081 1534 1245 1583 postridie
1267 1533 1443 1582 paschatis
1460 1534 1664 1579 Christiani,
1684 1535 1766 1588 sive-
1779 1530 1890 1582 primo

342 1595 395 1630 die
412 1605 613 1640 azymorum
630 1593 848 1628 Iudaicorum
857 1620 865 1636 ,
881 1593 1074 1628 ieiunatum
1085 1604 1147 1640 per
1158 1591 1243 1628 illud
1255 1594 1392 1640 tempus
1408 1593 1442 1628 in
1457 1592 1602 1628 ecclesia
1613 1592 1722 1628 fuisse
1734 1593 1891 1629 velimus.

340 1651 438 1694 Quod
454 1655 507 1687 est
521 1650 759 1686 falsissimum.
807 1649 948 1685 Certum
971 1649 1064 1685 enim
1085 1653 1138 1685 est
1152 1649 1234 1686 totis
1250 1649 1318 1685 illis
1335 1649 1588 1697 quinquaginta
1604 1649 1743 1694 diebus,
1766 1642 1830 1697 qui*
1848 1649 1892 1686 ad

338 1712 561 1756 pentecosten
576 1708 794 1743 intercedunt
808 1718 829 1742 a
843 1705 1027 1754 paschate,
1047 1706 1217 1743 ieiunium
1238 1707 1282 1742 ab
1305 1707 1452 1742 ecclesia
1475 1718 1552 1742 esse
1576 1702 1763 1743 sublatum.
1793 1703 1891 1743 Tunc

338 1767 445 1813 igitur
466 1766 580 1802 solum
602 1765 739 1801 evenire
760 1764 846 1800 illud
866 1764 998 1812 potuit,
1022 1767 1061 1799 ut
1081 1763 1300 1811 epulantibus
1321 1763 1457 1799 Iudaeis
1481 1763 1668 1800 Christiani
1687 1763 1891 1808 ieiunarent,

340 1824 473 1870 quoties
496 1826 576 1859 ante
592 1833 737 1858 vernum
760 1821 1019 1868 aequinoctium
1035 1831 1056 1856 a
1070 1821 1207 1857 Iudaeis
1224 1819 1356 1869 pascha
1376 1824 1610 1869 perageretur,
1631 1821 1714 1870 quia
1735 1821 1890 1857 nondum

339 1879 524 1915 Christiani
544 1880 711 1915 ieiunium
732 1879 922 1914 solvebant.
956 1878 1083 1914 Verum
1106 1879 1202 1914 nulla
1225 1882 1298 1914 tam
1321 1879 1503 1914 enucleata
1523 1877 1625 1914 huius
1648 1870 1890 1926 et'superiorie

338 1938 471 1972 numeri
488 1936 672 1972 declaratio
688 1939 803 1984 potest
818 1935 1026 1983 excogitari,
1050 1936 1134 1983 quin
1153 1935 1342 1983 plurimum
1365 1934 1475 1971 adhuc
1497 1935 1710 1972 difficultatis
1731 1933 1888 1983 supersit.

339 1994 422 2037 Quis
439 1994 531 2029 enim
547 1993 836 2041 pseudodiataxes
852 1993 938 2027 istas
953 1992 1043 2028 inter
1064 2003 1101 2028 se
1124 1992 1307 2028 conciliare
1330 1993 1458 2040 possit,
1481 2003 1561 2028 cum
1582 1993 1667 2028 alias
1688 1990 1819 2040 pascha
1832 1990 1887 2028 Iu·

338 2051 435 2086 daice
451 2050 692 2086 celebrandum
710 2060 786 2085 esse
802 2049 989 2094 definiunt,
1011 2049 1170 2096 quamvis
1186 2049 1345 2085 aberrent
1360 2049 1492 2093 Iudaei,
1513 2049 1598 2085 aliae
1613 2048 1750 2085 Iudaeis
1766 2052 1890 2098 azyma

337 2108 583 2156 peragentibus
600 2107 737 2142 ieiuniis
754 2117 794 2142 ac
810 2105 940 2153 vigiliis
957 2105 1092 2154 operari
1108 2105 1344 2142 Christianos?
1367 2117 1406 2141 ac
1422 2106 1555 2153 reliqua
1577 2105 1621 2142 ad
1640 2117 1719 2143 eum
1734 2105 1887 2151 modum,

339 2176 427 2213 quae
443 2165 538 2200 nulla
554 2164 788 2211 interpretatio
805 2163 849 2199 ab
866 2173 979 2199 errore
993 2167 1183 2210 mutuaque
1199 2163 1415 2199 contentione
1431 2162 1605 2199 vindicare
1619 2166 1745 2211 potest.

427 2221 468 2258 N.
486 2234 547 2258 xri.
580 2219 663 2269 ssap’
678 2220 756 2268 ἡμῖν
774 2219 808 2256 Bt
832 2219 870 2255 οὗ
894 2219 980 2267 μία]
1027 2219 1098 2256 Sex
1122 2219 1194 2255 dies
1218 2218 1468 2256 hebdomadem
1491 2218 1638 2264 faciunt,
1663 2220 1888 2258 adnumerata

339 2278 511 2327 paschatis
527 2278 741 2323 celebritate,
757 2287 846 2326 quae
861 2276 1114 2313 hebdomadem
1129 2276 1302 2313 terminat.

428 2335 583 2371 Τουτέστι
599 2338 655 2381 τῆς
671 2333 833 2381 σελήνης]
855 2334 950 2370 Haec
967 2337 1020 2370 eet
1035 2334 1168 2382 glossa,
1186 2344 1290 2381 quam
1307 2345 1350 2370 ex
1369 2333 1544 2370 communi
1559 2334 1732 2371 sententia
1747 2335 1790 2371 ad
1806 2335 1886 2372 seri·

340 2399 458 2442 pturae
474 2394 588 2429 locum
604 2392 772 2429 adtexuit.
801 2391 921 2439 Neque
937 2391 1028 2428 enim
1044 2391 1147 2428 lunae
1163 2391 1333 2439 scriptura
1348 2390 1413 2427 hoc
1429 2390 1464 2429 iu
1481 2391 1620 2438 negotio
1636 2393 1809 2438 meminit,
1825 2391 1887 2430 aed

339 2462 494 2488 mensem
511 2450 679 2486 duntaxat
694 2449 862 2486 nominat.
894 2447 965 2485 Noa
981 2448 1023 2485 de
1039 2448 1242 2485 Iudaeorum
1258 2459 1350 2485 anno
1367 2458 1471 2496 supra
1486 2447 1721 2486 disseruimus.

430 2507 489 2543 Καὶ
506 2506 559 2543 ἐὰν
576 2506 633 2555 μὶν
650 2503 688 2551 ἦν
705 2503 1061 2554 τισσαρεσκαιδικάτῃ.]
1106 2505 1183 2542 Non
1204 2506 1306 2542 uniue
1323 2505 1389 2542 diei
1404 2504 1594 2553 paschatis,
1618 2505 1677 2541 eed
1698 2505 1806 2543 totius
1826 2505 1885 2544 he-

340 2565 516 2601 bdomadis
532 2565 700 2600 rationem
716 2563 821 2600 habet
835 2563 996 2607 ecclesia,
1012 2574 1117 2611 quam
1131 2563 1381 2611 xeropkaqiae,
1405 2565 1463 2599 aut
1479 2568 1652 2606 sarnetum,
1675 2566 1736 2599 aut
1746 2562 1885 2612 paseha

339 2624 441 2659 etiam
458 2622 689 2670 appellarunt,
713 2625 752 2657 ut
771 2619 814 2656 ad
829 2620 936 2656 finem
952 2619 1054 2657 huius
1071 2620 1182 2669 operia
1205 2620 1421 2657 adnotamus.
1467 2618 1504 2655 Si
1528 2619 1634 2667 igitur
1655 2631 1725 2656 xxv.
1743 2620 1826 2657 luna
1847 2621 1884 2658 in

340 2680 460 2715 teriam
476 2678 665 2715 secundam
680 2677 854 2722 inciderit,
873 2677 983 2714 autin
1000 2677 1150 2726 reliquos
1165 2676 1400 2714 hebdomadae
1415 2675 1487 2713 diee
1503 2675 1545 2712 ad
1561 2676 1746 2713 sabbatum
1763 2688 1884 2726 unque,

340 2735 526 2771 hebdomas
541 2733 777 2784 xerophagiae
793 2734 995 2780 celebratur,
1012 2739 1046 2771 et
1062 2746 1083 2771 a
1097 2734 1183 2771 forle
1194 2733 1344 2772 secunda
1356 2733 1429 2771 eine
1440 2733 1577 2770 initium
1590 2733 1734 2770 ducitur.
1757 2733 1884 2772 Totam

340 2793 427 2828 hane
444 2791 693 2829 hebdomadem
710 2792 797 2840 θῦμα
813 2790 995 2839 προβάτου,
1013 2794 1247 2829 οηαοιαιίοηεηι
1263 2793 1347 2838 aym·
1359 2794 1551 2839 nuncupat,
1569 2791 1649 2838 quia
1664 2791 1699 2827 in
1715 2795 1883 2840 apparatu

341 2850 546 2886 celebritati·
563 2854 597 2886 et
613 2849 859 2886 immolationis
875 2848 947 2885 dies
963 2850 1094 2897 ailquot
1110 2859 1132 2885 a
1147 2847 1282 2886 Iudaeis
1299 2847 1381 2885 olim
1396 2847 1510 2896 positi.
1538 2846 1627 2883 Nam
1638 2847 1742 2895 «μέσον
1759 2846 1882 2897 ἄγεται,

342 2911 378 2942 ut
390 2917 493 2954 nupta
506 2906 696 2950 docuimus,
712 2905 796 2942 nlhil
808 2905 900 2942 allud
913 2909 976 2950 eat,
994 2917 1099 2954 quam
1112 2906 1311 2949 celebratur,
1320 2907 1513 2953 μωρίην.
1538 2903 1595 2940 Sic
1611 2905 1694 2941 illud
1708 2905 1881 2951 ioan-vn„

345 2963 395 2999 1⁴.
416 2963 478 3007 ἤδη
501 2962 535 2998 ei
558 2965 611 3007 τῆς
634 2961 744 3011 ίορτῆς
761 2962 921 3011 pacatione
942 2963 1052 3011 accipi
1071 2966 1195 3011 potest.
1243 2961 1422 2999 Caeterum
1445 2961 1655 3008 dominicae,
1679 2962 1752 3000 eive
1773 2962 1881 3001 feriae

341 3020 471 3069 primae
484 3018 634 3056 hocloco
650 3030 719 3057 non
735 3019 908 3064 meminit,
925 3019 1016 3067 quod
1033 3019 1077 3056 ab
1093 3030 1135 3056 ea
1150 3029 1327 3068 nunquam
1341 3017 1575 3068 xerophagiae
1590 3017 1778 3057 hebdomae
1793 3019 1880 3059 inire

341 3076 466 3126 ponit,
480 3087 558 3116 cum
575 3076 746 3114 dominico
762 3076 815 3113 «lle
833 3076 984 3115 ieiunare
999 3087 1069 3114 uon
1084 3075 1196 3113 liceat.
1228 3075 1269 3112 1⁴:oe
1285 3080 1398 3112 tamen
1415 3073 1446 3112 el
1462 3075 1497 3111 iu
1514 3086 1591 3112 eam
1608 3088 1676 3114 xiv.
1689 3077 1790 3114 lunae
1806 3075 1878 3114 dlee
