2008 3294
316 207 426 244 XXX

315 311 467 358 νομικοὺς
484 313 662 356 distinquit
675 309 740 344 ἀπὺ
768 312 834 344 τῶν
855 310 1164 357 νομοδιδασκάλων,
1189 311 1257 361 τῷν
1269 310 1325 345 καὶ
1340 311 1573 358 γραμματέων.
1614 311 1758 347 Eosdem
1785 314 1870 347 enim

307 367 630 415 [αοίτγραμματέας
642 367 1004 414 οινομοδιδασκάλουςς
1023 370 1168 414 aquibus
1185 358 1362 413 distiirquic
1380 368 1454 409 τοὺς
1470 368 1634 415 νομικοὺς,
1657 381 1736 415 quos
1750 381 1870 404 aceen—

315 431 367 459 set
378 425 593 461 Pharisaeus.
624 426 709 460 Ideo
728 431 820 460 recte
838 428 904 468 ait,
926 427 1067 470 συνῆσαν
1083 424 1146 472 γὰρ
1170 424 1280 465 αὐτοῖς
1297 425 1351 459 καὶ
1367 424 1397 459 οἱ
1412 425 1550 473 νομικοί.
1583 425 1731 468 Eodem,
1757 426 1871 472 inquit

317 484 388 517 loco
405 483 625 518 censebantur
638 482 828 517 Pharisaei
841 488 874 517 et
887 482 1031 529 νομικοὶ,
1055 485 1113 528 qui
1127 485 1278 527 quamvis
1291 495 1391 517 unum
1407 495 1529 530 corpus
1544 482 1598 521 aad
1613 481 1733 528 ταγμόυ
1748 485 1871 529 efficie-

317 540 415 582 bant,
444 547 556 575 tamen
577 545 656 574 erat
682 541 863 575 discrimen
885 542 1052 586 quoddam
1073 543 1162 574 inter
1183 539 1393 575 Pharisaeos
1414 539 1467 574 καὶ
1489 539 1565 580 τοὺς
1587 539 1758 586 νομικούςς
1786 541 1874 586 quod

315 599 464 631 severius
484 599 673 632 institutum
699 603 785 632 esset
796 597 1064 632 Pharisaeorum
1085 609 1184 642 quam
1208 597 1274 630 τῶν
1291 597 1451 643 νομικῶν.
1482 597 1570 632 Hinc
1587 596 1783 631 Serrarimn
1807 596 1872 631 im·

201 667 228 692 p.
241 660 281 686 33.
315 654 461 700 peritiae
476 654 610 700 arguit,
626 654 718 701 quod
730 654 780 689 ita
794 654 912 689 vertit:
939 654 1020 689 Cum
1035 657 1120 700 ιῬείε
1137 656 1223 688 enim
1237 655 1341 688 iidem
1357 660 1458 689 erant
1472 660 1504 688 et
1514 654 1663 698 Nomici,
1679 666 1736 689 seu
1752 654 1872 700 Leqis—

309 714 430 757 periti.
472 711 542 747 Sed
562 711 748 758 Epiphanii
770 723 914 747 sensum
933 711 1085 758 pessime
1106 711 1351 757 interpretatus
1379 714 1433 746 est
1460 711 1627 757 Scaliger.
1671 711 1810 747 Etenim
1833 710 1889 745 *rb

316 767 426 808 αὐτοῖς
446 779 520 804 non
538 769 626 804 alios
642 779 748 816 quam
770 769 920 812 scribas,
942 769 1014 804 sive
1030 766 1351 814 νομοδιδασκάλους,
1375 768 1566 815 significat,
1591 764 1638 808 οἷς
1662 771 1802 813 συνῆσαν
1819 768 1873 803 καὶ

315 823 346 859 οἱ
366 825 505 873 νομικοί.
538 825 628 868 Quia
647 826 788 873 saepius
803 826 1039 873 evangelistae
1056 825 1195 861 Scribas
1218 828 1253 860 et
1267 824 1431 871 Νομικοὺς
1449 825 1549 871 quasi
1565 825 1745 861 distinctos
1761 825 1874 861 nomi·

313 886 415 926 nant,
436 884 577 919 tametsi
591 895 638 919 ex
654 883 777 919 eodem
802 887 920 918 essent
943 883 1080 926 ordine,
1101 882 1205 928 idque
1220 883 1282 917 vel<
1292 881 1364 916 κατ’
1381 881 1589 929 ἐπεξήγησιν,
1612 883 1668 918 vel
1683 883 1766 929 quia
1780 882 1872 918 Scri-

314 941 439 976 barum
454 941 648 988 complures
665 943 764 976 erant
778 941 907 987 gradus
924 944 959 975 et
975 940 1108 982 officia,
1131 951 1211 975 cum
1232 943 1268 974 et
1288 939 1447 974 civilibus
1463 939 1552 975 forte
1575 940 1809 976 contractibus
1832 950 1873 974 ac

313 998 597 1044 stipulationibus
611 1002 813 1051 praeessent
826 997 949 1040 iidem,
973 1001 1009 1032 et
1021 997 1138 1044 legem
1160 997 1484 1043 interpretarentur:
1501 996 1632 1037 Idcirco
1649 1000 1806 1042 συνῆσαν,
1821 997 1873 1032 in-

314 1055 405 1101 quit,
426 1057 495 1096 τοῖς
511 1059 755 1103 γραμματεῦσιν
772 1054 801 1089 οἱ
814 1055 956 1102 νομικοὶ,
978 1054 1045 1090 hoc
1061 1058 1115 1089 est
1130 1057 1301 1089 coniuncti
1315 1061 1431 1097 erant,
1448 1063 1558 1089 unum
1573 1052 1686 1101 τάγμα
1700 1058 1736 1090 et
1750 1065 1873 1101 corpus

312 1112 521 1150 efficiebant.
551 1113 584 1148 A
599 1124 667 1160 quo
682 1124 755 1148 non
770 1112 959 1148 admodum
970 1111 1133 1148 abhorret
1143 1111 1329 1147 Serrarius.
1360 1111 1451 1147 Nam
1463 1110 1711 1158 μεταληπτικῶς
1723 1111 1873 1159 Epipha-

312 1170 391 1205 nius
412 1170 543 1206 indicat
563 1170 705 1206 eosdem
727 1181 807 1205 cum
830 1170 959 1205 Scribis
984 1180 1061 1205 esse
1087 1168 1164 1209 τοὺς
1189 1169 1358 1216 νομικοὺς,
1385 1169 1468 1204 licet
1487 1168 1627 1203 συνεῖναί
1647 1180 1706 1203 τινι
1735 1169 1873 1216 proprie

312 1238 384 1262 non
399 1228 447 1262 sit
460 1227 554 1262 idem
569 1239 647 1263 esse
668 1238 748 1280 cum
769 1227 896 1274 aliquo.
927 1227 1108 1262 Postremo
1129 1237 1312 1273 perperam
1334 1225 1445 1266 αὐτοῖς
1467 1226 1512 1261 ad
1526 1225 1731 1262 Pharisaeos
1753 1226 1874 1262 referri

313 1284 438 1320 docent
456 1295 546 1332 quae
559 1285 719 1332 proxime
735 1285 976 1320 subiiciuntur.
1019 1282 1125 1318 Ἀλλὰ
1141 1283 1194 1318 καὶ
1211 1282 1300 1331 παρὰ
1315 1284 1462 1330 τούτους,
1475 1287 1549 1318 tam
1560 1283 1724 1330 Νομικοὺς
1741 1283 1874 1320 scilieet

313 1353 419 1388 quam
434 1342 661 1389 Γραμματέας.

401 1398 501 1443 Ἀηδῆ
517 1411 551 1433 τε
567 1398 657 1446 ῥύσιν
674 1398 828 1446 σώματος
845 1397 1137 1446 ἀπεργαζομένην.]
1162 1398 1390 1434 Scribendum
1401 1399 1610 1445 pronunciat
1621 1398 1779 1445 Scaliger
1789 1397 1872 1443 ἀήθη

312 1454 451 1503 ἔκκρισιν
468 1456 654 1503 σπέρματος
671 1455 956 1504 ἀπεργαζομένων.
987 1455 1113 1491 Audax
1129 1456 1235 1491 nimis
1251 1455 1462 1499 emendatio,
1483 1456 1697 1503 minimeque
1711 1466 1872 1491 necessa-

311 1514 375 1550 ria.
407 1513 499 1549 Nam
520 1512 787 1560 ἀπεργαζομένην
808 1514 964 1560 passive,
991 1516 1033 1548 ut
1054 1513 1138 1548 alibi
1160 1524 1280 1560 saepe,
1302 1512 1368 1548 hoc
1390 1513 1468 1548 loco
1491 1514 1649 1560 sumpsit.
1694 1513 1757 1549 Est
1778 1513 1872 1549 enim

314 1571 467 1606 Graecae
487 1571 707 1618 proprietatis
728 1582 854 1618 parum
869 1570 999 1617 alioqui
1021 1569 1168 1616 diligens
1183 1570 1416 1617 Epiphanius,
1431 1574 1472 1605 ut
1492 1573 1527 1605 et
1540 1570 1683 1606 Photius
1701 1571 1871 1607 observat.

312 1628 411 1671 Quod
433 1628 464 1663 si
485 1629 768 1664 commutationis
783 1627 943 1663 nonnihil
965 1638 1052 1675 opus
1074 1627 1247 1671 videatur,
1276 1638 1343 1673 ego
1366 1628 1417 1662 ita
1437 1628 1647 1674 concipiam:
1679 1626 1762 1672 ἀηδῆ
1782 1627 1872 1675 ῥύσιν

311 1686 467 1733 σώματος
493 1684 778 1733 ἀπεργαζομένων.
810 1685 978 1732 Intelligit
1003 1688 1123 1720 autem
1149 1688 1249 1747 ἿἾΡ,
1276 1685 1350 1720 sive
1377 1682 1622 1732 ἐξονειρωγμόν.
1669 1685 1781 1732 Super
1807 1684 1874 1720 hac

311 1743 449 1790 ἐκκρίσει
465 1747 564 1779 extat
577 1742 758 1778 Athanasii
773 1743 920 1790 epistola
935 1742 979 1777 ad
991 1742 1156 1778 Ammum
1171 1741 1399 1778 monachum:
1417 1742 1478 1789 qui
1494 1742 1718 1789 quantumvis
1734 1746 1871 1812 praeter

310 1802 524 1837 voluntatem
540 1800 729 1844 accideret,
746 1803 864 1836 utrum
879 1800 982 1847 culpa
997 1802 1130 1836 careret
1144 1799 1419 1835 addubitaverat.

400 1856 595 1902 Ἐνήστευον
611 1858 646 1893 δὲ
662 1858 735 1903 ἃς]
775 1857 971 1893 Secundam
988 1861 1023 1893 et
1037 1858 1196 1904 quintam
1210 1857 1334 1892 feriam
1350 1856 1627 1904 Theophylactus
1644 1868 1753 1923 aeque
1767 1860 1871 1904 atque

310 1915 524 1962 Epiphanius
546 1915 707 1959 adnotat,
735 1918 771 1951 et
785 1915 1021 1951 Hebraeorum
1035 1915 1115 1950 libri
1129 1914 1235 1950 fidem
1249 1914 1392 1951 faciunt.
1423 1914 1470 1950 Ut
1491 1925 1534 1950 ea
1549 1915 1591 1951 de
1611 1926 1649 1951 re
1668 1915 1722 1951 vir
1747 1915 1870 1951 doctus

309 1974 439 2009 frustra
453 1973 671 2010 dubitaverit.

401 2028 637 2065 Ἀπεδεκάτουν
654 2028 691 2065 δὲ
706 2028 763 2074 τὴν
780 2027 983 2076 &eadat-metm]
1006 2028 1190 2077 Proprium
1201 2027 1267 2065 hoc
1274 2028 1556 2073 fuitLevitarum‚
1574 2030 1635 2077 qui
1646 2029 1869 2074 decimarum,

312 2098 399 2135 quas
414 2089 565 2136 populus
579 2086 779 2135 praestabat
793 2087 1030 2123 sacerdotibus
1053 2087 1271 2130 eximebant,
1299 2086 1531 2123 Numerorum
1546 2099 1647 2123 xvm.
1669 2087 1776 2134 Atqui
1797 2099 1869 2123 non

311 2156 432 2181 omnes
448 2145 624 2181 Pharisaei
646 2148 745 2181 erant
766 2144 924 2188 Levitae,
951 2144 1044 2192 quod
1066 2148 1185 2180 tamen
1205 2143 1440 2192 Epiphaniam
1466 2145 1618 2180 sensisse
1639 2156 1684 2181 ex
1705 2145 1772 2181 hoc
1792 2146 1869 2181 loco

310 2203 479 2250 suspicari
494 2203 620 2250 aliquis
636 2207 765 2250 posset.
797 2202 893 2245 Quae
909 2202 1004 2238 enim
1019 2202 1148 2249 alioqui
1163 2202 1386 2237 decumarum
1398 2205 1482 2238 sunt
1493 2201 1670 2247 decumae,
1684 2213 1765 2239 cum
1771 2214 1870 2250 prae-

310 2265 363 2295 ter
377 2260 568 2296 Leviticum
585 2260 740 2296 ordinem
756 2259 920 2296 decumas
935 2260 1052 2296 nullus
1068 2259 1262 2307 acceperit?
1285 2259 1443 2295 Primum
1465 2260 1621 2295 omnium
1643 2260 1686 2295 ab
1702 2260 1868 2296 Israelitis

310 2318 482 2365 primitiae
494 2318 535 2354 de
544 2318 660 2366 spicis,
677 2318 755 2353 uvis
763 2321 799 2353 et
810 2317 896 2354 oleis
908 2316 1152 2361 afferebantur,
1169 2320 1244 2352 tum
1260 2316 1302 2353 de
1315 2317 1475 2364 frugibus
1491 2317 1677 2353 elaboratis
1685 2317 1869 2361 Therma,

310 2379 347 2411 et
367 2375 532 2412 decimae.
576 2374 752 2411 Theruma
772 2375 810 2411 in
837 2375 917 2422 lege
939 2374 1083 2410 definita
1104 2385 1177 2410 nou
1199 2378 1283 2410 erat.
1322 2374 1391 2410 Sed
1406 2385 1429 2410 a
1442 2374 1620 2421 magistris
1635 2375 1868 2422 praescriptus

310 2432 434 2468 modus
452 2437 521 2477 est,
538 2437 577 2469 ut
591 2444 636 2469 ne
651 2433 767 2469 minus
784 2432 1007 2479 sexagesima
1021 2431 1239 2479 penderetur.
1273 2431 1386 2475 Quare
1403 2432 1463 2479 qui
1477 2432 1637 2467 liberales
1655 2436 1768 2476 erant,
1784 2443 1869 2479 qua-

309 2490 559 2536 dragesimam,
582 2490 677 2538 parci
699 2490 976 2536 sexagesimam,
1003 2489 1108 2525 medii
1122 2490 1212 2525 inter
1226 2492 1393 2536 utrosque
1407 2488 1451 2525 ad
1466 2487 1530 2524 hos
1553 2493 1613 2524 aut
1627 2489 1706 2525 illos
1728 2489 1868 2525 accede-

311 2548 405 2582 bant.
437 2547 487 2583 De
503 2558 574 2595 qua
588 2559 625 2583 re
641 2551 739 2583 extat
749 2546 886 2595 Iosephi
898 2547 1067 2593 Scaligeri
1081 2548 1287 2594 opusculum
1301 2544 1596 2583 interPosthuma.
1627 2546 1678 2582 De
1694 2547 1737 2582 iis
1749 2547 1867 2594 itaque

309 2604 491 2640 'rhemmis
506 2605 640 2641 fortean
656 2604 874 2652 accipiendus
887 2603 1110 2652 Epiphanius,
1127 2615 1209 2640 cum
1221 2601 1452 2651 τριακοντάδας
1468 2607 1503 2639 et
1518 2602 1776 2648 πεντηκοντάδας
1790 2615 1867 2651 per-

309 2663 441 2697 solutae
457 2672 479 2697 a
493 2661 688 2698 pharisaeis
705 2673 781 2698 esse
797 2662 927 2698 scribit.
959 2661 1057 2704 Quod
1079 2661 1110 2697 si
1125 2672 1247 2697 verum
1271 2665 1338 2705 est,
1362 2661 1504 2708 egregia
1526 2660 1663 2696 illorum
1678 2661 1866 2697 liberalitas

310 2719 435 2761 extitit,
452 2723 570 2766 utpote
588 2720 646 2766 qui
662 2719 883 2767 praefinitum
897 2730 919 2754 a
930 2719 1107 2765 magistris
1120 2718 1307 2754 terminum
1315 2719 1381 2753 τῶν
1398 2720 1667 2764 τεσσαρακοστῶν
1684 2729 1866 2765 superave-

310 2777 388 2811 rint.
419 2776 500 2811 Tria
520 2788 621 2823 porro
638 2777 862 2813 decumarum
884 2776 977 2824 apud
992 2777 1168 2813 Hebraeos
1184 2786 1314 2824 genera
1335 2778 1470 2823 praeter
1485 2774 1676 2811 Therumas
1699 2780 1734 2811 et
1748 2777 1866 2823 primi-

309 2834 376 2868 tias
392 2834 499 2868 suero.
541 2833 657 2869 Prima
678 2834 738 2869 illa
758 2834 824 2870 fuit
844 2844 950 2881 quam
966 2832 1138 2869 Leviticae
1161 2833 1265 2869 tribui
1289 2832 1472 2880 quotannis
1497 2833 1727 2879 pensitabant.
1760 2827 1863 2871 Num.

311 2901 421 2933 κιαι,
436 2891 491 2925 ⁴20.
507 2895 543 2926 et
557 2891 731 2938 deinceps.
768 2890 902 2934 Altera,
925 2901 1031 2937 quam
1047 2890 1196 2937 singulis
1213 2890 1314 2927 annis
1330 2901 1436 2937 penes
1460 2901 1498 2926 se
1522 2891 1667 2937 quisque
1684 2891 1864 2933 retinebat,

309 2952 349 2983 ut
363 2948 428 2989 ibi,
444 2947 502 2983 ubi
519 2948 753 2983 sanctuarium
770 2950 859 2991 erat,
876 2948 936 2983 illa
950 2951 1162 2991 vesceretur,
1178 2947 1339 2985 adhibitis
1356 2947 1398 2983 ad
1415 2948 1611 2983 convivium
1623 2948 1752 2984 Levitis
1763 2948 1864 2984 Deut.

308 3017 379 3041 nv.
418 3005 535 3040 'Penta
549 3004 705 3047 demum,
729 3017 832 3052 quam
857 3006 958 3043 tertio
979 3016 1118 3053 quoque
1141 3015 1232 3042 anuo
1254 3005 1290 3042 iu
1306 3004 1444 3042 Levitae
1461 3009 1495 3041 et
1510 3005 1660 3052 pupillos
1676 3005 1864 3053 viduasque

308 3062 577 3105 distribuebant3
593 3062 669 3099 eod.
685 3062 785 3100 Deut.
802 3074 879 3110 cap.
