2008 3294
203 2771 228 2796 p.
244 2764 298 2790 ¹³5.

331 187 431 225 CXX

331 293 393 327 ubi
408 292 450 327 de
466 303 557 327 anno
573 291 722 337 Hegirae
743 291 898 334 disserit,
922 291 1255 333 Coummaeissimus,
1277 291 1405 338 inquit,
1427 292 1484 326 liic
1501 304 1608 327 annus
1624 299 1686 334 est,
1711 295 1881 339 nequefa-

333 351 398 384 cile
413 351 504 384 redit
516 352 553 383 in
566 351 720 394 qratiam
737 360 811 382 cum
827 361 914 383 anno
931 349 998 383 Iul.
1011 355 1073 385 etc.
1107 349 1222 389 Quare
1238 349 1334 383 nulla
1349 349 1519 384 methodus
1534 350 1613 384 hinc
1631 351 1751 396 confici
1759 356 1880 397 potest.

337 406 454 441 Tutior
468 418 596 451 maqna
605 407 787 451 periodus,
814 404 957 445 QUAM
975 405 1230 440 EXOOGJTA
1243 405 1336 440 VIM
1339 405 1407 449 US,
1430 419 1593 441 annorum
1609 406 1702 450 228,
1720 409 1881 443 enneade-

333 465 538 498 caeceridum
555 464 739 499 duodecim.
783 462 829 497 At
841 463 866 497 l.
878 475 911 497 v.
925 474 960 509 p.
972 462 1066 505 485„
1090 462 1156 497 ubi'
1167 461 1209 496 de
1225 462 1346 497 eodem
1361 473 1452 499 anno
1467 463 1632 510 loquitur,
1655 464 1808 506 Arabes,
1829 465 1881 500 in·

332 521 423 567 quit,
446 520 633 565 Hayarem·
646 521 826 566 periodum
846 519 922 555 228
938 533 1102 555 annorum
1124 519 1245 554 INST
1241 520 1266 553 I
1269 520 1300 553 T
1302 519 1473 555 UERUN
1475 520 1506 554 T
1524 534 1564 555 ex
1589 534 1623 557 a.
1642 523 1676 557 d.
1692 533 1744 558 ιιι.
1761 521 1883 556 Iduum

331 579 458 612 Martii
469 580 554 612 anni
566 578 788 623 Corfitsionis‚
805 578 898 622 cyclo
915 578 1015 612 lunae
1027 590 1114 620 xm„
1130 578 1211 611 solis
1222 589 1281 613 xx.
1305 576 1351 612 Et
1359 577 1464 624 paulo
1479 581 1574 624 post:
1597 578 1628 612 T
1624 579 1781 624 riplicem
1797 582 1882 613 enim

325 636 504 681 periodum
527 635 731 677 hahuerunt,
755 636 914 669 minorem
936 647 1008 670 xxx
1033 646 1195 669 annorum
1218 635 1416 677 solutorum,
1439 637 1600 670 maiorem
1612 634 1687 670 210
1709 647 1882 679 annorum,

331 695 514 727 maximam
537 691 612 726 228
633 703 796 727 armorum
816 692 996 735 solarium,
1018 691 1091 726 235
1112 698 1221 726 autem
1237 692 1483 734 Arabium-um,
1505 705 1572 738 qua
1594 692 1800 727 Muharram
1817 705 1884 739 per

331 756 432 784 totum
448 755 633 783 context-um
649 752 734 784 anni
746 750 873 784 solaris
887 755 1035 794 vaqatus
1049 750 1141 783 redit
1156 750 1205 783 ad
1225 749 1364 783 eandem
1380 750 1478 785 diem.
1524 748 1622 785 Idem
1643 753 1678 785 et
1698 750 1735 785 in
1754 750 1814 785 lib.
1829 762 1882 787 111.

331 808 423 853 Isag.
441 806 526 843 Can.
542 807 674 853 repetit.
707 806 796 848 Quid
810 805 876 842 hoc
891 805 1031 842 homine
1047 806 1174 848 facias,
1196 809 1258 840 aut
1281 816 1386 852 quam
1407 806 1440 841 ei
1461 806 1601 842 demum
1621 806 1752 842 habeas
1766 807 1883 851 fidem,

332 875 396 899 sua
410 875 448 899 se
463 864 538 910 ipse
554 863 770 899 confessione
785 866 858 898 tam
873 867 991 910 aperte
1008 874 1047 898 ac
1062 863 1180 910 palam
1194 862 1325 906 induit,
1347 866 1387 898 ut
1407 863 1506 898 cuius
1522 863 1605 900 anni
1619 863 1752 899 formae
1767 875 1808 900 ac
1824 875 1883 911 pe-

331 921 418 956 riodi
432 922 649 956 inventorem
664 932 703 956 se
718 921 815 963 dicit,
832 931 910 955 eam
925 921 1039 967 ipsam
1050 919 1296 955 vetustissimis
1313 920 1527 967 temporibus
1541 921 1661 956 innisa
1675 921 1785 956 fuisse
1801 932 1883 957 con·

330 978 470 1013 firmet?
501 978 571 1013 Sed
586 989 629 1013 ea
641 977 729 1013 mihi
743 975 834 1012 levia
849 989 888 1012 ac
905 978 1100 1012 tolerabilia
1111 977 1280 1020 videntur,
1303 988 1382 1012 cum
1405 977 1448 1012 ad
1463 977 1533 1012 alia
1547 978 1693 1024 respicio
1703 1005 1712 1022 ,
1736 989 1825 1025 quae
1846 979 1883 1014 in

331 1039 478 1082 utroque
492 1036 551 1070 illo
569 1046 671 1082 opere
685 1038 832 1078 temere,
853 1035 1092 1069 inconstanter
1113 1045 1153 1069 ac
1169 1034 1244 1069 sine
1261 1038 1380 1070 autore
1395 1035 1466 1070 ullo
1482 1035 1615 1081 passim
1630 1034 1772 1078 eflutiit,
1794 1046 1883 1082 quae
1944 1056 1947 1060 ι

331 1104 396 1128 nos
414 1093 524 1135 brevi,
540 1093 570 1127 si
582 1092 743 1127 dominus
759 1091 906 1134 dederit,
919 1092 955 1126 in
967 1092 1082 1126 lucem
1094 1094 1321 1138 apertumque
1333 1091 1564 1138 proferemus,
1580 1095 1620 1126 ut
1631 1092 1692 1138 qui
1707 1092 1884 1128 chronolo-

331 1150 418 1196 gicis
433 1150 470 1185 in
484 1150 590 1196 rebus
605 1149 708 1184 deum
722 1142 823 1184 illuin
838 1148 1087 1195 propemodum
1103 1148 1249 1191 faciunt,
1270 1148 1357 1184 nihil
1371 1149 1488 1195 ipsum
1503 1149 1546 1184 ad
1562 1160 1640 1184 eam
1654 1160 1729 1184 rem
1748 1153 1884 1196 praeter

330 1207 460 1242 fastum
483 1210 516 1242 et
538 1207 773 1253 arrogantiam
796 1206 955 1241 attulisse
979 1206 1124 1242 discant.
1171 1205 1350 1241 Postremo
1375 1217 1482 1252 quam
1507 1206 1545 1241 in
1568 1205 1774 1242 Antiocheni
1801 1207 1883 1243 anni

331 1264 463 1311 epocha
476 1264 628 1299 hominis
645 1263 915 1298 inconstantiam
930 1263 1097 1306 vidimus,
1122 1262 1268 1298 eandem
1289 1263 1326 1298 in
1347 1263 1540 1310 Hagarenis
1563 1266 1597 1299 et
1611 1263 1768 1299 Arabicis
1789 1263 1883 1299 hisce

329 1322 480 1368 periodis
497 1322 584 1357 scito
601 1332 678 1356 esse
699 1321 934 1356 commissam.
978 1320 1068 1355 Nam
1083 1320 1105 1355 1.
1122 1332 1160 1356 11.
1177 1320 1218 1355 de
1234 1320 1377 1356 Emend.
1393 1332 1427 1367 p.
1443 1320 1517 1355 116.
1541 1322 1613 1357 etl.
1627 1333 1660 1356 v.
1682 1332 1718 1368 p.
1729 1320 1808 1358 485.
1824 1332 1882 1369 pe-

330 1379 465 1414 riodum
488 1379 710 1425 Hagarenam
732 1378 776 1412 ab
799 1389 890 1412 anno
911 1377 987 1423 ipso
1004 1376 1243 1421 Gonfusionis,
1266 1378 1327 1424 qui
1347 1377 1506 1424 proxime
1530 1377 1592 1414 Iul.
1615 1378 1767 1425 primum
1788 1381 1883 1414 ante-¹

331 1437 450 1479 cessit,
472 1437 603 1471 Arabes
625 1435 808 1470 inchoasse
829 1434 950 1476 tradit,
973 1445 1044 1480 per.
1066 1434 1130 1469 Iul.
1142 1433 1242 1470 4668.
1273 1434 1315 1469 In
1329 1434 1423 1482 Isag.
1441 1446 1522 1470 vero
1539 1434 1670 1471 Canon.
1686 1436 1709 1472 l.
1723 1448 1776 1472 m.
1793 1447 1880 1472 αα.

330 1505 363 1539 p.
377 1493 453 1528 235.
469 1493 602 1539 periodi
617 1492 721 1528 huius
738 1491 907 1539 epocham
922 1491 1068 1527 eandem
1090 1503 1168 1527 esse
1184 1491 1284 1527 docet
1299 1502 1405 1538 quam
1421 1495 1456 1527 et
1469 1491 1755 1534 Antiochensium
1770 1503 1881 1535 aerae,

330 1549 395 1585 hoc
417 1554 470 1585 est
491 1551 535 1586 ab
557 1561 649 1585 auno
672 1550 784 1596 primo
806 1547 1028 1584 monarchiae
1050 1549 1129 1584 Iulii
1153 1548 1326 1593 Caesaris,
1346 1560 1419 1596 per.
1436 1549 1500 1584 Iul.
1512 1549 1631 1593 4666„
1655 1560 1744 1596 quae
1763 1561 1882 1586 secum

329 1608 509 1654 perspicue
525 1613 694 1654 pugnant.

421 1664 490 1700 Sed
512 1664 566 1700 his
590 1665 694 1711 nugis
719 1664 876 1707 omissis,
899 1663 1119 1699 verisimilius
1143 1666 1196 1699 est
1215 1663 1402 1711 Epiphanii
1424 1665 1548 1700 saltem
1570 1667 1724 1711 tempore
1747 1665 1882 1701 civilem

330 1722 484 1757 Arabum
500 1733 632 1757 annum
646 1722 795 1757 solarem
810 1721 936 1764 fuisse,
960 1724 995 1756 et
1017 1721 1094 1756 aliis
1117 1731 1222 1768 quam
1238 1722 1299 1768 qui
1313 1722 1419 1769 vulgo
1435 1721 1726 1758 circumferuntur
1735 1723 1883 1759 nomini·

330 1780 395 1814 bus
411 1790 549 1814 menses
565 1779 757 1826 appellatos
779 1789 867 1814 esse.
914 1778 1132 1825 Simplicius,
1156 1779 1208 1814 uti
1230 1778 1387 1826 Scaliger
1409 1779 1586 1822 observat,
1609 1790 1631 1814 a
1649 1790 1730 1815 vere
1753 1790 1883 1816 annum

330 1847 432 1871 suum
449 1837 580 1872 Arabes
595 1836 778 1871 inchoasse
793 1836 923 1872 scribit.
946 1835 1221 1871 Alexandrinum
1236 1847 1317 1872 vero
1331 1835 1526 1872 Chronicon
1542 1848 1576 1884 p.
1588 1835 1665 1872 597.
1682 1840 1780 1873 notat
1794 1837 1882 1874 Gau·

330 1894 409 1928 dido
426 1897 461 1928 et
476 1893 651 1936 Quadrato
673 1905 763 1929 coss.
782 1893 921 1928 Petreos
943 1896 978 1928 et
998 1893 1206 1936 Bostrenos,
1231 1895 1290 1940 qni
1313 1894 1460 1929 Arabiae
1483 1894 1602 1941 populi
1625 1897 1726 1938 sunt,
1748 1895 1793 1931 ab
1815 1894 1882 1931 hoc

329 1951 406 1997 ipso
423 1962 514 1986 anno
530 1955 688 1997 tempora
710 1962 774 1986 sua
797 1961 994 1994 numerare,
1019 1951 1079 1996 qui
1101 1954 1155 1985 est
1175 1961 1275 1986 aerae
1291 1950 1526 1998 Dionysianae
1542 1961 1618 1996 cv.,
1641 1951 1782 1988 Traiani
1795 1950 1880 2000 Imp.

330 2012 484 2043 octavus.

421 2065 511 2100 Κατὰ
527 2065 750 2105 Καππαδόκας
766 2063 909 2111 Ἀταρτᾶ
926 2065 984 2111 ιγ.]
1030 2064 1177 2100 Lunaris
1197 2065 1305 2112 igitur
1328 2065 1575 2112 Cappadocum
1593 2066 1726 2102 mensis
1749 2067 1881 2110 exuam
1950 2064 1952 2067 ¹

331 2122 608 2169 quandoquidem
624 2133 702 2158 cum
718 2121 848 2158 Tebeth
865 2122 1004 2157 Iudaico
1023 2122 1194 2158 convenit.
1228 2122 1301 2157 Imo
1325 2133 1406 2157 vero
1429 2126 1549 2158 neuter
1569 2127 1728 2160 accurate
1750 2124 1881 2160 lunaris

330 2180 412 2223 suit,
432 2190 511 2215 cum
534 2180 750 2215 novilunium
774 2179 926 2214 medium
949 2178 1030 2215 Dec.
1043 2179 1097 2214 26.
1115 2182 1297 2226 competat.
1329 2178 1443 2221 Quare
1465 2179 1497 2215 si
1518 2179 1636 2215 Iudaei
1652 2177 1716 2215 ἀπὸ
1734 2183 1789 2225 τῆς
1806 2193 1881 2216 συν-

331 2238 410 2272 όδου
441 2237 640 2272 neomenias
671 2237 816 2272 civiliter
846 2236 1087 2279 deduxissent,
1114 2236 1187 2271 Ian.
1214 2248 1260 2272 vr.
1285 2236 1426 2271 nonnisi
1456 2248 1507 2272 ιιι
1530 2247 1640 2274 mens.
1666 2236 1879 2275 habuissent.

331 2294 392 2330 Sin
406 2295 496 2341 quod
514 2294 590 2329 eliis
605 2294 752 2341 placuit,
768 2294 818 2328 uti
834 2294 953 2340 glossa
969 2304 1067 2330 c.v11.
1082 2304 1154 2340 par.
1169 2305 1192 2329 1.
1209 2293 1268 2328 Isd
1284 2293 1324 2328 R..
1337 2293 1578 2329 Mnemonidas
1590 2298 1748 2339 testatur,
1764 2307 1878 2334 neom.

330 2362 508 2399 nunquam
525 2362 566 2386 eo
583 2351 637 2386 die
659 2351 864 2394 constituta,
887 2350 922 2386 iu
947 2361 1051 2397 quem
1074 2350 1192 2386 Molad
1214 2350 1394 2395 incideret,
1416 2351 1599 2386 neomenia
1614 2351 1745 2388 Tebeth
1769 2365 1878 2390 xxvrr.

330 2409 430 2452 Dec.‚
446 2408 597 2444 Ianuarii
612 2411 728 2443 autem
746 2421 790 2444 vr.
808 2408 980 2444 duntaxat
997 2408 1177 2444 undecima
1193 2409 1363 2444 convenit.
1395 2407 1484 2445 Scal.
1502 2408 1562 2444 lib.
1577 2420 1623 2445 vr.
1641 2409 1684 2444 de
1698 2409 1878 2447 Emendat.

331 2477 410 2502 cum
433 2466 473 2501 de
497 2476 588 2501 auno
612 2465 719 2501 natali
744 2464 871 2501 Christi
892 2465 1063 2513 disputat,
1084 2465 1316 2512 Epiphanium
1335 2465 1530 2512 redarguit,
1554 2465 1646 2512 quod
1662 2466 1793 2503 Tebeth
1815 2479 1877 2516 pro

331 2522 461 2559 Sebath
477 2523 640 2571 posuerit.
671 2522 739 2558 Sed
756 2522 1054 2570 reprehendendus
1070 2523 1144 2570 ipse
1161 2523 1293 2570 potius,
1316 2523 1375 2570 qui
1397 2522 1439 2558 ad
1463 2527 1697 2559 commentum
1717 2535 1820 2561 suum
1835 2526 1878 2562 de

332 2581 508 2628 Calippica
523 2580 662 2627 periodo
679 2591 700 2615 a
717 2579 851 2615 Iudaeis
867 2584 949 2615 tunc
963 2572 1128 2627 temporis
1146 2580 1328 2615 observata
1342 2578 1573 2627 Epiphanium
1589 2581 1803 2629 adstringere
1817 2594 1877 2619 vo·

332 2638 412 2679 luit:
436 2638 477 2673 de
494 2647 563 2684 qua
579 2649 614 2672 re
631 2637 735 2684 paulo
758 2641 838 2684 post
858 2641 979 2684 agetur
1001 2637 1036 2673 in
1052 2637 1291 2684 Disputatioue
1307 2636 1349 2672 de
1364 2647 1456 2672 anno
1473 2637 1675 2674 Dominicae
1690 2638 1875 2676 Passionis.

332 2695 410 2730 Fuit
425 2693 480 2730 hic
495 2694 601 2738 igitur
618 2695 746 2729 mensis
762 2693 909 2738 Tebeth,
926 2706 995 2730 non
1012 2693 1161 2737 Sebath3
1185 2698 1219 2730 et
1234 2697 1287 2730 est
1302 2694 1442 2731 omniuo
1458 2693 1501 2729 sd
1518 2694 1693 2731 Iudaicam
1707 2696 1803 2732 illam
1817 2708 1876 2745 pe·

334 2751 485 2794 nodum,
502 2762 606 2797 quam
622 2755 745 2798 postea
761 2762 805 2787 ex
820 2750 1005 2799 Epiphauii
1020 2755 1136 2787 mente
1158 2751 1406 2795 describemus,
1429 2752 1806 2790 accommodatissimus
1821 2754 1876 2791 hic

333 2809 439 2844 locus.
479 2808 550 2844 Etsi
574 2809 719 2844 duorum
740 2809 884 2844 alterum
908 2808 1073 2845 accidisse
1096 2808 1264 2856 suspicor,
1289 2811 1327 2845 ut
1341 2808 1395 2844 vel
1411 2805 1451 2843 ιδ’
1468 2819 1530 2856 pro
1548 2807 1590 2856 ιγ’
1608 2810 1783 2858 scripserit
1797 2811 1875 2859 Epi-

333 2864 497 2912 phanius,
520 2866 571 2900 vel
594 2865 757 2911 quonlam
775 2866 923 2902 Ianuarii
936 2877 967 2901 v.
984 2876 1045 2913 pro
1062 2878 1107 2902 vx.
1124 2866 1324 2914 imprudens
1340 2869 1581 2913 usurpaverat,
1603 2865 1644 2902 ad
1669 2878 1747 2904 eam
1768 2869 1875 2916 respi-

333 2922 426 2958 ciens
444 2933 517 2957 riu.
534 2922 663 2957 'roboth
681 2922 909 2970 adscripserit.
941 2922 1023 2958 Erat
1037 2923 1129 2959 enim
1146 2934 1188 2959 ex
1206 2922 1366 2959 methodo
1382 2926 1501 2959 nostre
1516 2923 1647 2959 Tebeth
1664 2925 1715 2962 14.
1741 2924 1873 2973 Quippe

334 2978 822 3025 ogdoecontstemmotoridia
838 2990 949 3015 sunus
965 2980 1112 3016 {sternit
1128 2992 1176 3024 ι..,
1193 2979 1292 3027 cyclo
1307 2979 1390 3016 solis
1406 2991 1453 3016 rx.
1465 3005 1474 3023 ,
1492 2980 1593 3016 lunae
1610 2994 1651 3025 r..
1674 2992 1696 3019 a
1710 2981 1784 3019 Kal.
1801 2982 1871 3021 Ian.

334 3035 415 3073 anui
431 3035 552 3074 Iuliani
568 3036 743 3083 sequentis
759 3037 940 3073 neementa
956 3036 1063 3073 Nisau
1081 3038 1161 3084 Apr.
1176 3048 1233 3082 n.‚
1256 3036 1317 3073 ier.
1335 3048 1380 3074 xv.
1413 3035 1494 3073 Erat
1515 3048 1626 3074 annus
1648 3039 1797 3087 simplex
1819 3051 1871 3077 or-
