<?xml version="1.0" encoding="UTF-8"?>
<!DOCTYPE html PUBLIC "-//W3C//DTD XHTML 1.0 Transitional//EN"
    "http://www.w3.org/TR/xhtml1/DTD/xhtml1-transitional.dtd">
<html xmlns="http://www.w3.org/1999/xhtml" xml:lang="en" lang="en">
 <head>
  <title>
</title>
<meta http-equiv="Content-Type" content="text/html;charset=utf-8" />
  <meta name='ocr-system' content='tesseract 3.04.00' />
  <meta name='ocr-capabilities' content='ocr_page ocr_carea ocr_par ocr_line ocrx_word'/>
</head>
<body>
  <div class='ocr_page' id='page_1' title='image "./corporishaereseo03epip_0232.png"; bbox 0 0 2008 3294; ppageno 0'>
   <div class='ocr_carea' id='block_1_1' title="bbox 158 507 255 538">
    <p class='ocr_par' dir='ltr' id='par_1_1' title="bbox 158 507 255 538">
     <span class='ocr_line' id='line_1_1' title="bbox 158 507 255 538; baseline 0.01 -7"><span class='ocrx_word' id='word_1_1' title='bbox 158 507 255 538; x_wconf 85' lang='lat' dir='ltr'><strong>p.115.</strong></span> 
     </span>
    </p>
   </div>
   <div class='ocr_carea' id='block_1_2' title="bbox 159 2874 256 2905">
    <p class='ocr_par' dir='ltr' id='par_1_2' title="bbox 159 2874 256 2905">
     <span class='ocr_line' id='line_1_2' title="bbox 159 2874 256 2905; baseline -0.01 -6"><span class='ocrx_word' id='word_1_2' title='bbox 159 2874 256 2905; x_wconf 76' lang='lat' dir='ltr'><strong>p.l¹c.</strong></span> 
     </span>
    </p>
   </div>
   <div class='ocr_carea' id='block_1_3' title="bbox 293 229 368 266">
    <p class='ocr_par' dir='ltr' id='par_1_3' title="bbox 293 229 368 266">
     <span class='ocr_line' id='line_1_3' title="bbox 293 229 368 266; baseline 0.027 -2"><span class='ocrx_word' id='word_1_3' title='bbox 293 229 368 266; x_wconf 86' lang='lat' dir='ltr'><strong>CIV</strong></span> 
     </span>
    </p>
   </div>
   <div class='ocr_carea' id='block_1_4' title="bbox 289 332 1857 3128">
    <p class='ocr_par' dir='ltr' id='par_1_4' title="bbox 290 332 1857 2320">
     <span class='ocr_line' id='line_1_4' title="bbox 293 332 1854 383; baseline 0.004 -16"><span class='ocrx_word' id='word_1_4' title='bbox 293 334 373 367; x_wconf 75' lang='lat' dir='ltr'><strong>buit.</strong></span> <span class='ocrx_word' id='word_1_5' title='bbox 396 333 490 368; x_wconf 82' lang='lat' dir='ltr'><strong>Haec</strong></span> <span class='ocrx_word' id='word_1_6' title='bbox 504 333 574 368; x_wconf 90' lang='lat' dir='ltr'><strong>ille.</strong></span> <span class='ocrx_word' id='word_1_7' title='bbox 598 332 687 368; x_wconf 85' lang='lat' dir='ltr'><strong>Cum</strong></span> <span class='ocrx_word' id='word_1_8' title='bbox 703 333 740 368; x_wconf 90' lang='lat' dir='ltr'><strong>in</strong></span> <span class='ocrx_word' id='word_1_9' title='bbox 757 333 935 380; x_wconf 80' lang='lat' dir='ltr'>superiore</span> <span class='ocrx_word' id='word_1_10' title='bbox 949 335 1027 370; x_wconf 91' lang='lat' dir='ltr'><strong>loco</strong></span> <span class='ocrx_word' id='word_1_11' title='bbox 1044 335 1252 378; x_wconf 85' lang='lat' dir='ltr'><strong>definiisset,</strong></span> <span class='ocrx_word' id='word_1_12' title='bbox 1269 347 1403 371; x_wconf 85' lang='lat' dir='ltr'><strong>annum</strong></span> <span class='ocrx_word' id='word_1_13' title='bbox 1414 348 1520 372; x_wconf 82' lang='lat' dir='ltr'>xxxv.</span> <span class='ocrx_word' id='word_1_14' title='bbox 1537 338 1626 383; x_wconf 89' lang='lat' dir='ltr'><strong>cycli</strong></span> <span class='ocrx_word' id='word_1_15' title='bbox 1638 337 1762 374; x_wconf 74' lang='lat' dir='ltr'><strong>debere</strong></span> <span class='ocrx_word' id='word_1_16' title='bbox 1777 348 1854 374; x_wconf 79' lang='lat' dir='ltr'><strong>esse</strong></span> 
     </span>
     <span class='ocr_line' id='line_1_5' title="bbox 291 390 1854 440; baseline 0.004 -16"><span class='ocrx_word' id='word_1_17' title='bbox 291 390 486 425; x_wconf 83' lang='lat' dir='ltr'><strong>nativitatis</strong></span> <span class='ocrx_word' id='word_1_18' title='bbox 502 402 646 432; x_wconf 71' lang='lat' dir='ltr'>xxxin„</span> <span class='ocrx_word' id='word_1_19' title='bbox 669 401 738 437; x_wconf 88' lang='lat' dir='ltr'><strong>quo</strong></span> <span class='ocrx_word' id='word_1_20' title='bbox 762 401 889 437; x_wconf 83' lang='lat' dir='ltr'><strong>passus</strong></span> <span class='ocrx_word' id='word_1_21' title='bbox 904 395 958 427; x_wconf 85' lang='lat' dir='ltr'><strong>est</strong></span> <span class='ocrx_word' id='word_1_22' title='bbox 973 392 1152 435; x_wconf 85' lang='lat' dir='ltr'><strong>dominus,</strong></span> <span class='ocrx_word' id='word_1_23' title='bbox 1174 403 1268 428; x_wconf 89' lang='lat' dir='ltr'><strong>nunc</strong></span> <span class='ocrx_word' id='word_1_24' title='bbox 1289 396 1330 427; x_wconf 89' lang='lat' dir='ltr'><strong>ut</strong></span> <span class='ocrx_word' id='word_1_25' title='bbox 1343 393 1437 428; x_wconf 85' lang='lat' dir='ltr'><strong>idem</strong></span> <span class='ocrx_word' id='word_1_26' title='bbox 1452 394 1627 440; x_wconf 81' lang='lat' dir='ltr'>passionis</span> <span class='ocrx_word' id='word_1_27' title='bbox 1641 404 1758 430; x_wconf 77' lang='lat' dir='ltr'><strong>annus</strong></span> <span class='ocrx_word' id='word_1_28' title='bbox 1774 406 1854 431; x_wconf 85' lang='lat' dir='ltr'><strong>cum</strong></span> 
     </span>
     <span class='ocr_line' id='line_1_6' title="bbox 292 447 1855 498; baseline 0.004 -16"><span class='ocrx_word' id='word_1_29' title='bbox 292 458 352 489; x_wconf 86' lang='lat' dir='ltr'><strong>eo,</strong></span> <span class='ocrx_word' id='word_1_30' title='bbox 369 447 429 492; x_wconf 92' lang='lat' dir='ltr'><strong>qui</strong></span> <span class='ocrx_word' id='word_1_31' title='bbox 444 458 521 483; x_wconf 82' lang='lat' dir='ltr'>xm.</span> <span class='ocrx_word' id='word_1_32' title='bbox 538 450 752 490; x_wconf 84' lang='lat' dir='ltr'><strong>numeratur,</strong></span> <span class='ocrx_word' id='word_1_33' title='bbox 775 448 873 484; x_wconf 88' lang='lat' dir='ltr'><strong>omni</strong></span> <span class='ocrx_word' id='word_1_34' title='bbox 891 459 937 484; x_wconf 87' lang='lat' dir='ltr'>ex</span> <span class='ocrx_word' id='word_1_35' title='bbox 954 453 1054 496; x_wconf 82' lang='lat' dir='ltr'><strong>parte</strong></span> <span class='ocrx_word' id='word_1_36' title='bbox 1078 450 1288 493; x_wconf 75' lang='lat' dir='ltr'><strong>consentiat,</strong></span> <span class='ocrx_word' id='word_1_37' title='bbox 1312 450 1361 485; x_wconf 72' lang='lat' dir='ltr'><strong>ait</strong></span> <span class='ocrx_word' id='word_1_38' title='bbox 1382 451 1498 497; x_wconf 84' lang='lat' dir='ltr'><strong>ipsum</strong></span> <span class='ocrx_word' id='word_1_39' title='bbox 1520 451 1644 487; x_wconf 87' lang='lat' dir='ltr'><strong>debere</strong></span> <span class='ocrx_word' id='word_1_40' title='bbox 1667 463 1744 487; x_wconf 87' lang='lat' dir='ltr'><strong>esse</strong></span> <span class='ocrx_word' id='word_1_41' title='bbox 1767 453 1855 498; x_wconf 71' lang='lat' dir='ltr'><strong>cycli</strong></span> 
     </span>
     <span class='ocr_line' id='line_1_7' title="bbox 291 504 1855 554; baseline 0.004 -16"><span class='ocrx_word' id='word_1_42' title='bbox 291 505 507 539; x_wconf 89' lang='lat' dir='ltr'><strong>tricesimum</strong></span> <span class='ocrx_word' id='word_1_43' title='bbox 521 504 674 540; x_wconf 87' lang='lat' dir='ltr'><strong>tertium.</strong></span> <span class='ocrx_word' id='word_1_44' title='bbox 703 505 811 551; x_wconf 80' lang='lat' dir='ltr'><strong>Atqui</strong></span> <span class='ocrx_word' id='word_1_45' title='bbox 826 517 953 543; x_wconf 78' lang='lat' dir='ltr'>xxxin.</span> <span class='ocrx_word' id='word_1_46' title='bbox 967 507 1059 552; x_wconf 84' lang='lat' dir='ltr'><strong>cycli</strong></span> <span class='ocrx_word' id='word_1_47' title='bbox 1073 507 1280 550; x_wconf 85' lang='lat' dir='ltr'><strong>nativitatis,</strong></span> <span class='ocrx_word' id='word_1_48' title='bbox 1297 507 1371 543; x_wconf 89' lang='lat' dir='ltr'><strong>sive</strong></span> <span class='ocrx_word' id='word_1_49' title='bbox 1385 508 1502 554; x_wconf 81' lang='lat' dir='ltr'><strong>potius</strong></span> <span class='ocrx_word' id='word_1_50' title='bbox 1517 509 1786 552; x_wconf 73' lang='lat' dir='ltr'><strong>incarnationis,</strong></span> <span class='ocrx_word' id='word_1_51' title='bbox 1801 513 1855 544; x_wconf 83' lang='lat' dir='ltr'><strong>est</strong></span> 
     </span>
     <span class='ocr_line' id='line_1_8' title="bbox 292 560 1855 612; baseline 0.004 -17"><span class='ocrx_word' id='word_1_52' title='bbox 292 573 404 596; x_wconf 81' lang='lat' dir='ltr'>xxxn.</span> <span class='ocrx_word' id='word_1_53' title='bbox 437 560 522 602; x_wconf 86' lang='lat' dir='ltr'><strong>Quis</strong></span> <span class='ocrx_word' id='word_1_54' title='bbox 538 560 850 598; x_wconf 72' lang='lat' dir='ltr'><strong>hallucinationem</strong></span> <span class='ocrx_word' id='word_1_55' title='bbox 862 574 935 599; x_wconf 88' lang='lat' dir='ltr'><strong>non</strong></span> <span class='ocrx_word' id='word_1_56' title='bbox 949 564 1069 599; x_wconf 79' lang='lat' dir='ltr'><strong>videt?</strong></span> <span class='ocrx_word' id='word_1_57' title='bbox 1099 563 1154 598; x_wconf 85' lang='lat' dir='ltr'><strong>Ex</strong></span> <span class='ocrx_word' id='word_1_58' title='bbox 1176 563 1219 598; x_wconf 87' lang='lat' dir='ltr'><strong>iis</strong></span> <span class='ocrx_word' id='word_1_59' title='bbox 1241 567 1386 611; x_wconf 80' lang='lat' dir='ltr'><strong>apparet</strong></span> <span class='ocrx_word' id='word_1_60' title='bbox 1406 564 1495 600; x_wconf 87' lang='lat' dir='ltr'><strong>nihil</strong></span> <span class='ocrx_word' id='word_1_61' title='bbox 1515 566 1557 600; x_wconf 85' lang='lat' dir='ltr'><strong>de</strong></span> <span class='ocrx_word' id='word_1_62' title='bbox 1579 566 1741 609; x_wconf 83' lang='lat' dir='ltr'><strong>biennio,</strong></span> <span class='ocrx_word' id='word_1_63' title='bbox 1761 566 1855 612; x_wconf 85' lang='lat' dir='ltr'><strong>quod</strong></span> 
     </span>
     <span class='ocr_line' id='line_1_9' title="bbox 292 618 1854 670; baseline 0.004 -18"><span class='ocrx_word' id='word_1_64' title='bbox 292 621 373 652; x_wconf 72' lang='lat' dir='ltr'><strong>ante</strong></span> <span class='ocrx_word' id='word_1_65' title='bbox 396 629 528 654; x_wconf 85' lang='lat' dir='ltr'><strong>annum</strong></span> <span class='ocrx_word' id='word_1_66' title='bbox 550 618 679 654; x_wconf 85' lang='lat' dir='ltr'><strong>natalis</strong></span> <span class='ocrx_word' id='word_1_67' title='bbox 694 619 904 666; x_wconf 85' lang='lat' dir='ltr'><strong>Dionysiani</strong></span> <span class='ocrx_word' id='word_1_68' title='bbox 924 621 1181 656; x_wconf 84' lang='lat' dir='ltr'><strong>numerandum</strong></span> <span class='ocrx_word' id='word_1_69' title='bbox 1202 631 1279 656; x_wconf 87' lang='lat' dir='ltr'><strong>esse</strong></span> <span class='ocrx_word' id='word_1_70' title='bbox 1302 621 1499 666; x_wconf 71' lang='lat' dir='ltr'><strong>docuimus,</strong></span> <span class='ocrx_word' id='word_1_71' title='bbox 1521 623 1560 658; x_wconf 85' lang='lat' dir='ltr'><strong>in</strong></span> <span class='ocrx_word' id='word_1_72' title='bbox 1581 625 1735 658; x_wconf 78' lang='lat' dir='ltr'><strong>mentem</strong></span> <span class='ocrx_word' id='word_1_73' title='bbox 1755 623 1854 670; x_wconf 84' lang='lat' dir='ltr'><strong>Sige-</strong></span> 
     </span>
     <span class='ocr_line' id='line_1_10' title="bbox 292 675 1855 726; baseline 0.004 -17"><span class='ocrx_word' id='word_1_74' title='bbox 292 675 389 709; x_wconf 86' lang='lat' dir='ltr'><strong>berto</strong></span> <span class='ocrx_word' id='word_1_75' title='bbox 402 675 540 710; x_wconf 85' lang='lat' dir='ltr'><strong>venisse</strong></span> <span class='ocrx_word' id='word_1_76' title='bbox 553 701 562 718; x_wconf 94' lang='lat'><strong>,</strong></span> <span class='ocrx_word' id='word_1_77' title='bbox 579 679 615 710; x_wconf 87' lang='lat' dir='ltr'><strong>et</strong></span> <span class='ocrx_word' id='word_1_78' title='bbox 628 676 823 712; x_wconf 80' lang='lat' dir='ltr'><strong>nativitatis</strong></span> <span class='ocrx_word' id='word_1_79' title='bbox 839 686 972 713; x_wconf 86' lang='lat' dir='ltr'><strong>annum</strong></span> <span class='ocrx_word' id='word_1_80' title='bbox 988 678 1032 713; x_wconf 88' lang='lat' dir='ltr'><strong>ab</strong></span> <span class='ocrx_word' id='word_1_81' title='bbox 1050 689 1091 713; x_wconf 87' lang='lat' dir='ltr'><strong>eo</strong></span> <span class='ocrx_word' id='word_1_82' title='bbox 1108 688 1187 713; x_wconf 89' lang='lat' dir='ltr'><strong>cum</strong></span> <span class='ocrx_word' id='word_1_83' title='bbox 1203 678 1452 715; x_wconf 79' lang='lat' dir='ltr'><strong>incarnationis</strong></span> <span class='ocrx_word' id='word_1_84' title='bbox 1468 690 1560 716; x_wconf 87' lang='lat' dir='ltr'><strong>anno</strong></span> <span class='ocrx_word' id='word_1_85' title='bbox 1573 679 1754 723; x_wconf 82' lang='lat' dir='ltr'><strong>confundi3</strong></span> <span class='ocrx_word' id='word_1_86' title='bbox 1771 691 1855 726; x_wconf 84' lang='lat' dir='ltr'><strong>quo-</strong></span> 
     </span>
     <span class='ocr_line' id='line_1_11' title="bbox 291 732 1855 783; baseline 0.004 -17"><span class='ocrx_word' id='word_1_87' title='bbox 291 732 387 767; x_wconf 88' lang='lat' dir='ltr'><strong>niam</strong></span> <span class='ocrx_word' id='word_1_88' title='bbox 409 732 550 778; x_wconf 88' lang='lat' dir='ltr'><strong>quidem</strong></span> <span class='ocrx_word' id='word_1_89' title='bbox 571 733 764 770; x_wconf 80' lang='lat' dir='ltr'><strong>secundum</strong></span> <span class='ocrx_word' id='word_1_90' title='bbox 786 743 919 770; x_wconf 86' lang='lat' dir='ltr'><strong>annum</strong></span> <span class='ocrx_word' id='word_1_91' title='bbox 942 735 1047 781; x_wconf 89' lang='lat' dir='ltr'><strong>cycli,</strong></span> <span class='ocrx_word' id='word_1_92' title='bbox 1069 736 1130 781; x_wconf 88' lang='lat' dir='ltr'><strong>qui</strong></span> <span class='ocrx_word' id='word_1_93' title='bbox 1152 734 1245 770; x_wconf 84' lang='lat' dir='ltr'><strong>haud</strong></span> <span class='ocrx_word' id='word_1_94' title='bbox 1267 735 1372 772; x_wconf 87' lang='lat' dir='ltr'><strong>dubie</strong></span> <span class='ocrx_word' id='word_1_95' title='bbox 1391 736 1640 772; x_wconf 77' lang='lat' dir='ltr'><strong>incarnationis</strong></span> <span class='ocrx_word' id='word_1_96' title='bbox 1664 737 1757 783; x_wconf 85' lang='lat' dir='ltr'><strong>apud</strong></span> <span class='ocrx_word' id='word_1_97' title='bbox 1774 738 1855 773; x_wconf 82' lang='lat' dir='ltr'><strong>illos</strong></span> 
     </span>
     <span class='ocr_line' id='line_1_12' title="bbox 291 789 1856 840; baseline 0.004 -17"><span class='ocrx_word' id='word_1_98' title='bbox 291 789 424 834; x_wconf 89' lang='lat' dir='ltr'><strong>primus</strong></span> <span class='ocrx_word' id='word_1_99' title='bbox 441 793 511 833; x_wconf 90' lang='lat' dir='ltr'><strong>est,</strong></span> <span class='ocrx_word' id='word_1_100' title='bbox 533 790 687 836; x_wconf 84' lang='lat' dir='ltr'><strong>primum</strong></span> <span class='ocrx_word' id='word_1_101' title='bbox 707 800 818 837; x_wconf 83' lang='lat' dir='ltr'><strong>aeque</strong></span> <span class='ocrx_word' id='word_1_102' title='bbox 837 792 1031 828; x_wconf 84' lang='lat' dir='ltr'><strong>nativitatis</strong></span> <span class='ocrx_word' id='word_1_103' title='bbox 1048 803 1125 828; x_wconf 85' lang='lat' dir='ltr'><strong>esse</strong></span> <span class='ocrx_word' id='word_1_104' title='bbox 1142 792 1274 829; x_wconf 86' lang='lat' dir='ltr'><strong>definit.</strong></span> <span class='ocrx_word' id='word_1_105' title='bbox 1306 793 1377 829; x_wconf 86' lang='lat' dir='ltr'><strong>Sed</strong></span> <span class='ocrx_word' id='word_1_106' title='bbox 1391 794 1430 829; x_wconf 88' lang='lat' dir='ltr'><strong>in</strong></span> <span class='ocrx_word' id='word_1_107' title='bbox 1443 794 1512 829; x_wconf 88' lang='lat' dir='ltr'><strong>illis</strong></span> <span class='ocrx_word' id='word_1_108' title='bbox 1529 794 1665 830; x_wconf 81' lang='lat' dir='ltr'><strong>duobus</strong></span> <span class='ocrx_word' id='word_1_109' title='bbox 1681 794 1856 840; x_wconf 74' lang='lat' dir='ltr'><strong>sigeberti</strong></span> 
     </span>
     <span class='ocr_line' id='line_1_13' title="bbox 290 846 1856 898; baseline 0.004 -17"><span class='ocrx_word' id='word_1_110' title='bbox 290 846 377 881; x_wconf 85' lang='lat' dir='ltr'><strong>locis</strong></span> <span class='ocrx_word' id='word_1_111' title='bbox 392 848 506 882; x_wconf 88' lang='lat' dir='ltr'><strong>multa</strong></span> <span class='ocrx_word' id='word_1_112' title='bbox 523 851 607 882; x_wconf 87' lang='lat' dir='ltr'><strong>sunt</strong></span> <span class='ocrx_word' id='word_1_113' title='bbox 629 848 759 895; x_wconf 79' lang='lat' dir='ltr'><strong>partim</strong></span> <span class='ocrx_word' id='word_1_114' title='bbox 779 848 957 895; x_wconf 87' lang='lat' dir='ltr'><strong>scriptoris</strong></span> <span class='ocrx_word' id='word_1_115' title='bbox 982 850 1098 896; x_wconf 85' lang='lat' dir='ltr'><strong>culpa,</strong></span> <span class='ocrx_word' id='word_1_116' title='bbox 1120 850 1248 896; x_wconf 83' lang='lat' dir='ltr'><strong>partim</strong></span> <span class='ocrx_word' id='word_1_117' title='bbox 1270 850 1402 886; x_wconf 84' lang='lat' dir='ltr'><strong>librarii</strong></span> <span class='ocrx_word' id='word_1_118' title='bbox 1422 851 1558 886; x_wconf 85' lang='lat' dir='ltr'><strong>incuria</strong></span> <span class='ocrx_word' id='word_1_119' title='bbox 1577 851 1775 898; x_wconf 86' lang='lat' dir='ltr'><strong>depravata.</strong></span> <span class='ocrx_word' id='word_1_120' title='bbox 1804 851 1856 887; x_wconf 77' lang='lat' dir='ltr'><strong>An</strong></span> 
     </span>
     <span class='ocr_line' id='line_1_14' title="bbox 291 903 1854 952; baseline 0.005 -15"><span class='ocrx_word' id='word_1_121' title='bbox 291 903 406 948; x_wconf 89' lang='lat' dir='ltr'><strong>priore</strong></span> <span class='ocrx_word' id='word_1_122' title='bbox 423 903 562 950; x_wconf 83' lang='lat' dir='ltr'><strong>quidem</strong></span> <span class='ocrx_word' id='word_1_123' title='bbox 584 905 623 940; x_wconf 88' lang='lat' dir='ltr'><strong>in</strong></span> <span class='ocrx_word' id='word_1_124' title='bbox 643 905 720 941; x_wconf 90' lang='lat' dir='ltr'><strong>loco</strong></span> <span class='ocrx_word' id='word_1_125' title='bbox 744 905 879 941; x_wconf 89' lang='lat' dir='ltr'><strong>nullum</strong></span> <span class='ocrx_word' id='word_1_126' title='bbox 900 906 938 941; x_wconf 91' lang='lat' dir='ltr'><strong>in</strong></span> <span class='ocrx_word' id='word_1_127' title='bbox 960 907 1200 943; x_wconf 85' lang='lat' dir='ltr'><strong>numeralibus</strong></span> <span class='ocrx_word' id='word_1_128' title='bbox 1220 908 1314 943; x_wconf 86' lang='lat' dir='ltr'><strong>notis</strong></span> <span class='ocrx_word' id='word_1_129' title='bbox 1336 908 1504 943; x_wconf 83' lang='lat' dir='ltr'><strong>mendum</strong></span> <span class='ocrx_word' id='word_1_130' title='bbox 1526 919 1622 952; x_wconf 88' lang='lat' dir='ltr'><strong>esse,</strong></span> <span class='ocrx_word' id='word_1_131' title='bbox 1646 919 1726 944; x_wconf 90' lang='lat' dir='ltr'><strong>cum</strong></span> <span class='ocrx_word' id='word_1_132' title='bbox 1749 920 1854 944; x_wconf 78' lang='lat' dir='ltr'>xxxv.</span> 
     </span>
     <span class='ocr_line' id='line_1_15' title="bbox 292 961 1856 1010; baseline 0.004 -16"><span class='ocrx_word' id='word_1_133' title='bbox 292 961 382 1004; x_wconf 83' lang='lat' dir='ltr'><strong>cycli</strong></span> <span class='ocrx_word' id='word_1_134' title='bbox 398 971 530 996; x_wconf 84' lang='lat' dir='ltr'><strong>annum</strong></span> <span class='ocrx_word' id='word_1_135' title='bbox 546 962 722 1008; x_wconf 85' lang='lat' dir='ltr'><strong>nominat,</strong></span> <span class='ocrx_word' id='word_1_136' title='bbox 738 961 941 998; x_wconf 70' lang='lat' dir='ltr'><strong>character·</strong></span> <span class='ocrx_word' id='word_1_137' title='bbox 931 974 1007 1010; x_wconf 91' lang='lat' dir='ltr'><strong>1pse</strong></span> <span class='ocrx_word' id='word_1_138' title='bbox 1021 963 1114 1002; x_wconf 57' lang='lat' dir='ltr'><strong>sutis</strong></span> <span class='ocrx_word' id='word_1_139' title='bbox 1125 964 1288 1001; x_wconf 73' lang='lat' dir='ltr'><strong>ostendit.</strong></span> <span class='ocrx_word' id='word_1_140' title='bbox 1310 965 1371 1000; x_wconf 86' lang='lat' dir='ltr'><strong>Ait</strong></span> <span class='ocrx_word' id='word_1_141' title='bbox 1385 965 1478 1000; x_wconf 88' lang='lat' dir='ltr'><strong>enim</strong></span> <span class='ocrx_word' id='word_1_142' title='bbox 1493 964 1562 1003; x_wconf 82' lang='lat' dir='ltr'><strong>hoc</strong></span> <span class='ocrx_word' id='word_1_143' title='bbox 1575 976 1668 1000; x_wconf 81' lang='lat' dir='ltr'><strong>anno</strong></span> <span class='ocrx_word' id='word_1_144' title='bbox 1685 964 1856 1001; x_wconf 83' lang='lat' dir='ltr'><strong>decimam</strong></span> 
     </span>
     <span class='ocr_line' id='line_1_16' title="bbox 293 1019 1856 1069; baseline 0.004 -17"><span class='ocrx_word' id='word_1_145' title='bbox 293 1021 454 1062; x_wconf 81' lang='lat' dir='ltr'><strong>quartam</strong></span> <span class='ocrx_word' id='word_1_146' title='bbox 469 1019 590 1054; x_wconf 85' lang='lat' dir='ltr'><strong>lunam</strong></span> <span class='ocrx_word' id='word_1_147' title='bbox 603 1019 730 1065; x_wconf 89' lang='lat' dir='ltr'><strong>Aprilis</strong></span> <span class='ocrx_word' id='word_1_148' title='bbox 746 1019 886 1066; x_wconf 86' lang='lat' dir='ltr'><strong>(Aprilis</strong></span> <span class='ocrx_word' id='word_1_149' title='bbox 903 1020 1024 1056; x_wconf 81' lang='lat' dir='ltr'><strong>lunam</strong></span> <span class='ocrx_word' id='word_1_150' title='bbox 1038 1020 1229 1063; x_wconf 69' lang='lat' dir='ltr'><strong>identidem</strong></span> <span class='ocrx_word' id='word_1_151' title='bbox 1242 1023 1405 1068; x_wconf 86' lang='lat' dir='ltr'><strong>appellat,</strong></span> <span class='ocrx_word' id='word_1_152' title='bbox 1421 1034 1492 1057; x_wconf 87' lang='lat' dir='ltr'><strong>non</strong></span> <span class='ocrx_word' id='word_1_153' title='bbox 1510 1033 1599 1068; x_wconf 88' lang='lat' dir='ltr'><strong>quae</strong></span> <span class='ocrx_word' id='word_1_154' title='bbox 1611 1022 1720 1069; x_wconf 85' lang='lat' dir='ltr'><strong>Aprili</strong></span> <span class='ocrx_word' id='word_1_155' title='bbox 1735 1033 1856 1058; x_wconf 88' lang='lat' dir='ltr'><strong>mense</strong></span> 
     </span>
     <span class='ocr_line' id='line_1_17' title="bbox 292 1074 1855 1126; baseline 0.004 -18"><span class='ocrx_word' id='word_1_156' title='bbox 292 1075 431 1110; x_wconf 89' lang='lat' dir='ltr'><strong>initium</strong></span> <span class='ocrx_word' id='word_1_157' title='bbox 453 1074 596 1120; x_wconf 86' lang='lat' dir='ltr'><strong>habeat,</strong></span> <span class='ocrx_word' id='word_1_158' title='bbox 623 1075 684 1111; x_wconf 89' lang='lat' dir='ltr'><strong>sed</strong></span> <span class='ocrx_word' id='word_1_159' title='bbox 703 1087 795 1123; x_wconf 85' lang='lat' dir='ltr'><strong>quae</strong></span> <span class='ocrx_word' id='word_1_160' title='bbox 822 1077 859 1112; x_wconf 89' lang='lat' dir='ltr'><strong>in</strong></span> <span class='ocrx_word' id='word_1_161' title='bbox 879 1078 1032 1124; x_wconf 89' lang='lat' dir='ltr'><strong>Aprilem</strong></span> <span class='ocrx_word' id='word_1_162' title='bbox 1052 1077 1209 1123; x_wconf 79' lang='lat' dir='ltr'><strong>desinat,</strong></span> <span class='ocrx_word' id='word_1_163' title='bbox 1235 1079 1328 1125; x_wconf 88' lang='lat' dir='ltr'><strong>quod</strong></span> <span class='ocrx_word' id='word_1_164' title='bbox 1350 1079 1555 1115; x_wconf 85' lang='lat' dir='ltr'><strong>scholiastes</strong></span> <span class='ocrx_word' id='word_1_165' title='bbox 1578 1079 1719 1126; x_wconf 84' lang='lat' dir='ltr'><strong>quidam</strong></span> <span class='ocrx_word' id='word_1_166' title='bbox 1739 1080 1855 1115; x_wconf 88' lang='lat' dir='ltr'><strong>minus</strong></span> 
     </span>
     <span class='ocr_line' id='line_1_18' title="bbox 292 1128 1857 1183; baseline 0.004 -16"><span class='ocrx_word' id='word_1_167' title='bbox 292 1132 570 1168; x_wconf 81' lang='lat' dir='ltr'><strong>animadvertens</strong></span> <span class='ocrx_word' id='word_1_168' title='bbox 586 1133 751 1169; x_wconf 87' lang='lat' dir='ltr'><strong>vitiosum</strong></span> <span class='ocrx_word' id='word_1_169' title='bbox 774 1145 851 1169; x_wconf 88' lang='lat' dir='ltr'><strong>esse</strong></span> <span class='ocrx_word' id='word_1_170' title='bbox 873 1133 1031 1182; x_wconf 87' lang='lat' dir='ltr'><strong>credidit)</strong></span> <span class='ocrx_word' id='word_1_171' title='bbox 1051 1147 1114 1171; x_wconf 76' lang='lat' dir='ltr'><strong>xri.</strong></span> <span class='ocrx_word' id='word_1_172' title='bbox 1129 1128 1206 1172; x_wconf 72' lang='lat' dir='ltr'><strong>Kal.</strong></span> <span class='ocrx_word' id='word_1_173' title='bbox 1222 1135 1326 1182; x_wconf 83' lang='lat' dir='ltr'><strong>Apr„</strong></span> <span class='ocrx_word' id='word_1_174' title='bbox 1349 1136 1436 1172; x_wconf 86' lang='lat' dir='ltr'><strong>feria</strong></span> <span class='ocrx_word' id='word_1_175' title='bbox 1459 1149 1481 1172; x_wconf 91' lang='grc' dir='ltr'><strong>ι.</strong></span> <span class='ocrx_word' id='word_1_176' title='bbox 1505 1136 1706 1180; x_wconf 86' lang='lat' dir='ltr'><strong>convenire,</strong></span> <span class='ocrx_word' id='word_1_177' title='bbox 1726 1137 1857 1183; x_wconf 77' lang='lat' dir='ltr'><strong>pascha</strong></span> 
     </span>
     <span class='ocr_line' id='line_1_19' title="bbox 291 1188 1855 1240; baseline 0.004 -17"><span class='ocrx_word' id='word_1_178' title='bbox 291 1200 372 1223; x_wconf 89' lang='lat' dir='ltr'><strong>vero</strong></span> <span class='ocrx_word' id='word_1_179' title='bbox 389 1202 421 1224; x_wconf 88' lang='lat' dir='ltr'>v.</span> <span class='ocrx_word' id='word_1_180' title='bbox 436 1188 514 1226; x_wconf 80' lang='lat' dir='ltr'><strong>Kal.</strong></span> <span class='ocrx_word' id='word_1_181' title='bbox 532 1190 631 1237; x_wconf 66' lang='lat' dir='ltr'><strong>Apr„</strong></span> <span class='ocrx_word' id='word_1_182' title='bbox 654 1190 748 1237; x_wconf 88' lang='lat' dir='ltr'><strong>quod</strong></span> <span class='ocrx_word' id='word_1_183' title='bbox 772 1191 914 1226; x_wconf 88' lang='lat' dir='ltr'><strong>omuino</strong></span> <span class='ocrx_word' id='word_1_184' title='bbox 930 1192 1052 1238; x_wconf 84' lang='lat' dir='ltr'><strong>magni</strong></span> <span class='ocrx_word' id='word_1_185' title='bbox 1074 1193 1163 1238; x_wconf 80' lang='lat' dir='ltr'><strong>cycli</strong></span> <span class='ocrx_word' id='word_1_186' title='bbox 1179 1203 1269 1227; x_wconf 86' lang='lat' dir='ltr'><strong>anno</strong></span> <span class='ocrx_word' id='word_1_187' title='bbox 1287 1205 1392 1228; x_wconf 84' lang='lat' dir='ltr'>xxxv.</span> <span class='ocrx_word' id='word_1_188' title='bbox 1410 1193 1586 1240; x_wconf 89' lang='lat' dir='ltr'><strong>congruit,</strong></span> <span class='ocrx_word' id='word_1_189' title='bbox 1609 1204 1710 1229; x_wconf 83' lang='lat' dir='ltr'><strong>aerae</strong></span> <span class='ocrx_word' id='word_1_190' title='bbox 1725 1192 1855 1240; x_wconf 81' lang='lat' dir='ltr'><strong>Diony-</strong></span> 
     </span>
     <span class='ocr_line' id='line_1_20' title="bbox 291 1246 1856 1298; baseline 0.004 -18"><span class='ocrx_word' id='word_1_191' title='bbox 291 1246 411 1281; x_wconf 84' lang='lat' dir='ltr'><strong>sianae</strong></span> <span class='ocrx_word' id='word_1_192' title='bbox 427 1259 567 1290; x_wconf 78' lang='lat' dir='ltr'>xxxiv,</span> <span class='ocrx_word' id='word_1_193' title='bbox 590 1248 687 1293; x_wconf 86' lang='lat' dir='ltr'><strong>cyclo</strong></span> <span class='ocrx_word' id='word_1_194' title='bbox 704 1247 789 1283; x_wconf 89' lang='lat' dir='ltr'><strong>solis</strong></span> <span class='ocrx_word' id='word_1_195' title='bbox 805 1259 862 1284; x_wconf 82' lang='lat' dir='ltr'><strong>xv.</strong></span> <span class='ocrx_word' id='word_1_196' title='bbox 873 1274 882 1292; x_wconf 94' lang='lat'><strong>‚</strong></span> <span class='ocrx_word' id='word_1_197' title='bbox 904 1249 1007 1284; x_wconf 85' lang='lat' dir='ltr'><strong>litera</strong></span> <span class='ocrx_word' id='word_1_198' title='bbox 1028 1249 1120 1286; x_wconf 89' lang='lat' dir='ltr'><strong>dom.</strong></span> <span class='ocrx_word' id='word_1_199' title='bbox 1139 1249 1196 1292; x_wconf 67' lang='lat' dir='ltr'><strong>G„</strong></span> <span class='ocrx_word' id='word_1_200' title='bbox 1218 1250 1316 1296; x_wconf 85' lang='lat' dir='ltr'><strong>cyclo</strong></span> <span class='ocrx_word' id='word_1_201' title='bbox 1331 1251 1436 1286; x_wconf 87' lang='lat' dir='ltr'><strong>lunae</strong></span> <span class='ocrx_word' id='word_1_202' title='bbox 1452 1263 1523 1287; x_wconf 78' lang='lat' dir='ltr'>xvi.</span> <span class='ocrx_word' id='word_1_203' title='bbox 1555 1250 1781 1286; x_wconf 86' lang='lat' dir='ltr'><strong>Novilunium</strong></span> <span class='ocrx_word' id='word_1_204' title='bbox 1795 1262 1856 1298; x_wconf 90' lang='lat' dir='ltr'><strong>pa-</strong></span> 
     </span>
     <span class='ocr_line' id='line_1_21' title="bbox 291 1302 1856 1355; baseline 0.004 -17"><span class='ocrx_word' id='word_1_205' title='bbox 291 1302 408 1339; x_wconf 86' lang='lat' dir='ltr'><strong>schale</strong></span> <span class='ocrx_word' id='word_1_206' title='bbox 429 1304 623 1340; x_wconf 86' lang='lat' dir='ltr'><strong>Nicaeuum</strong></span> <span class='ocrx_word' id='word_1_207' title='bbox 646 1305 747 1350; x_wconf 87' lang='lat' dir='ltr'><strong>(nam</strong></span> <span class='ocrx_word' id='word_1_208' title='bbox 770 1305 952 1351; x_wconf 75' lang='grc' dir='ltr'>προήγησιν</span> <span class='ocrx_word' id='word_1_209' title='bbox 974 1307 1109 1342; x_wconf 90' lang='lat' dir='ltr'><strong>nullam</strong></span> <span class='ocrx_word' id='word_1_210' title='bbox 1132 1307 1311 1342; x_wconf 84' lang='lat' dir='ltr'><strong>saeculum</strong></span> <span class='ocrx_word' id='word_1_211' title='bbox 1332 1308 1418 1343; x_wconf 82' lang='lat' dir='ltr'><strong>illud</strong></span> <span class='ocrx_word' id='word_1_212' title='bbox 1438 1307 1603 1355; x_wconf 82' lang='lat' dir='ltr'><strong>agnovit)</strong></span> <span class='ocrx_word' id='word_1_213' title='bbox 1626 1308 1746 1344; x_wconf 80' lang='lat' dir='ltr'><strong>Martii</strong></span> <span class='ocrx_word' id='word_1_214' title='bbox 1760 1321 1856 1352; x_wconf 80' lang='lat' dir='ltr'><strong>vrn.;</strong></span> 
     </span>
     <span class='ocr_line' id='line_1_22' title="bbox 291 1361 1855 1407; baseline 0.005 -12"><span class='ocrx_word' id='word_1_215' title='bbox 291 1361 434 1407; x_wconf 87' lang='lat' dir='ltr'><strong>proinde</strong></span> <span class='ocrx_word' id='word_1_216' title='bbox 450 1362 534 1397; x_wconf 86' lang='lat' dir='ltr'><strong>luna</strong></span> <span class='ocrx_word' id='word_1_217' title='bbox 550 1374 620 1397; x_wconf 73' lang='lat' dir='ltr'>xiv.</span> <span class='ocrx_word' id='word_1_218' title='bbox 637 1363 755 1397; x_wconf 85' lang='lat' dir='ltr'><strong>Martii</strong></span> <span class='ocrx_word' id='word_1_219' title='bbox 771 1375 844 1398; x_wconf 81' lang='lat' dir='ltr'><strong>xn.</strong></span> <span class='ocrx_word' id='word_1_220' title='bbox 874 1363 976 1398; x_wconf 91' lang='lat' dir='ltr'><strong>Hunc</strong></span> <span class='ocrx_word' id='word_1_221' title='bbox 992 1374 1124 1399; x_wconf 85' lang='lat' dir='ltr'><strong>annum</strong></span> <span class='ocrx_word' id='word_1_222' title='bbox 1141 1375 1222 1401; x_wconf 86' lang='lat' dir='ltr'><strong>cum</strong></span> <span class='ocrx_word' id='word_1_223' title='bbox 1237 1376 1364 1401; x_wconf 85' lang='lat' dir='ltr'>xxxru.</span> <span class='ocrx_word' id='word_1_224' title='bbox 1379 1365 1575 1400; x_wconf 84' lang='lat' dir='ltr'><strong>nativitatis</strong></span> <span class='ocrx_word' id='word_1_225' title='bbox 1597 1376 1688 1401; x_wconf 80' lang='lat' dir='ltr'><strong>anno</strong></span> <span class='ocrx_word' id='word_1_226' title='bbox 1711 1377 1855 1403; x_wconf 78' lang='lat' dir='ltr'><strong>consen·</strong></span> 
     </span>
     <span class='ocr_line' id='line_1_23' title="bbox 292 1418 1855 1470; baseline 0.004 -18"><span class='ocrx_word' id='word_1_227' title='bbox 292 1418 356 1453; x_wconf 88' lang='lat' dir='ltr'><strong>tire</strong></span> <span class='ocrx_word' id='word_1_228' title='bbox 373 1418 498 1453; x_wconf 85' lang='lat' dir='ltr'><strong>debere</strong></span> <span class='ocrx_word' id='word_1_229' title='bbox 515 1419 718 1465; x_wconf 86' lang='lat' dir='ltr'><strong>Sigebertus</strong></span> <span class='ocrx_word' id='word_1_230' title='bbox 735 1420 875 1463; x_wconf 86' lang='lat' dir='ltr'><strong>asserit,</strong></span> <span class='ocrx_word' id='word_1_231' title='bbox 891 1421 944 1456; x_wconf 88' lang='lat' dir='ltr'><strong>uti</strong></span> <span class='ocrx_word' id='word_1_232' title='bbox 958 1421 1079 1456; x_wconf 86' lang='lat' dir='ltr'><strong>lunam</strong></span> <span class='ocrx_word' id='word_1_233' title='bbox 1095 1433 1166 1456; x_wconf 87' lang='lat' dir='ltr'>xrv.</span> <span class='ocrx_word' id='word_1_234' title='bbox 1183 1420 1311 1457; x_wconf 86' lang='lat' dir='ltr'><strong>habeat</strong></span> <span class='ocrx_word' id='word_1_235' title='bbox 1325 1433 1374 1458; x_wconf 85' lang='lat' dir='ltr'>rx.</span> <span class='ocrx_word' id='word_1_236' title='bbox 1389 1422 1467 1458; x_wconf 87' lang='lat' dir='ltr'><strong>Kal.</strong></span> <span class='ocrx_word' id='word_1_237' title='bbox 1483 1422 1607 1469; x_wconf 66' lang='lat' dir='ltr'><strong>April„</strong></span> <span class='ocrx_word' id='word_1_238' title='bbox 1627 1423 1714 1459; x_wconf 73' lang='lat' dir='ltr'><strong>feria</strong></span> <span class='ocrx_word' id='word_1_239' title='bbox 1729 1424 1779 1467; x_wconf 87' lang='lat' dir='ltr'>v.&#39;‚</span> <span class='ocrx_word' id='word_1_240' title='bbox 1794 1435 1855 1470; x_wconf 80' lang='lat' dir='ltr'><strong>pa-</strong></span> 
     </span>
     <span class='ocr_line' id='line_1_24' title="bbox 291 1475 1856 1523; baseline 0.004 -14"><span class='ocrx_word' id='word_1_241' title='bbox 291 1475 375 1510; x_wconf 84' lang='lat' dir='ltr'><strong>scha</strong></span> <span class='ocrx_word' id='word_1_242' title='bbox 390 1487 436 1510; x_wconf 87' lang='lat' dir='ltr'>v1.</span> <span class='ocrx_word' id='word_1_243' title='bbox 452 1476 530 1512; x_wconf 85' lang='lat' dir='ltr'><strong>Kal.</strong></span> <span class='ocrx_word' id='word_1_244' title='bbox 548 1476 648 1523; x_wconf 88' lang='lat' dir='ltr'><strong>Apr.‚</strong></span> <span class='ocrx_word' id='word_1_245' title='bbox 670 1477 955 1523; x_wconf 87' lang='lat' dir='ltr'><strong>quandoquidem</strong></span> <span class='ocrx_word' id='word_1_246' title='bbox 977 1489 1090 1514; x_wconf 84' lang='lat' dir='ltr'><strong>annus</strong></span> <span class='ocrx_word' id='word_1_247' title='bbox 1107 1479 1165 1514; x_wconf 91' lang='lat' dir='ltr'><strong>ille</strong></span> <span class='ocrx_word' id='word_1_248' title='bbox 1181 1480 1372 1515; x_wconf 87' lang='lat' dir='ltr'><strong>nativitatis</strong></span> <span class='ocrx_word' id='word_1_249' title='bbox 1389 1479 1529 1515; x_wconf 88' lang='lat' dir='ltr'><strong>eosdem</strong></span> <span class='ocrx_word' id='word_1_250' title='bbox 1544 1480 1624 1515; x_wconf 88' lang='lat' dir='ltr'><strong>illos</strong></span> <span class='ocrx_word' id='word_1_251' title='bbox 1641 1479 1856 1517; x_wconf 81' lang='lat' dir='ltr'><strong>characteres</strong></span> 
     </span>
     <span class='ocr_line' id='line_1_25' title="bbox 292 1533 1854 1583; baseline 0.005 -17"><span class='ocrx_word' id='word_1_252' title='bbox 292 1533 435 1568; x_wconf 86' lang='lat' dir='ltr'><strong>obtinet.</strong></span> <span class='ocrx_word' id='word_1_253' title='bbox 466 1533 648 1579; x_wconf 88' lang='lat' dir='ltr'><strong>Fungum,</strong></span> <span class='ocrx_word' id='word_1_254' title='bbox 672 1545 744 1568; x_wconf 89' lang='lat' dir='ltr'><strong>non</strong></span> <span class='ocrx_word' id='word_1_255' title='bbox 760 1533 956 1578; x_wconf 87' lang='lat' dir='ltr'><strong>hominem,</strong></span> <span class='ocrx_word' id='word_1_256' title='bbox 980 1539 1116 1582; x_wconf 80' lang='lat' dir='ltr'><strong>oportet</strong></span> <span class='ocrx_word' id='word_1_257' title='bbox 1131 1546 1208 1571; x_wconf 89' lang='lat' dir='ltr'><strong>esse</strong></span> <span class='ocrx_word' id='word_1_258' title='bbox 1224 1536 1280 1571; x_wconf 90' lang='lat' dir='ltr'><strong>cui</strong></span> <span class='ocrx_word' id='word_1_259' title='bbox 1294 1536 1388 1571; x_wconf 82' lang='lat' dir='ltr'><strong>istud</strong></span> <span class='ocrx_word' id='word_1_260' title='bbox 1403 1536 1621 1583; x_wconf 82' lang='lat' dir='ltr'><strong>persuadeat.</strong></span> <span class='ocrx_word' id='word_1_261' title='bbox 1654 1537 1776 1574; x_wconf 87' lang='lat' dir='ltr'><strong>Annus</strong></span> <span class='ocrx_word' id='word_1_262' title='bbox 1792 1549 1854 1574; x_wconf 86' lang='lat' dir='ltr'><strong>na-</strong></span> 
     </span>
     <span class='ocr_line' id='line_1_26' title="bbox 290 1590 1854 1640; baseline 0.004 -16"><span class='ocrx_word' id='word_1_263' title='bbox 290 1590 452 1632; x_wconf 86' lang='lat' dir='ltr'><strong>tivitatis,</strong></span> <span class='ocrx_word' id='word_1_264' title='bbox 477 1590 551 1626; x_wconf 89' lang='lat' dir='ltr'><strong>sive</strong></span> <span class='ocrx_word' id='word_1_265' title='bbox 575 1601 677 1626; x_wconf 82' lang='lat' dir='ltr'><strong>aerae</strong></span> <span class='ocrx_word' id='word_1_266' title='bbox 693 1591 930 1638; x_wconf 84' lang='lat' dir='ltr'><strong>Dionysianae</strong></span> <span class='ocrx_word' id='word_1_267' title='bbox 946 1605 1090 1636; x_wconf 68' lang='lat' dir='ltr'>xxxin„</span> <span class='ocrx_word' id='word_1_268' title='bbox 1113 1593 1300 1639; x_wconf 87' lang='lat' dir='ltr'><strong>respondet</strong></span> <span class='ocrx_word' id='word_1_269' title='bbox 1322 1594 1411 1639; x_wconf 91' lang='lat' dir='ltr'><strong>cycli</strong></span> <span class='ocrx_word' id='word_1_270' title='bbox 1426 1593 1635 1640; x_wconf 83' lang='lat' dir='ltr'><strong>Dionysiaui</strong></span> <span class='ocrx_word' id='word_1_271' title='bbox 1650 1606 1722 1631; x_wconf 89' lang='lat' dir='ltr'><strong>non</strong></span> <span class='ocrx_word' id='word_1_272' title='bbox 1738 1607 1854 1640; x_wconf 66' lang='lat' dir='ltr'>xxxv„</span> 
     </span>
     <span class='ocr_line' id='line_1_27' title="bbox 292 1647 1854 1700; baseline 0.005 -19"><span class='ocrx_word' id='word_1_273' title='bbox 292 1647 354 1682; x_wconf 86' lang='lat' dir='ltr'><strong>sed</strong></span> <span class='ocrx_word' id='word_1_274' title='bbox 371 1659 490 1684; x_wconf 79' lang='lat' dir='ltr'>xxxiv.</span> <span class='ocrx_word' id='word_1_275' title='bbox 501 1673 511 1690; x_wconf 90' lang='lat'>,</span> <span class='ocrx_word' id='word_1_276' title='bbox 535 1648 566 1682; x_wconf 91' lang='lat' dir='ltr'><strong>si</strong></span> <span class='ocrx_word' id='word_1_277' title='bbox 587 1648 728 1694; x_wconf 85' lang='lat' dir='ltr'><strong>quidem</strong></span> <span class='ocrx_word' id='word_1_278' title='bbox 749 1658 862 1684; x_wconf 86' lang='lat' dir='ltr'><strong>annus</strong></span> <span class='ocrx_word' id='word_1_279' title='bbox 878 1650 1012 1696; x_wconf 88' lang='lat' dir='ltr'><strong>primus</strong></span> <span class='ocrx_word' id='word_1_280' title='bbox 1027 1650 1218 1686; x_wconf 82' lang='lat' dir='ltr'><strong>nativitatis</strong></span> <span class='ocrx_word' id='word_1_281' title='bbox 1234 1654 1288 1686; x_wconf 86' lang='lat' dir='ltr'><strong>est</strong></span> <span class='ocrx_word' id='word_1_282' title='bbox 1303 1651 1392 1697; x_wconf 90' lang='lat' dir='ltr'><strong>cycli</strong></span> <span class='ocrx_word' id='word_1_283' title='bbox 1407 1651 1592 1687; x_wconf 83' lang='lat' dir='ltr'><strong>secundus.</strong></span> <span class='ocrx_word' id='word_1_284' title='bbox 1623 1652 1738 1688; x_wconf 82' lang='lat' dir='ltr'><strong>Habet</strong></span> <span class='ocrx_word' id='word_1_285' title='bbox 1751 1663 1854 1700; x_wconf 82' lang='lat' dir='ltr'><strong>porro</strong></span> 
     </span>
     <span class='ocr_line' id='line_1_28' title="bbox 292 1704 1856 1757; baseline 0.005 -18"><span class='ocrx_word' id='word_1_286' title='bbox 292 1704 430 1750; x_wconf 81' lang='lat' dir='ltr'><strong>cyclum</strong></span> <span class='ocrx_word' id='word_1_287' title='bbox 447 1705 550 1740; x_wconf 86' lang='lat' dir='ltr'><strong>lunae</strong></span> <span class='ocrx_word' id='word_1_288' title='bbox 563 1718 634 1749; x_wconf 67' lang='lat' dir='ltr'><strong>xv„</strong></span> <span class='ocrx_word' id='word_1_289' title='bbox 650 1706 772 1742; x_wconf 87' lang='lat' dir='ltr'><strong>lunam</strong></span> <span class='ocrx_word' id='word_1_290' title='bbox 787 1717 870 1742; x_wconf 89' lang='lat' dir='ltr'><strong>vero</strong></span> <span class='ocrx_word' id='word_1_291' title='bbox 886 1719 958 1743; x_wconf 78' lang='lat' dir='ltr'>xiv.</span> <span class='ocrx_word' id='word_1_292' title='bbox 974 1707 1012 1742; x_wconf 87' lang='lat' dir='ltr'><strong>in</strong></span> <span class='ocrx_word' id='word_1_293' title='bbox 1027 1707 1104 1744; x_wconf 82' lang='lat' dir='ltr'><strong>Kal.</strong></span> <span class='ocrx_word' id='word_1_294' title='bbox 1119 1707 1206 1754; x_wconf 88' lang='lat' dir='ltr'><strong>ipsis</strong></span> <span class='ocrx_word' id='word_1_295' title='bbox 1222 1707 1306 1755; x_wconf 84' lang='lat' dir='ltr'><strong>Apr.</strong></span> <span class='ocrx_word' id='word_1_296' title='bbox 1324 1708 1444 1754; x_wconf 88' lang='lat' dir='ltr'><strong>cyclus</strong></span> <span class='ocrx_word' id='word_1_297' title='bbox 1460 1709 1545 1745; x_wconf 85' lang='lat' dir='ltr'><strong>solis</strong></span> <span class='ocrx_word' id='word_1_298' title='bbox 1561 1712 1616 1744; x_wconf 87' lang='lat' dir='ltr'><strong>est</strong></span> <span class='ocrx_word' id='word_1_299' title='bbox 1629 1721 1712 1754; x_wconf 59' lang='lat' dir='ltr'><strong>nv„</strong></span> <span class='ocrx_word' id='word_1_300' title='bbox 1727 1709 1856 1757; x_wconf 77' lang='lat' dir='ltr'><strong>pascha</strong></span> 
     </span>
     <span class='ocr_line' id='line_1_29' title="bbox 290 1762 1856 1813; baseline 0.004 -17"><span class='ocrx_word' id='word_1_301' title='bbox 290 1762 373 1807; x_wconf 78' lang='lat' dir='ltr'><strong>Apr,</strong></span> <span class='ocrx_word' id='word_1_302' title='bbox 391 1774 441 1804; x_wconf 92' lang='lat' dir='ltr'>v.‚</span> <span class='ocrx_word' id='word_1_303' title='bbox 457 1762 558 1797; x_wconf 88' lang='lat' dir='ltr'><strong>litera</strong></span> <span class='ocrx_word' id='word_1_304' title='bbox 572 1763 614 1798; x_wconf 89' lang='lat' dir='ltr'><strong>D.</strong></span> <span class='ocrx_word' id='word_1_305' title='bbox 647 1762 818 1805; x_wconf 86' lang='lat' dir='ltr'><strong>Quocirca</strong></span> <span class='ocrx_word' id='word_1_306' title='bbox 833 1764 927 1811; x_wconf 81' lang='lat' dir='ltr'><strong>apud</strong></span> <span class='ocrx_word' id='word_1_307' title='bbox 942 1763 1166 1811; x_wconf 88' lang='lat' dir='ltr'><strong>Sigebertum</strong></span> <span class='ocrx_word' id='word_1_308' title='bbox 1181 1765 1218 1800; x_wconf 90' lang='lat' dir='ltr'><strong>in</strong></span> <span class='ocrx_word' id='word_1_309' title='bbox 1233 1765 1348 1812; x_wconf 87' lang='lat' dir='ltr'><strong>priore</strong></span> <span class='ocrx_word' id='word_1_310' title='bbox 1362 1766 1440 1802; x_wconf 90' lang='lat' dir='ltr'><strong>loco</strong></span> <span class='ocrx_word' id='word_1_311' title='bbox 1455 1766 1661 1812; x_wconf 85' lang='lat' dir='ltr'><strong>legendum:</strong></span> <span class='ocrx_word' id='word_1_312' title='bbox 1686 1770 1856 1813; x_wconf 65' lang='lat' dir='ltr'><strong>qusisw</strong></span> 
     </span>
     <span class='ocr_line' id='line_1_30' title="bbox 291 1821 1855 1872; baseline 0.006 -20"><span class='ocrx_word' id='word_1_313' title='bbox 291 1826 412 1864; x_wconf 82' lang='lat' dir='ltr'><strong>quarto</strong></span> <span class='ocrx_word' id='word_1_314' title='bbox 426 1832 515 1854; x_wconf 83' lang='lat' dir='ltr'><strong>anno</strong></span> <span class='ocrx_word' id='word_1_315' title='bbox 528 1823 722 1856; x_wconf 73' lang='lat' dir='ltr'><strong>nativitatis</strong></span> <span class='ocrx_word' id='word_1_316' title='bbox 735 1821 884 1864; x_wconf 74' lang='lat' dir='ltr'><strong>Christi,</strong></span> <span class='ocrx_word' id='word_1_317' title='bbox 899 1833 962 1868; x_wconf 90' lang='lat' dir='ltr'><strong>pro</strong></span> <span class='ocrx_word' id='word_1_318' title='bbox 977 1825 1148 1868; x_wconf 70' lang='lat' dir='ltr'><strong>triqesimo</strong></span> <span class='ocrx_word' id='word_1_319' title='bbox 1161 1825 1271 1858; x_wconf 77' lang='lat' dir='ltr'><strong>tertio.</strong></span> <span class='ocrx_word' id='word_1_320' title='bbox 1294 1825 1342 1858; x_wconf 84' lang='lat' dir='ltr'><strong>At</strong></span> <span class='ocrx_word' id='word_1_321' title='bbox 1356 1822 1393 1858; x_wconf 92' lang='lat' dir='ltr'><strong>in</strong></span> <span class='ocrx_word' id='word_1_322' title='bbox 1407 1823 1602 1870; x_wconf 82' lang='lat' dir='ltr'><strong>posteriore</strong></span> <span class='ocrx_word' id='word_1_323' title='bbox 1614 1824 1664 1860; x_wconf 83' lang='lat' dir='ltr'><strong>ita</strong></span> <span class='ocrx_word' id='word_1_324' title='bbox 1678 1825 1855 1872; x_wconf 80' lang='lat' dir='ltr'><strong>corrigen-</strong></span> 
     </span>
     <span class='ocr_line' id='line_1_31' title="bbox 291 1876 1853 1928; baseline 0.006 -18"><span class='ocrx_word' id='word_1_325' title='bbox 291 1876 374 1911; x_wconf 88' lang='lat' dir='ltr'><strong>dum</strong></span> <span class='ocrx_word' id='word_1_326' title='bbox 391 1876 561 1912; x_wconf 85' lang='lat' dir='ltr'><strong>videatur:</strong></span> <span class='ocrx_word' id='word_1_327' title='bbox 580 1890 644 1912; x_wconf 76' lang='lat' dir='ltr'><strong>non</strong></span> <span class='ocrx_word' id='word_1_328' title='bbox 661 1881 779 1913; x_wconf 66' lang='lat' dir='ltr'><strong>tertius</strong></span> <span class='ocrx_word' id='word_1_329' title='bbox 795 1880 960 1922; x_wconf 70' lang='lat' dir='ltr'><strong>decimus,</strong></span> <span class='ocrx_word' id='word_1_330' title='bbox 975 1881 1038 1915; x_wconf 80' lang='lat' dir='ltr'><strong>sed</strong></span> <span class='ocrx_word' id='word_1_331' title='bbox 1053 1882 1243 1914; x_wconf 71' lang='lat' dir='ltr'><strong>tricesimus</strong></span> <span class='ocrx_word' id='word_1_332' title='bbox 1258 1885 1419 1927; x_wconf 79' lang='lat' dir='ltr'><strong>quartus,</strong></span> <span class='ocrx_word' id='word_1_333' title='bbox 1438 1891 1502 1928; x_wconf 87' lang='lat' dir='ltr'><strong>pro</strong></span> <span class='ocrx_word' id='word_1_334' title='bbox 1519 1883 1708 1917; x_wconf 69' lang='lat' dir='ltr'><strong>tricesimus</strong></span> <span class='ocrx_word' id='word_1_335' title='bbox 1724 1884 1853 1919; x_wconf 69' lang='lat' dir='ltr'><strong>tertiae.</strong></span> 
     </span>
     <span class='ocr_line' id='line_1_32' title="bbox 291 1933 1855 1985; baseline 0.005 -17"><span class='ocrx_word' id='word_1_336' title='bbox 291 1933 390 1975; x_wconf 85' lang='lat' dir='ltr'><strong>Quod</strong></span> <span class='ocrx_word' id='word_1_337' title='bbox 407 1938 443 1968; x_wconf 87' lang='lat' dir='ltr'><strong>et</strong></span> <span class='ocrx_word' id='word_1_338' title='bbox 456 1935 641 1980; x_wconf 83' lang='lat' dir='ltr'><strong>sequentia</strong></span> <span class='ocrx_word' id='word_1_339' title='bbox 656 1934 800 1980; x_wconf 84' lang='lat' dir='ltr'><strong>docent,</strong></span> <span class='ocrx_word' id='word_1_340' title='bbox 818 1947 897 1971; x_wconf 89' lang='lat' dir='ltr'><strong>cum</strong></span> <span class='ocrx_word' id='word_1_341' title='bbox 913 1936 964 1971; x_wconf 84' lang='lat' dir='ltr'><strong>ait</strong></span> <span class='ocrx_word' id='word_1_342' title='bbox 976 1937 1175 1982; x_wconf 64' lang='lat' dir='ltr'><strong>Dionysium</strong></span> <span class='ocrx_word' id='word_1_343' title='bbox 1191 1940 1386 1972; x_wconf 70' lang='lat' dir='ltr'><strong>nativitatis</strong></span> <span class='ocrx_word' id='word_1_344' title='bbox 1403 1937 1535 1973; x_wconf 64' lang='lat' dir='ltr'><strong>Christi</strong></span> <span class='ocrx_word' id='word_1_345' title='bbox 1546 1941 1700 1985; x_wconf 63' lang='lat' dir='ltr'><strong>posuisse</strong></span> <span class='ocrx_word' id='word_1_346' title='bbox 1714 1951 1777 1976; x_wconf 88' lang='lat' dir='ltr'><strong>xxr</strong></span> <span class='ocrx_word' id='word_1_347' title='bbox 1793 1952 1855 1976; x_wconf 65' lang='lat' dir='ltr'><strong>aa·</strong></span> 
     </span>
     <span class='ocr_line' id='line_1_33' title="bbox 292 1992 1854 2044; baseline 0.006 -20"><span class='ocrx_word' id='word_1_348' title='bbox 292 1994 345 2024; x_wconf 71' lang='lat' dir='ltr'><strong>uia</strong></span> <span class='ocrx_word' id='word_1_349' title='bbox 361 1992 496 2025; x_wconf 70' lang='lat' dir='ltr'><strong>tardius</strong></span> <span class='ocrx_word' id='word_1_350' title='bbox 511 2004 610 2036; x_wconf 80' lang='lat' dir='ltr'><strong>quam</strong></span> <span class='ocrx_word' id='word_1_351' title='bbox 628 1993 802 2027; x_wconf 80' lang='lat' dir='ltr'><strong>debuerat.</strong></span> <span class='ocrx_word' id='word_1_352' title='bbox 833 1993 931 2028; x_wconf 85' lang='lat' dir='ltr'><strong>Adde</strong></span> <span class='ocrx_word' id='word_1_353' title='bbox 947 2005 1009 2030; x_wconf 77' lang='lat'><strong>¹11</strong></span> <span class='ocrx_word' id='word_1_354' title='bbox 1025 1994 1069 2029; x_wconf 78' lang='lat' dir='ltr'><strong>ad</strong></span> <span class='ocrx_word' id='word_1_355' title='bbox 1085 2006 1170 2038; x_wconf 71' lang='grc' dir='ltr'><strong>ιω,</strong></span> <span class='ocrx_word' id='word_1_356' title='bbox 1192 1994 1279 2031; x_wconf 79' lang='lat' dir='ltr'><strong>fient</strong></span> <span class='ocrx_word' id='word_1_357' title='bbox 1294 2006 1403 2031; x_wconf 75' lang='lat' dir='ltr'>xxxxv</span> <span class='ocrx_word' id='word_1_358' title='bbox 1420 1995 1505 2032; x_wconf 71' lang='lat' dir='ltr'><strong>anni</strong></span> <span class='ocrx_word' id='word_1_359' title='bbox 1525 1996 1647 2043; x_wconf 66' lang='lat' dir='ltr'><strong>magni</strong></span> <span class='ocrx_word' id='word_1_360' title='bbox 1669 1997 1759 2044; x_wconf 78' lang='lat' dir='ltr'><strong>cycli</strong></span> <span class='ocrx_word' id='word_1_361' title='bbox 1772 1997 1854 2038; x_wconf 78' lang='lat' dir='ltr'><strong>Dio·</strong></span> 
     </span>
     <span class='ocr_line' id='line_1_34' title="bbox 291 2048 1854 2101; baseline 0.005 -19"><span class='ocrx_word' id='word_1_362' title='bbox 291 2048 447 2093; x_wconf 83' lang='lat' dir='ltr'><strong>nysiani3</strong></span> <span class='ocrx_word' id='word_1_363' title='bbox 471 2048 531 2094; x_wconf 88' lang='lat' dir='ltr'><strong>qui</strong></span> <span class='ocrx_word' id='word_1_364' title='bbox 554 2048 696 2094; x_wconf 85' lang='lat' dir='ltr'><strong>quidem</strong></span> <span class='ocrx_word' id='word_1_365' title='bbox 719 2060 832 2085; x_wconf 85' lang='lat' dir='ltr'><strong>annus</strong></span> <span class='ocrx_word' id='word_1_366' title='bbox 853 2050 1103 2087; x_wconf 82' lang='lat' dir='ltr'><strong>incarnationis</strong></span> <span class='ocrx_word' id='word_1_367' title='bbox 1126 2052 1191 2088; x_wconf 90' lang='lat' dir='ltr'><strong>erit</strong></span> <span class='ocrx_word' id='word_1_368' title='bbox 1205 2062 1331 2088; x_wconf 85' lang='lat' dir='ltr'>xxxm.</span> <span class='ocrx_word' id='word_1_369' title='bbox 1362 2052 1493 2089; x_wconf 88' lang='lat' dir='ltr'><strong>Verum</strong></span> <span class='ocrx_word' id='word_1_370' title='bbox 1515 2063 1596 2089; x_wconf 88' lang='lat' dir='ltr'><strong>cum</strong></span> <span class='ocrx_word' id='word_1_371' title='bbox 1617 2054 1854 2101; x_wconf 80' lang='lat' dir='ltr'><strong>superioribus</strong></span> 
     </span>
     <span class='ocr_line' id='line_1_35' title="bbox 291 2105 1853 2157; baseline 0.005 -17"><span class='ocrx_word' id='word_1_372' title='bbox 291 2105 463 2151; x_wconf 85' lang='lat' dir='ltr'><strong>pugnabit</strong></span> <span class='ocrx_word' id='word_1_373' title='bbox 476 2105 587 2148; x_wconf 87' lang='lat' dir='ltr'><strong>istud,</strong></span> <span class='ocrx_word' id='word_1_374' title='bbox 604 2106 665 2142; x_wconf 89' lang='lat' dir='ltr'><strong>ubi</strong></span> <span class='ocrx_word' id='word_1_375' title='bbox 680 2118 786 2142; x_wconf 84' lang='lat' dir='ltr'>xxxv.</span> <span class='ocrx_word' id='word_1_376' title='bbox 803 2107 892 2153; x_wconf 83' lang='lat' dir='ltr'><strong>cycli</strong></span> <span class='ocrx_word' id='word_1_377' title='bbox 906 2108 1082 2154; x_wconf 78' lang='lat' dir='ltr'><strong>passionis</strong></span> <span class='ocrx_word' id='word_1_378' title='bbox 1098 2119 1231 2146; x_wconf 84' lang='lat' dir='ltr'><strong>anuum</strong></span> <span class='ocrx_word' id='word_1_379' title='bbox 1248 2119 1325 2145; x_wconf 86' lang='lat' dir='ltr'><strong>esse</strong></span> <span class='ocrx_word' id='word_1_380' title='bbox 1341 2110 1461 2146; x_wconf 87' lang='lat' dir='ltr'><strong>voluit.</strong></span> <span class='ocrx_word' id='word_1_381' title='bbox 1490 2109 1603 2157; x_wconf 83' lang='lat' dir='ltr'><strong>Igitur</strong></span> <span class='ocrx_word' id='word_1_382' title='bbox 1616 2109 1711 2147; x_wconf 83' lang='lat' dir='ltr'><strong>hunc</strong></span> <span class='ocrx_word' id='word_1_383' title='bbox 1725 2111 1765 2147; x_wconf 90' lang='lat' dir='ltr'><strong>in</strong></span> <span class='ocrx_word' id='word_1_384' title='bbox 1778 2123 1853 2148; x_wconf 84' lang='lat' dir='ltr'><strong>mo-</strong></span> 
     </span>
     <span class='ocr_line' id='line_1_36' title="bbox 291 2161 1854 2213; baseline 0.006 -17"><span class='ocrx_word' id='word_1_385' title='bbox 291 2161 374 2197; x_wconf 89' lang='lat' dir='ltr'><strong>dum</strong></span> <span class='ocrx_word' id='word_1_386' title='bbox 390 2163 505 2209; x_wconf 83' lang='lat' dir='ltr'><strong>potius</strong></span> <span class='ocrx_word' id='word_1_387' title='bbox 521 2163 714 2210; x_wconf 85' lang='lat' dir='ltr'><strong>posteriore</strong></span> <span class='ocrx_word' id='word_1_388' title='bbox 729 2164 806 2199; x_wconf 91' lang='lat' dir='ltr'><strong>loco</strong></span> <span class='ocrx_word' id='word_1_389' title='bbox 823 2164 1026 2210; x_wconf 84' lang='lat' dir='ltr'><strong>legendum:</strong></span> <span class='ocrx_word' id='word_1_390' title='bbox 1044 2166 1212 2201; x_wconf 68' lang='lat' dir='ltr'><strong>debu-&#39;eset</strong></span> <span class='ocrx_word' id='word_1_391' title='bbox 1226 2178 1296 2202; x_wconf 75' lang='lat' dir='ltr'><strong>esse</strong></span> <span class='ocrx_word' id='word_1_392' title='bbox 1311 2169 1429 2213; x_wconf 77' lang='lat' dir='ltr'><strong>maqm‘</strong></span> <span class='ocrx_word' id='word_1_393' title='bbox 1443 2168 1535 2213; x_wconf 70' lang='lat' dir='ltr'><strong>cycli</strong></span> <span class='ocrx_word' id='word_1_394' title='bbox 1546 2180 1671 2211; x_wconf 77' lang='lat' dir='ltr'><strong>annue,</strong></span> <span class='ocrx_word' id='word_1_395' title='bbox 1687 2181 1753 2208; x_wconf 73' lang='lat' dir='ltr'><strong>non</strong></span> <span class='ocrx_word' id='word_1_396' title='bbox 1764 2181 1854 2213; x_wconf 72' lang='lat' dir='ltr'>xm„</span> 
     </span>
     <span class='ocr_line' id='line_1_37' title="bbox 290 2221 1854 2274; baseline 0.007 -21"><span class='ocrx_word' id='word_1_397' title='bbox 290 2221 352 2255; x_wconf 69' lang='lat' dir='ltr'><strong>aed</strong></span> <span class='ocrx_word' id='word_1_398' title='bbox 367 2231 471 2256; x_wconf 88' lang='lat' dir='ltr'>xxxv.</span> <span class='ocrx_word' id='word_1_399' title='bbox 482 2245 491 2263; x_wconf 92' lang='lat'>,</span> <span class='ocrx_word' id='word_1_400' title='bbox 508 2223 543 2255; x_wconf 87' lang='lat' dir='ltr'><strong>et</strong></span> <span class='ocrx_word' id='word_1_401' title='bbox 557 2231 658 2256; x_wconf 85' lang='lat' dir='ltr'><strong>mox:</strong></span> <span class='ocrx_word' id='word_1_402' title='bbox 677 2221 862 2267; x_wconf 68' lang='lat' dir='ltr'><strong>Dionysius</strong></span> <span class='ocrx_word' id='word_1_403' title='bbox 871 2225 989 2269; x_wconf 72' lang='lat' dir='ltr'><strong>posuit</strong></span> <span class='ocrx_word' id='word_1_404' title='bbox 1003 2225 1218 2259; x_wconf 73' lang='lat' dir='ltr'><strong>nativitatem</strong></span> <span class='ocrx_word' id='word_1_405' title='bbox 1235 2223 1367 2259; x_wconf 69' lang='lat' dir='ltr'><strong>Christi</strong></span> <span class='ocrx_word' id='word_1_406' title='bbox 1377 2235 1455 2262; x_wconf 84' lang='lat' dir='ltr'><strong>xxu</strong></span> <span class='ocrx_word' id='word_1_407' title='bbox 1470 2227 1571 2260; x_wconf 69' lang='lat' dir='ltr'><strong>annis</strong></span> <span class='ocrx_word' id='word_1_408' title='bbox 1587 2227 1736 2270; x_wconf 70' lang='lat' dir='ltr'><strong>tardius,</strong></span> <span class='ocrx_word' id='word_1_409' title='bbox 1752 2239 1854 2274; x_wconf 80' lang='lat' dir='ltr'><strong>quam</strong></span> 
     </span>
     <span class='ocr_line' id='line_1_38' title="bbox 292 2277 731 2320; baseline 0.007 -9"><span class='ocrx_word' id='word_1_410' title='bbox 292 2277 422 2320; x_wconf 76' lang='lat' dir='ltr'><strong>debuit,</strong></span> <span class='ocrx_word' id='word_1_411' title='bbox 437 2288 508 2312; x_wconf 90' lang='lat' dir='ltr'><strong>non</strong></span> <span class='ocrx_word' id='word_1_412' title='bbox 523 2281 642 2313; x_wconf 78' lang='lat' dir='ltr'><strong>autem</strong></span> <span class='ocrx_word' id='word_1_413' title='bbox 658 2289 731 2315; x_wconf 79' lang='lat' dir='ltr'>xxx.</span> 
     </span>
    </p>

    <p class='ocr_par' dir='ltr' id='par_1_5' title="bbox 289 2333 1851 3128">
     <span class='ocr_line' id='line_1_39' title="bbox 381 2333 1851 2386; baseline 0.006 -17"><span class='ocrx_word' id='word_1_414' title='bbox 381 2333 519 2369; x_wconf 80' lang='lat' dir='ltr'><strong>Etenim</strong></span> <span class='ocrx_word' id='word_1_415' title='bbox 541 2335 650 2381; x_wconf 80' lang='lat' dir='ltr'><strong>vulgo</strong></span> <span class='ocrx_word' id='word_1_416' title='bbox 673 2346 879 2383; x_wconf 79' lang='lat' dir='ltr'><strong>persuasum</strong></span> <span class='ocrx_word' id='word_1_417' title='bbox 901 2337 971 2374; x_wconf 81' lang='lat' dir='ltr'><strong>illis</strong></span> <span class='ocrx_word' id='word_1_418' title='bbox 996 2337 1159 2374; x_wconf 88' lang='lat' dir='ltr'><strong>omnibus</strong></span> <span class='ocrx_word' id='word_1_419' title='bbox 1183 2342 1274 2382; x_wconf 75' lang='lat' dir='ltr'><strong>erat,</strong></span> <span class='ocrx_word' id='word_1_420' title='bbox 1304 2337 1479 2375; x_wconf 81' lang='lat' dir='ltr'><strong>Christum</strong></span> <span class='ocrx_word' id='word_1_421' title='bbox 1502 2349 1646 2386; x_wconf 81' lang='lat' dir='ltr'><strong>passum</strong></span> <span class='ocrx_word' id='word_1_422' title='bbox 1669 2352 1747 2378; x_wconf 81' lang='lat' dir='ltr'><strong>esse</strong></span> <span class='ocrx_word' id='word_1_423' title='bbox 1770 2354 1851 2378; x_wconf 90' lang='lat' dir='ltr'>xxv.</span> 
     </span>
     <span class='ocr_line' id='line_1_40' title="bbox 289 2391 1851 2446; baseline 0.006 -19"><span class='ocrx_word' id='word_1_424' title='bbox 289 2392 425 2435; x_wconf 80' lang='lat' dir='ltr'><strong>Martii,</strong></span> <span class='ocrx_word' id='word_1_425' title='bbox 447 2391 536 2427; x_wconf 74' lang='lat' dir='ltr'><strong>feria</strong></span> <span class='ocrx_word' id='word_1_426' title='bbox 551 2403 616 2435; x_wconf 83' lang='lat' dir='ltr'>v1.‚</span> <span class='ocrx_word' id='word_1_427' title='bbox 637 2393 869 2430; x_wconf 71' lang='lat' dir='ltr'><strong>resurrexisse</strong></span> <span class='ocrx_word' id='word_1_428' title='bbox 891 2404 974 2431; x_wconf 83' lang='lat' dir='ltr'><strong>vero</strong></span> <span class='ocrx_word' id='word_1_429' title='bbox 997 2395 1116 2431; x_wconf 79' lang='lat' dir='ltr'><strong>Martii</strong></span> <span class='ocrx_word' id='word_1_430' title='bbox 1138 2407 1266 2439; x_wconf 63' lang='lat' dir='ltr'>xxva„</span> <span class='ocrx_word' id='word_1_431' title='bbox 1286 2395 1374 2433; x_wconf 79' lang='lat' dir='ltr'><strong>feria</strong></span> <span class='ocrx_word' id='word_1_432' title='bbox 1394 2408 1420 2432; x_wconf 90' lang='grc' dir='ltr'><strong>ι.</strong></span> <span class='ocrx_word' id='word_1_433' title='bbox 1459 2395 1534 2439; x_wconf 88' lang='lat' dir='ltr'><strong>Quo</strong></span> <span class='ocrx_word' id='word_1_434' title='bbox 1558 2398 1654 2434; x_wconf 84' lang='lat' dir='ltr'><strong>velut</strong></span> <span class='ocrx_word' id='word_1_435' title='bbox 1675 2400 1851 2446; x_wconf 77' lang='lat' dir='ltr'><strong>postulato</strong></span> 
     </span>
     <span class='ocr_line' id='line_1_41' title="bbox 291 2448 1851 2504; baseline 0.004 -19"><span class='ocrx_word' id='word_1_436' title='bbox 291 2453 326 2485; x_wconf 89' lang='lat' dir='ltr'><strong>et</strong></span> <span class='ocrx_word' id='word_1_437' title='bbox 340 2449 517 2484; x_wconf 80' lang='lat' dir='ltr'><strong>axiomato</strong></span> <span class='ocrx_word' id='word_1_438' title='bbox 532 2448 613 2485; x_wconf 72' lang='lat' dir='ltr'><strong>{reti</strong></span> <span class='ocrx_word' id='word_1_439' title='bbox 626 2448 808 2486; x_wconf 83' lang='lat' dir='ltr'><strong>historiam</strong></span> <span class='ocrx_word' id='word_1_440' title='bbox 822 2461 863 2487; x_wconf 78' lang='lat' dir='ltr'><strong>ac</strong></span> <span class='ocrx_word' id='word_1_441' title='bbox 879 2454 1078 2499; x_wconf 86' lang='lat' dir='ltr'><strong>temporum</strong></span> <span class='ocrx_word' id='word_1_442' title='bbox 1092 2463 1334 2500; x_wconf 84' lang='lat' dir='ltr'><strong>annorumque</strong></span> <span class='ocrx_word' id='word_1_443' title='bbox 1349 2453 1475 2490; x_wconf 85' lang='lat' dir='ltr'><strong>seriem</strong></span> <span class='ocrx_word' id='word_1_444' title='bbox 1491 2454 1534 2489; x_wconf 78' lang='lat' dir='ltr'><strong>ad</strong></span> <span class='ocrx_word' id='word_1_445' title='bbox 1546 2465 1648 2491; x_wconf 84' lang='lat' dir='ltr'><strong>suam</strong></span> <span class='ocrx_word' id='word_1_446' title='bbox 1660 2456 1756 2492; x_wconf 86' lang='lat' dir='ltr'><strong>illam</strong></span> <span class='ocrx_word' id='word_1_447' title='bbox 1769 2458 1851 2504; x_wconf 80' lang='grc' dir='ltr'><strong>πρό-</strong></span> 
     </span>
     <span class='ocr_line' id='line_1_42' title="bbox 291 2506 1850 2559; baseline 0.007 -19"><span class='ocrx_word' id='word_1_448' title='bbox 291 2506 387 2552; x_wconf 82' lang='grc' dir='ltr'>ληψιν</span> <span class='ocrx_word' id='word_1_449' title='bbox 404 2506 631 2543; x_wconf 78' lang='lat' dir='ltr'><strong>accomodare</strong></span> <span class='ocrx_word' id='word_1_450' title='bbox 645 2508 862 2552; x_wconf 77' lang='lat' dir='ltr'><strong>maluerunt,</strong></span> <span class='ocrx_word' id='word_1_451' title='bbox 884 2519 991 2556; x_wconf 79' lang='lat' dir='ltr'><strong>quam</strong></span> <span class='ocrx_word' id='word_1_452' title='bbox 1011 2508 1098 2545; x_wconf 85' lang='lat' dir='ltr'><strong>illud</strong></span> <span class='ocrx_word' id='word_1_453' title='bbox 1121 2509 1238 2557; x_wconf 85' lang='lat' dir='ltr'><strong>ipsum</strong></span> <span class='ocrx_word' id='word_1_454' title='bbox 1261 2510 1455 2548; x_wconf 80' lang='lat' dir='ltr'><strong>cuiusmodi</strong></span> <span class='ocrx_word' id='word_1_455' title='bbox 1478 2515 1571 2548; x_wconf 88' lang='lat' dir='ltr'><strong>esset</strong></span> <span class='ocrx_word' id='word_1_456' title='bbox 1593 2512 1776 2559; x_wconf 82' lang='lat' dir='ltr'><strong>diligenter</strong></span> <span class='ocrx_word' id='word_1_457' title='bbox 1797 2515 1850 2551; x_wconf 88' lang='lat' dir='ltr'><strong>in-</strong></span> 
     </span>
     <span class='ocr_line' id='line_1_43' title="bbox 292 2564 1850 2615; baseline 0.006 -17"><span class='ocrx_word' id='word_1_458' title='bbox 292 2564 437 2609; x_wconf 82' lang='lat' dir='ltr'><strong>quirere.</strong></span> <span class='ocrx_word' id='word_1_459' title='bbox 488 2564 606 2611; x_wconf 77' lang='lat' dir='ltr'><strong>ltaque</strong></span> <span class='ocrx_word' id='word_1_460' title='bbox 630 2575 711 2601; x_wconf 86' lang='lat' dir='ltr'><strong>cum</strong></span> <span class='ocrx_word' id='word_1_461' title='bbox 738 2566 821 2602; x_wconf 85' lang='lat' dir='ltr'><strong>anni</strong></span> <span class='ocrx_word' id='word_1_462' title='bbox 842 2566 879 2603; x_wconf 86' lang='lat' dir='ltr'><strong>in</strong></span> <span class='ocrx_word' id='word_1_463' title='bbox 903 2569 977 2603; x_wconf 84' lang='lat' dir='ltr'><strong>toto</strong></span> <span class='ocrx_word' id='word_1_464' title='bbox 999 2566 1214 2614; x_wconf 81' lang='lat' dir='ltr'><strong>Dionysiano</strong></span> <span class='ocrx_word' id='word_1_465' title='bbox 1237 2567 1336 2615; x_wconf 81' lang='lat' dir='ltr'><strong>cyclo</strong></span> <span class='ocrx_word' id='word_1_466' title='bbox 1359 2571 1428 2604; x_wconf 81' lang='lat' dir='ltr'><strong>tres</strong></span> <span class='ocrx_word' id='word_1_467' title='bbox 1453 2569 1594 2605; x_wconf 87' lang='lat' dir='ltr'><strong>omnino</strong></span> <span class='ocrx_word' id='word_1_468' title='bbox 1617 2568 1850 2608; x_wconf 79' lang='lat' dir='ltr'><strong>characterem</strong></span> 
     </span>
     <span class='ocr_line' id='line_1_44' title="bbox 291 2620 1851 2675; baseline 0.007 -20"><span class='ocrx_word' id='word_1_469' title='bbox 291 2620 382 2656; x_wconf 85' lang='lat' dir='ltr'><strong>hunc</strong></span> <span class='ocrx_word' id='word_1_470' title='bbox 398 2620 523 2657; x_wconf 86' lang='lat' dir='ltr'><strong>habere</strong></span> <span class='ocrx_word' id='word_1_471' title='bbox 540 2621 692 2668; x_wconf 80' lang='lat' dir='ltr'><strong>possint,</strong></span> <span class='ocrx_word' id='word_1_472' title='bbox 710 2622 874 2659; x_wconf 87' lang='lat' dir='ltr'><strong>nimirum</strong></span> <span class='ocrx_word' id='word_1_473' title='bbox 890 2635 967 2661; x_wconf 83' lang='lat' dir='ltr'><strong>xnr.</strong></span> <span class='ocrx_word' id='word_1_474' title='bbox 978 2650 987 2667; x_wconf 87' lang='lat'>‚</span> <span class='ocrx_word' id='word_1_475' title='bbox 1003 2624 1063 2671; x_wconf 88' lang='lat' dir='ltr'><strong>qui</strong></span> <span class='ocrx_word' id='word_1_476' title='bbox 1079 2628 1248 2661; x_wconf 70' lang='lat' dir='ltr'><strong>estserae</strong></span> <span class='ocrx_word' id='word_1_477' title='bbox 1265 2636 1346 2669; x_wconf 88' lang='lat' dir='ltr'>xu.‚</span> <span class='ocrx_word' id='word_1_478' title='bbox 1362 2624 1418 2661; x_wconf 90' lang='lat' dir='ltr'><strong>cui</strong></span> <span class='ocrx_word' id='word_1_479' title='bbox 1434 2625 1552 2672; x_wconf 84' lang='lat' dir='ltr'><strong>cyclus</strong></span> <span class='ocrx_word' id='word_1_480' title='bbox 1569 2627 1673 2663; x_wconf 81' lang='lat' dir='ltr'><strong>lunae</strong></span> <span class='ocrx_word' id='word_1_481' title='bbox 1689 2629 1851 2675; x_wconf 79' lang='lat' dir='ltr'><strong>congruit</strong></span> 
     </span>
     <span class='ocr_line' id='line_1_45' title="bbox 293 2678 1848 2730; baseline 0.007 -18"><span class='ocrx_word' id='word_1_482' title='bbox 293 2690 378 2720; x_wconf 67' lang='lat' dir='ltr'>xnu„</span> <span class='ocrx_word' id='word_1_483' title='bbox 394 2678 478 2714; x_wconf 78' lang='lat' dir='ltr'><strong>solis</strong></span> <span class='ocrx_word' id='word_1_484' title='bbox 491 2689 575 2721; x_wconf 78' lang='grc' dir='ltr'>ιιιιι..</span> <span class='ocrx_word' id='word_1_485' title='bbox 591 2678 692 2715; x_wconf 75' lang='lat' dir='ltr'><strong>litera</strong></span> <span class='ocrx_word' id='word_1_486' title='bbox 703 2679 835 2716; x_wconf 84' lang='lat' dir='ltr'><strong>domin.</strong></span> <span class='ocrx_word' id='word_1_487' title='bbox 849 2680 922 2716; x_wconf 78' lang='lat' dir='ltr'><strong>CB:</strong></span> <span class='ocrx_word' id='word_1_488' title='bbox 938 2680 1025 2717; x_wconf 86' lang='lat' dir='ltr'><strong>Item</strong></span> <span class='ocrx_word' id='word_1_489' title='bbox 1038 2692 1151 2718; x_wconf 85' lang='lat' dir='ltr'><strong>annus</strong></span> <span class='ocrx_word' id='word_1_490' title='bbox 1165 2691 1281 2725; x_wconf 63' lang='lat' dir='ltr'><strong>cccx„</strong></span> <span class='ocrx_word' id='word_1_491' title='bbox 1297 2692 1397 2718; x_wconf 72' lang='lat' dir='ltr'><strong>aerae</strong></span> <span class='ocrx_word' id='word_1_492' title='bbox 1411 2692 1540 2725; x_wconf 67' lang='lat' dir='ltr'><strong>cccxx„</strong></span> <span class='ocrx_word' id='word_1_493' title='bbox 1557 2684 1653 2730; x_wconf 84' lang='lat' dir='ltr'><strong>cyclo</strong></span> <span class='ocrx_word' id='word_1_494' title='bbox 1666 2685 1751 2721; x_wconf 80' lang='lat' dir='ltr'><strong>solis</strong></span> <span class='ocrx_word' id='word_1_495' title='bbox 1763 2697 1848 2730; x_wconf 68' lang='lat' dir='ltr'><strong>xvi„</strong></span> 
     </span>
     <span class='ocr_line' id='line_1_46' title="bbox 290 2735 1848 2787; baseline 0.006 -18"><span class='ocrx_word' id='word_1_496' title='bbox 290 2735 389 2770; x_wconf 77' lang='lat' dir='ltr'><strong>litora</strong></span> <span class='ocrx_word' id='word_1_497' title='bbox 412 2735 458 2778; x_wconf 89' lang='lat' dir='ltr'><strong>B,</strong></span> <span class='ocrx_word' id='word_1_498' title='bbox 482 2735 585 2771; x_wconf 79' lang='lat' dir='ltr'><strong>lunae</strong></span> <span class='ocrx_word' id='word_1_499' title='bbox 606 2747 704 2779; x_wconf 62' lang='grc' dir='ltr'>χιιι,</span> <span class='ocrx_word' id='word_1_500' title='bbox 727 2747 769 2773; x_wconf 79' lang='lat' dir='ltr'><strong>ac</strong></span> <span class='ocrx_word' id='word_1_501' title='bbox 792 2741 968 2785; x_wconf 83' lang='lat' dir='ltr'><strong>postremo</strong></span> <span class='ocrx_word' id='word_1_502' title='bbox 990 2748 1138 2782; x_wconf 64' lang='lat' dir='ltr'><strong>ccccx„</strong></span> <span class='ocrx_word' id='word_1_503' title='bbox 1161 2749 1261 2775; x_wconf 78' lang='lat' dir='ltr'><strong>serae</strong></span> <span class='ocrx_word' id='word_1_504' title='bbox 1278 2748 1487 2783; x_wconf 61' lang='lat' dir='ltr'><strong>ccccxxix„</strong></span> <span class='ocrx_word' id='word_1_505' title='bbox 1512 2741 1610 2787; x_wconf 89' lang='lat' dir='ltr'><strong>cyclo</strong></span> <span class='ocrx_word' id='word_1_506' title='bbox 1633 2742 1718 2778; x_wconf 85' lang='lat' dir='ltr'><strong>solis</strong></span> <span class='ocrx_word' id='word_1_507' title='bbox 1734 2755 1786 2787; x_wconf 89' lang='lat' dir='ltr'><strong>x.,</strong></span> <span class='ocrx_word' id='word_1_508' title='bbox 1807 2744 1848 2780; x_wconf 88' lang='lat' dir='ltr'><strong>li-</strong></span> 
     </span>
     <span class='ocr_line' id='line_1_47' title="bbox 292 2791 1849 2847; baseline 0.007 -21"><span class='ocrx_word' id='word_1_509' title='bbox 292 2796 365 2827; x_wconf 77' lang='lat' dir='ltr'><strong>tera</strong></span> <span class='ocrx_word' id='word_1_510' title='bbox 380 2791 426 2835; x_wconf 87' lang='lat' dir='ltr'><strong>B,</strong></span> <span class='ocrx_word' id='word_1_511' title='bbox 449 2792 552 2828; x_wconf 80' lang='lat' dir='ltr'><strong>lunae</strong></span> <span class='ocrx_word' id='word_1_512' title='bbox 571 2804 662 2837; x_wconf 81' lang='lat' dir='ltr'>xm..</span> <span class='ocrx_word' id='word_1_513' title='bbox 685 2804 747 2841; x_wconf 88' lang='lat' dir='ltr'><strong>pro</strong></span> <span class='ocrx_word' id='word_1_514' title='bbox 771 2805 813 2830; x_wconf 90' lang='lat' dir='ltr'><strong>eo</strong></span> <span class='ocrx_word' id='word_1_515' title='bbox 837 2795 929 2842; x_wconf 86' lang='lat' dir='ltr'><strong>quod</strong></span> <span class='ocrx_word' id='word_1_516' title='bbox 952 2796 1079 2833; x_wconf 83' lang='lat' dir='ltr'><strong>caeteri</strong></span> <span class='ocrx_word' id='word_1_517' title='bbox 1094 2796 1296 2833; x_wconf 83' lang='lat' dir='ltr'><strong>remotiores</strong></span> <span class='ocrx_word' id='word_1_518' title='bbox 1313 2799 1446 2840; x_wconf 81' lang='lat' dir='ltr'><strong>esseut,</strong></span> <span class='ocrx_word' id='word_1_519' title='bbox 1463 2797 1613 2844; x_wconf 84' lang='lat' dir='ltr'><strong>primum</strong></span> <span class='ocrx_word' id='word_1_520' title='bbox 1629 2799 1849 2847; x_wconf 85' lang='lat' dir='ltr'><strong>arripuerunt</strong></span> 
     </span>
     <span class='ocr_line' id='line_1_48' title="bbox 290 2850 1846 2905; baseline 0.006 -21"><span class='ocrx_word' id='word_1_521' title='bbox 290 2859 438 2892; x_wconf 76' lang='lat' dir='ltr'><strong>anuum,</strong></span> <span class='ocrx_word' id='word_1_522' title='bbox 463 2850 523 2895; x_wconf 87' lang='lat' dir='ltr'><strong>qui</strong></span> <span class='ocrx_word' id='word_1_523' title='bbox 547 2854 601 2885; x_wconf 76' lang='lat' dir='ltr'><strong>cst</strong></span> <span class='ocrx_word' id='word_1_524' title='bbox 624 2851 711 2897; x_wconf 88' lang='lat' dir='ltr'><strong>cycli</strong></span> <span class='ocrx_word' id='word_1_525' title='bbox 734 2851 942 2899; x_wconf 75' lang='lat' dir='ltr'><strong>Dionysiam</strong></span> <span class='ocrx_word' id='word_1_526' title='bbox 959 2865 1052 2897; x_wconf 59' lang='lat' dir='ltr'>xm„</span> <span class='ocrx_word' id='word_1_527' title='bbox 1076 2864 1177 2890; x_wconf 77' lang='lat' dir='ltr'><strong>aerae</strong></span> <span class='ocrx_word' id='word_1_528' title='bbox 1194 2866 1274 2897; x_wconf 82' lang='lat' dir='ltr'>xn..</span> <span class='ocrx_word' id='word_1_529' title='bbox 1298 2858 1333 2890; x_wconf 84' lang='lat' dir='ltr'><strong>et</strong></span> <span class='ocrx_word' id='word_1_530' title='bbox 1354 2864 1377 2890; x_wconf 75' lang='lat' dir='ltr'><strong>a</strong></span> <span class='ocrx_word' id='word_1_531' title='bbox 1399 2853 1567 2900; x_wconf 85' lang='lat' dir='ltr'><strong>Dionysio</strong></span> <span class='ocrx_word' id='word_1_532' title='bbox 1593 2861 1846 2905; x_wconf 78' lang='grc' dir='ltr'>μιταχρονισμῷ</span> 
     </span>
     <span class='ocr_line' id='line_1_49' title="bbox 290 2907 1846 2961; baseline 0.006 -19"><span class='ocrx_word' id='word_1_533' title='bbox 290 2911 469 2953; x_wconf 74' lang='lat' dir='ltr'><strong>peccatum</strong></span> <span class='ocrx_word' id='word_1_534' title='bbox 486 2918 562 2942; x_wconf 78' lang='lat' dir='ltr'><strong>cuc</strong></span> <span class='ocrx_word' id='word_1_535' title='bbox 579 2907 744 2944; x_wconf 82' lang='lat' dir='ltr'><strong>dixerunt</strong></span> <span class='ocrx_word' id='word_1_536' title='bbox 758 2919 930 2947; x_wconf 79' lang='lat' dir='ltr'><strong>annorum</strong></span> <span class='ocrx_word' id='word_1_537' title='bbox 948 2923 1020 2947; x_wconf 86' lang='lat' dir='ltr'><strong>xxu</strong></span> <span class='ocrx_word' id='word_1_538' title='bbox 1031 2937 1041 2954; x_wconf 84' lang='lat'>,</span> <span class='ocrx_word' id='word_1_539' title='bbox 1057 2911 1143 2947; x_wconf 80' lang='lat' dir='ltr'><strong>adeo</strong></span> <span class='ocrx_word' id='word_1_540' title='bbox 1162 2915 1199 2947; x_wconf 86' lang='lat' dir='ltr'><strong>ut</strong></span> <span class='ocrx_word' id='word_1_541' title='bbox 1214 2911 1275 2958; x_wconf 86' lang='lat' dir='ltr'><strong>qui</strong></span> <span class='ocrx_word' id='word_1_542' title='bbox 1290 2915 1490 2948; x_wconf 72' lang='lat' dir='ltr'><strong>numeratur</strong></span> <span class='ocrx_word' id='word_1_543' title='bbox 1506 2912 1754 2950; x_wconf 81' lang='lat' dir='ltr'><strong>incarnationis</strong></span> <span class='ocrx_word' id='word_1_544' title='bbox 1770 2927 1846 2961; x_wconf 67' lang='lat' dir='ltr'><strong>xri„</strong></span> 
     </span>
     <span class='ocr_line' id='line_1_50' title="bbox 290 2963 1846 3019; baseline 0.008 -22"><span class='ocrx_word' id='word_1_545' title='bbox 290 2963 377 3009; x_wconf 80' lang='lat' dir='ltr'><strong>cycli</strong></span> <span class='ocrx_word' id='word_1_546' title='bbox 395 2974 486 3006; x_wconf 61' lang='lat' dir='ltr'><strong>nnn,</strong></span> <span class='ocrx_word' id='word_1_547' title='bbox 508 2963 666 3000; x_wconf 81' lang='lat' dir='ltr'><strong>debuerit</strong></span> <span class='ocrx_word' id='word_1_548' title='bbox 687 2966 935 3010; x_wconf 79' lang='lat' dir='ltr'><strong>incarnationis</strong></span> <span class='ocrx_word' id='word_1_549' title='bbox 959 2979 1037 3003; x_wconf 72' lang='lat' dir='ltr'><strong>esse</strong></span> <span class='ocrx_word' id='word_1_550' title='bbox 1054 2980 1196 3011; x_wconf 81' lang='lat' dir='ltr'>xxxrv.,</span> <span class='ocrx_word' id='word_1_551' title='bbox 1219 2968 1306 3015; x_wconf 82' lang='lat' dir='ltr'><strong>cycli</strong></span> <span class='ocrx_word' id='word_1_552' title='bbox 1321 2979 1426 3004; x_wconf 82' lang='lat' dir='ltr'>xxxv.</span> <span class='ocrx_word' id='word_1_553' title='bbox 1473 2969 1636 3006; x_wconf 77' lang='lat' dir='ltr'><strong>&#39;l&#39;ostatur</strong></span> <span class='ocrx_word' id='word_1_554' title='bbox 1657 2971 1690 3007; x_wconf 82' lang='lat' dir='ltr'><strong>id</strong></span> <span class='ocrx_word' id='word_1_555' title='bbox 1710 2976 1846 3019; x_wconf 77' lang='lat' dir='ltr'><strong>praeter</strong></span> 
     </span>
     <span class='ocr_line' id='line_1_51' title="bbox 289 3020 1845 3074; baseline 0.006 -17"><span class='ocrx_word' id='word_1_556' title='bbox 289 3020 510 3068; x_wconf 76' lang='lat' dir='ltr'><strong>Slgcbcrlum</strong></span> <span class='ocrx_word' id='word_1_557' title='bbox 526 3021 705 3058; x_wconf 76' lang='lat' dir='ltr'><strong>Marianus</strong></span> <span class='ocrx_word' id='word_1_558' title='bbox 722 3023 866 3067; x_wconf 79' lang='lat' dir='ltr'><strong>Scotus,</strong></span> <span class='ocrx_word' id='word_1_559' title='bbox 888 3025 947 3071; x_wconf 90' lang='lat' dir='ltr'><strong>qni</strong></span> <span class='ocrx_word' id='word_1_560' title='bbox 971 3025 1015 3061; x_wconf 80' lang='lat' dir='ltr'><strong>ad</strong></span> <span class='ocrx_word' id='word_1_561' title='bbox 1038 3036 1168 3062; x_wconf 80' lang='lat' dir='ltr'><strong>annum</strong></span> <span class='ocrx_word' id='word_1_562' title='bbox 1187 3036 1322 3062; x_wconf 82' lang='lat' dir='ltr'>nxxxn.</span> <span class='ocrx_word' id='word_1_563' title='bbox 1339 3028 1438 3062; x_wconf 80' lang='lat' dir='ltr'><strong>notat</strong></span> <span class='ocrx_word' id='word_1_564' title='bbox 1459 3026 1550 3062; x_wconf 84' lang='lat' dir='ltr'><strong>hunc</strong></span> <span class='ocrx_word' id='word_1_565' title='bbox 1574 3027 1689 3074; x_wconf 82' lang='lat' dir='ltr'><strong>ipsum</strong></span> <span class='ocrx_word' id='word_1_566' title='bbox 1713 3039 1845 3066; x_wconf 81' lang='lat' dir='ltr'><strong>aunum</strong></span> 
     </span>
     <span class='ocr_line' id='line_1_52' title="bbox 290 3077 1844 3128; baseline 0.007 -16"><span class='ocrx_word' id='word_1_567' title='bbox 290 3077 439 3126; x_wconf 76' lang='lat' dir='ltr'><strong>primum</strong></span> <span class='ocrx_word' id='word_1_568' title='bbox 467 3089 543 3115; x_wconf 77' lang='lat' dir='ltr'><strong>esso</strong></span> <span class='ocrx_word' id='word_1_569' title='bbox 566 3079 686 3127; x_wconf 74' lang='lat' dir='ltr'><strong>magui</strong></span> <span class='ocrx_word' id='word_1_570' title='bbox 708 3080 796 3126; x_wconf 86' lang='lat' dir='ltr'><strong>cycli</strong></span> <span class='ocrx_word' id='word_1_571' title='bbox 813 3080 1036 3128; x_wconf 72' lang='lat' dir='ltr'><strong>Dionysiam,</strong></span> <span class='ocrx_word' id='word_1_572' title='bbox 1058 3082 1155 3119; x_wconf 77' lang='lat' dir='ltr'><strong>cuius</strong></span> <span class='ocrx_word' id='word_1_573' title='bbox 1177 3093 1268 3119; x_wconf 80' lang='lat' dir='ltr'><strong>anno</strong></span> <span class='ocrx_word' id='word_1_574' title='bbox 1285 3094 1359 3119; x_wconf 84' lang='lat' dir='ltr'>xm.</span> <span class='ocrx_word' id='word_1_575' title='bbox 1381 3084 1572 3120; x_wconf 81' lang='lat' dir='ltr'><strong>resurrexit</strong></span> <span class='ocrx_word' id='word_1_576' title='bbox 1593 3084 1754 3123; x_wconf 86' lang='lat' dir='ltr'><strong>dominus</strong></span> <span class='ocrx_word' id='word_1_577' title='bbox 1770 3098 1844 3126; x_wconf 79' lang='lat' dir='ltr'><strong>vm.</strong></span> 
     </span>
    </p>
   </div>
  </div>
 </body>
</html>
