2008 3294
1642 185 1724 223 mx

262 293 366 335 Βυθος
381 293 490 342 Σιγὴ]
523 293 734 340 Legendnm
743 293 884 330 omnino
900 293 1004 333 Βυθος
1020 293 1074 327 καὶ
1090 293 1189 340 Σιγὴ,
1211 295 1252 329 ut
1272 293 1310 328 in
1325 291 1470 328 caeteris
1485 290 1639 339 paribus.
1673 290 1724 326 Ac

171 361 251 386 cum
267 354 342 386 tota
356 352 417 387 illa
432 352 538 387 series
553 352 645 398 apud
659 351 840 387 Irenaeum
856 354 895 410 et
907 350 1160 387 Tertullianum
1179 351 1328 399 legatur,
1349 349 1433 399 quid
1452 348 1546 398 apud
1565 348 1723 394 sing-ulos

171 407 345 444 diversum
361 410 408 445 sit
420 419 485 444 auo
500 409 578 444 loco
594 409 782 446 docebitur.

238 465 349 503 N.111.
373 465 472 501 Οὕτω
487 464 550 514 γάρ
568 478 647 513 φασι
662 466 716 502 καὶ
732 466 762 503 oi
777 466 849 513 mpl
863 465 921 501 rim
936 464 1120 511 Ἧσίοδον.]
1150 464 1239 501 Cum
1252 465 1423 500 vocabula
1436 464 1532 512 ipsa,
1547 466 1624 499 tum
1639 462 1722 498 ordo

169 522 310 559 illorum
329 534 371 560 sc
390 523 497 560 series
518 524 706 571 plurimum
723 524 770 560 ab
781 523 950 561 Hesiodea
965 523 1026 559 illo
1041 523 1203 569 catalogo
1224 522 1431 570 discrepant.
1474 521 1547 558 Sed
1566 521 1723 568 inungis

170 579 378 628 μικρολογεϊν
393 581 553 628 putidum
568 585 630 618 est.

258 636 302 674 N.
317 649 364 674 iv.
391 637 441 674 Τὰ
457 637 493 675 et
507 638 598 685 παρὰ
614 639 808 686 φρονίμοις]
841 638 995 675 Obscura
1015 640 1050 672 et
1067 637 1229 673 tunicata
1243 638 1419 673 Valentini
1434 637 1519 673 haee
1534 641 1588 673 est
1603 626 1722 672 oratio.

167 693 288 731 Priora
303 695 442 742 quidem
456 695 518 731 illa
532 696 767 743 inscriptionis
781 696 967 732 formulam
980 695 1190 742 praeterunt.
1219 694 1403 731 Caeterum
1418 694 1509 730 hoc
1499 705 1615 742 1psum
1629 693 1724 740 treg-

168 754 326 788 mentum
346 763 460 800 neque
480 764 502 788 a
517 753 699 790 Valentino
721 754 905 801 scriptum,
925 763 1037 800 neque
1052 763 1179 800 purum
1194 763 1235 787 ac
1250 755 1374 799 putum
1385 753 1479 788 illius
1492 753 1619 798 dogma
1630 762 1722 788 com-

167 809 344 857 plectitur,
368 810 430 845 sed
446 811 490 846 ab
506 811 580 846 eius
598 811 773 858 discipulis
789 802 1052 858 interpolatum,
1068 816 1108 845 ut
1123 821 1168 845 ex
1183 810 1325 845 Tertull.
1340 810 1525 855 colligitur.

256 865 342 902 Οὔτε
357 866 420 914 γὰρ
436 866 539 914 ἀρχῆς
557 866 574 902 ὁ
590 867 823 916 Αὖτοπάτωρ]
851 867 1053 914 Legeudum
1069 867 1229 903 arbitror:
1255 864 1309 901 ὅτε
1324 865 1387 914 γὰρ
1404 865 1438 906 ἐξ
1453 864 1566 913 ἀρχῆς.

258 923 350 959 Μετὰ
364 927 463 960 τοῦτο
481 924 515 959 δὲ
531 924 550 969 ἡ
564 925 673 972 Σιγή.]
702 925 879 968 Quantum
893 926 930 961 in
944 925 1171 960 tenebricosis
1186 924 1442 971 implicatisque
1456 923 1584 959 fabulis
1601 924 1724 970 dispici

166 983 301 1028 potest,
317 980 382 1017 hoc
398 982 514 1029 ipsum
530 983 727 1029 significare
742 983 892 1018 videtur:
922 982 1031 1029 sigen
1046 993 1065 1017 e
1081 980 1196 1028 Bytho
1215 981 1353 1016 Patrem
1368 981 1533 1027 genuisse
1549 981 1723 1023 Veritatis,

165 1041 242 1073 tum
261 1049 344 1075 vero
365 1050 446 1074 cum
469 1040 590 1075 eodem
613 1041 672 1075 illo
697 1050 800 1086 quem
821 1044 991 1087 genuerat
1010 1040 1207 1086 copulatam
1222 1039 1413 1074 Veritatem
1429 1038 1586 1074 edidisse.
1624 1038 1723 1079 Quod

167 1095 266 1130 aliter
281 1096 372 1143 apud
388 1097 477 1133 Iren.
496 1101 531 1132 et
546 1098 686 1133 Tertull.
702 1097 858 1144 legitur„
878 1097 970 1133 Nam
990 1108 1037 1132 ex
1053 1096 1167 1144 Bytho
1189 1100 1225 1132 et
1240 1095 1325 1143 Sige
1340 1096 1464 1132 ambos
1479 1096 1558 1132 illos
1573 1095 1722 1138 Aeonas,

165 1151 304 1189 Patrem
318 1153 392 1189 sive
407 1154 504 1197 Nun,
521 1158 556 1189 et
569 1155 758 1191 Veritatem
768 1158 952 1201 *susceptos
967 1158 1139 1192 asserunt.

258 1208 299 1245 Ἥ
315 1207 479 1258 ἄφθαρτος
493 1210 634 1257 almvm]
657 1211 741 1258 Leg.
754 1210 834 1247 αἰὼν
845 1223 908 1259 pro
922 1210 1046 1247 αἰωνία.
1069 1211 1160 1248 Nam
1171 1215 1206 1247 et
1216 1211 1365 1249 feminas
1378 1211 1514 1247 Aeones
1520 1211 1724 1247 Valentinus

175 1268 392 1305 nominabat.
423 1269 563 1304 Tertull.
581 1273 702 1306 contra
716 1270 851 1306 Valent.
867 1280 942 1319 cap.
958 1281 1015 1307 1¹:
1039 1270 1235 1306 Novimus-a
1250 1275 1332 1305 natu
1347 1271 1464 1304 Aeon.-
1484 1271 1613 1304 viderat
1623 1271 1726 1304 soloe-

167 1327 306 1367 cismus,
320 1325 452 1372 Sophia
468 1330 554 1362 enim
570 1339 684 1363 nomen
700 1334 758 1364 est.

256 1382 423 1431 Μητρικὴν
440 1384 700 1432 προενεγκαμένη
717 1383 936 1432 Προῦνικίαν.]
971 1384 1074 1421 Forte
1090 1383 1284 1432 Προῦνικίαν
1298 1395 1361 1432 pro
1375 1385 1531 1421 libidinis
1551 1386 1724 1421 illecebris

167 1440 334 1487 sumpsit,
359 1444 399 1476 ut
422 1439 595 1488 μητριιιὴ’
578 1441 643 1476 exo
660 1444 716 1486 τῆς
733 1442 857 1490 μήτρας
874 1442 1059 1478 deductum
1081 1443 1136 1478 sit.
1172 1442 1366 1489 Origenes·
1355 1454 1392 1478 in
1407 1442 1549 1479 Celsum
1569 1447 1654 1479 tom.
1669 1455 1721 1480 vr.

169 1496 350 1544 Προῦνικὴν
369 1498 407 1533 δέ
419 1510 490 1538 τινα
506 1498 623 1546 σοφίαν
639 1497 701 1534 οῖ’
685 1511 750 1534 arro
767 1499 983 1535 Οὐαλεντίνου
999 1497 1198 1547 ὀνομάζουσι
1212 1498 1297 1534 κατὰ
1314 1499 1373 1544 τὴν
1388 1500 1636 1548 πεπλανημένην
1651 1499 1724 1536 ἐαυ-

167 1557 234 1588 τῶν
251 1555 379 1601 σοφίαν·
396 1551 434 1600 ἥς
453 1556 621 1603 σύμβολον
639 1553 716 1592 εἶναι
733 1556 907 1603 βούλονται
922 1557 976 1591 καὶ
993 1557 1121 1592 δώδεκα
1137 1555 1236 1592 ἔτεσιν
1253 1556 1506 1605 αἰμοῤῥοοῒισαν.
1532 1558 1603 1594 Sed
1617 1569 1725 1594 unam

166 1612 343 1659 quandam
365 1623 405 1648 ac
429 1613 645 1660 singularem
668 1613 851 1661 Προῦνιιιον
873 1626 895 1650 a
917 1615 1171 1651 Valentinianis
1193 1616 1404 1662 appellatam
1425 1627 1496 1652 uon
1518 1619 1621 1664 puto,
1645 1627 1723 1653 cum

166 1667 366 1716 Προῦνίκους
381 1670 518 1707 Aeones
536 1682 656 1707 omnes
672 1673 941 1719 nuncupaverit,
956 1672 1023 1708 hoc
1039 1673 1178 1719 quidem
1193 1673 1230 1708 in
1245 1674 1346 1710 libro.

254 1726 297 1764 N.
311 1738 360 1764 vr.
384 1725 478 1768 Ἥτις
499 1727 604 1773 ἣνώθι
626 1731 694 1770 τοῖς
719 1729 833 1776 emet]
867 1730 958 1772 Quid
980 1730 1011 1765 si
1022 1729 1124 1765 Αῑῶσι
1145 1741 1208 1777 pro
1231 1730 1317 1777 φωσὶ
1338 1731 1525 1778 legendum
1548 1732 1618 1767 sit?
1652 1732 1722 1767 Sed

165 1795 256 1831 quae
271 1788 464 1831 sequuntur
479 1787 646 1832 perplexa
661 1791 744 1822 sunt
759 1787 947 1822 admodum
963 1791 999 1823 et
1014 1788 1172 1823 obscura.

254 1841 295 1877 N.
312 1854 360 1878 ιι.
385 1841 445 1877 Ἐκ
457 1845 524 1877 τῶν
536 1846 595 1878 τοῦ
609 1842 728 1891 ἁγίου]
752 1844 945 1880 Plurimum
957 1846 1012 1880 vel
1027 1844 1093 1881 hoc
1107 1849 1177 1881 uno
1193 1846 1335 1881 nomine
1349 1846 1392 1881 de
1409 1848 1505 1882 omni
1518 1848 1721 1894 posteritate

162 1899 306 1934 meritus
319 1903 373 1935 est
384 1899 614 1947 Epiphanius,
631 1901 724 1948 quod
741 1902 815 1936 eius
831 1902 945 1937 studio
963 1903 1095 1938 factum
1111 1906 1181 1946 est,
1198 1907 1238 1938 ut
1253 1903 1386 1940 Irenaei
1402 1904 1600 1950 fragmenta
1615 1917 1721 1952 quae-

163 1956 245 1991 dam
267 1967 314 1992 ex
336 1959 434 1992 tanto
457 1958 550 1993 illius
574 1969 717 2005 operum
741 1959 926 2006 naufragio
950 1964 1184 2006 superessent.
1218 1961 1290 1996 Nos
1313 1972 1356 1996 ea
1379 1973 1458 1998 eum
1474 1962 1599 1998 Latina
1613 1964 1721 1999 veteri

162 2013 462 2061 interpretatione,
478 2015 572 2061 quod
587 2016 671 2051 olim
686 2015 811 2051 Billius
827 2016 973 2060 fecerat,
997 2017 1182 2063 diligenter
1196 2019 1406 2055 contulimus
1416 2046 1424 2062 ,
1447 2023 1482 2054 et
1496 2025 1634 2056 nostras
1649 2020 1719 2056 Bil-

161 2071 268 2118 liique
284 2072 498 2107 coniecturas
514 2072 559 2107 ad
575 2074 768 2119 marginem
785 2074 1050 2121 adscripsimus,
1072 2086 1184 2123 neque
1206 2077 1394 2123 quicquam
1414 2077 1483 2115 nisi
1503 2088 1547 2112 ex
1564 2082 1719 2116 veterum

161 2139 268 2165 manu
284 2132 506 2165 exaratorum
519 2129 590 2165 fide
604 2130 641 2166 in
656 2134 823 2166 contextu
838 2132 917 2178 ipso
932 2133 1157 2175 mutavimus.

251 2186 294 2222 N.
309 2199 344 2223 x.
369 2185 441 2222 Οὐκ
457 2186 654 2231 ἐπιζητήσας
671 2187 706 2222 δὲ
721 2188 798 2235 παρ’
813 2187 934 2235 ἡμῶν]
973 2189 1071 2232 Quod
1087 2202 1268 2238 perperam
1283 2195 1388 2228 antea
1403 2192 1543 2240 Δέλφοις
1558 2205 1620 2242 pro
1637 2193 1719 2230 Κελ-

161 2245 230 2284 τοῖς
245 2244 436 2291 legebatur,
453 2255 497 2279 ex
514 2244 601 2291 Reg.
619 2244 702 2281 cod.
717 2246 902 2282 autoritate
918 2248 1134 2283 sustulimus.

251 2300 293 2337 N.
309 2313 358 2336 ιι.
381 2301 443 2336 Καὶ
459 2301 612 2336 καθέσθαι
628 2299 672 2342 ὡς
689 2300 720 2336 ἐν
738 2303 875 2350 μήτρᾳ]
898 2304 1061 2351 Expuug.
1079 2305 1142 2340 καὶ.

252 2353 344 2392 Εἶναι
359 2356 422 2407 γὰρ
439 2358 548 2394 αὐτῶν
566 2358 730 2404 ἕκαστον]
763 2359 886 2396 Utrum
906 2362 1065 2399 Aeonum
1088 2364 1279 2410 quemlibet
1298 2364 1617 2412 hermaphroditum
1640 2379 1718 2403 esse

160 2415 308 2451 voluerit
318 2416 523 2451 Valentinus
532 2442 540 2458 ,
558 2427 603 2451 an
618 2417 717 2462 paria
731 2417 808 2463 ipsa
818 2418 933 2464 potius
948 2419 1123 2466 intelligat
1138 2432 1183 2455 ex
1198 2422 1287 2456 mari
1299 2422 1499 2468 feminaque
1511 2426 1718 2468 constantia,

161 2472 311 2509 dubitari
325 2471 417 2508 haud
432 2474 603 2508 immerito
619 2483 704 2508 sane
718 2478 842 2520 potest.
877 2474 946 2510 Par
966 2476 1106 2523 quidem
1125 2478 1241 2524 ipsum
1265 2477 1464 2524 ἀῤῥενόθηλυ
1480 2479 1636 2516 hocloco
1656 2494 1717 2517 no-

160 2529 287 2565 minari
301 2530 425 2566 docent
439 2542 482 2565 ea
497 2541 586 2577 quae
602 2531 842 2568 subiiciuntur.
878 2531 967 2569 Cum
987 2534 1082 2569 enim
1104 2534 1250 2569 dixisset
1273 2531 1351 2569 εἶναι
1373 2533 1436 2582 γὰρ
1454 2535 1563 2571 αὐτῶν
1579 2537 1716 2574 ἕκαστον

161 2585 378 2634 ἄῤῥενόθηλυν
395 2587 517 2634 οὕτως,
539 2588 713 2635 quomodo
734 2588 770 2623 id
790 2588 854 2623 fiat
873 2591 1024 2626 ostendit
1044 2591 1082 2625 in
1097 2593 1340 2637 sequentibus;
1362 2593 1455 2639 quod
1471 2598 1506 2629 et
1520 2595 1620 2631 Pater
1635 2608 1716 2632 cum

160 2643 322 2687 Ennoea,
335 2648 371 2680 et
385 2656 480 2680 mare
496 2646 639 2680 caeteris
656 2656 735 2680 cum
752 2646 824 2680 suis
841 2647 1059 2693 comparibus
1072 2649 1247 2683 coniuncti
1261 2650 1343 2686 sint.
1366 2649 1485 2697 Itaque
1498 2650 1714 2698 ἇῤῥενόθηλυν

160 2701 284 2737 iccirco
305 2703 464 2738 nominat
485 2703 568 2749 quia
589 2703 756 2748 coniuges
778 2706 870 2738 sunt.
904 2704 1012 2750 Atqui
1027 2705 1263 2740 Valentiniani
1284 2707 1352 2753 ipsi
1374 2705 1590 2754 ἀρῤενόθηλυν
1610 2711 1714 2746 Βυθὲιν

160 2758 319 2795 Aeonum
332 2760 522 2806 principem
539 2764 573 2794 et
589 2760 759 2805 originem
783 2760 819 2794 in
838 2760 926 2795 libro
943 2772 1006 2795 suo
1023 2766 1149 2796 vocant
1163 2762 1204 2797 N.
1214 2763 1263 2798 V.'
1289 2763 1334 2798 Et
1353 2775 1432 2800 cum
1448 2766 1629 2803 Tetradem
1653 2781 1715 2816 po-

161 2816 356 2859 steriorem,
377 2816 550 2853 Decadem
567 2827 606 2852 ac
623 2817 839 2852 Dodecadem
862 2822 1062 2861 numerant,
1085 2817 1302 2865 ἀῤῥενόθηλυν
1323 2825 1506 2869 utramque
1526 2826 1714 2871 appellant,

161 2883 232 2909 non
247 2873 340 2919 quod
354 2873 486 2920 singuli
496 2874 631 2909 Aeones
643 2873 915 2920 hermaphroditi
929 2879 1057 2918 essent,
1073 2876 1134 2910 sed
1147 2877 1239 2922 quod
1250 2879 1347 2924 paria
1358 2877 1390 2913 ἐν
1402 2883 1442 2926 τῇ
1455 2879 1554 2928 ὃμάδι
1567 2884 1714 2919 marium

159 2929 436 2977 feminarumque
452 2932 718 2967 continerentur.
757 2931 923 2973 Quocirca
939 2932 1024 2967 nihil
1047 2933 1090 2967 ad
1105 2932 1196 2969 hunc
1211 2935 1342 2971 Irenaei
1362 2938 1495 2982 locum,
1518 2943 1558 2974 ut
1581 2941 1712 2986 opinor,

161 2987 312 3034 pertinet
334 2988 425 3034 quod
447 2989 618 3024 eTertull.
634 2987 788 3031 affertur,
808 2989 897 3023 libro
919 3000 949 3024 c.
962 2989 1097 3026 Valent.
1113 3001 1189 3038 cap.
1205 3004 1330 3028 xxxrv:
1362 2996 1440 3029 Atii
1461 3002 1580 3030 eontra
1603 3001 1713 3043 maqis

162 3050 196 3079 et
207 3045 391 3080 mamalum
406 3048 613 3092 etsemo‘nam
629 3047 760 3087 dicunt,
778 3057 818 3080 ne
834 3047 929 3093 apud
942 3048 1029 3083 solos
1041 3047 1212 3085 Lunenses
1223 3049 1534 3099 hermaphroditum
1550 3057 1714 3090 existimet

1779 1927 1785 1934 .
1804 1909 1845 1935 6¹1.
