2008 3294
1681 209 1752 246 010

205 311 447 358 presbyterum
458 311 600 358 reperit,
618 322 721 357 quem
738 312 782 347 ob
798 311 991 358 praelatum
1006 310 1074 346 eibi
1090 311 1286 347 Cornelium
1302 323 1431 359 papam
1455 311 1533 348 odio
1555 313 1754 359 invidiaque

204 366 412 414 flagrantem
433 368 728 412 animadvertens,
761 367 1025 404 communicatis
1052 378 1133 404 cum
1156 380 1197 404 eo
1222 370 1393 413 consiliis,
1423 369 1517 405 aliud
1540 372 1575 404 et
1597 380 1618 404 a
1639 370 1753 416 priore

203 424 308 472 louge
330 424 506 460 diversum
528 424 680 460 schisma
703 425 862 461 condidit.
907 423 985 462 non
1007 425 1099 460 enim
1121 426 1299 472 lapsorum
1319 430 1360 462 nt
1381 437 1541 462 caussam
1562 427 1754 473 susciperet

204 492 332 528 eosque
349 481 603 528 quamprimum
619 482 698 528 paci
713 486 749 517 et
764 482 930 518 ecclesiae
944 482 1158 525 restitueret,
1175 493 1196 517 a
1210 482 1359 518 Cornelii
1370 484 1612 520 communione
1625 483 1751 519 disces-

203 538 266 581 sit,
283 537 344 574 sed
359 549 378 573 e
393 538 565 574 contrario
583 538 675 585 quod
690 539 835 574 nimiam
850 539 924 575 eius
938 539 975 574 in
990 538 1060 573 illis
1072 540 1334 575 reconciliandis
1345 541 1547 576 facilitatem
1559 541 1751 576 lenitatem-

203 605 270 642 que
281 595 469 631 damnaret.
493 595 550 630 Sic
566 595 673 642 igitur
684 595 955 632 Novatianorum
968 599 1064 631 secta
1076 596 1120 630 ab
1133 597 1304 632 ambobus
1317 598 1385 632 illis
1398 598 1575 633 autoribus
1586 598 1751 645 profecta,

202 662 224 686 a
238 652 427 698 posteriore
442 653 662 699 praesertim,
677 652 742 688 hoc
757 656 810 688 est
823 651 1032 696 Novatiano,
1048 663 1216 699 magnum
1233 654 1485 690 incrementum
1503 655 1644 702 accepit.
1683 655 1751 690 Sed

203 707 344 752 Graeci,
365 709 416 744 uti
432 709 520 752 dixi,
544 713 660 756 patres
675 721 785 745 unum
801 709 971 747 duntaxat
986 713 1100 746 sectae
1116 710 1330 745 conditorem
1346 713 1545 755 nominant,
1567 712 1750 755 Novatum,

200 765 273 801 sive
289 765 449 812 Ναυᾶτον,
465 766 663 803 Romanum
676 767 934 814 presbyterum,
950 767 1241 814 quemadmodum
1248 764 1382 804 Euseb.
1398 769 1475 805 l.v1.
1493 770 1580 804 Hist.
1596 780 1750 812 c.xxxv.,

199 821 445 866 Theodoretus,
461 822 584 870 Epiph.
596 823 662 859 hoc
677 824 770 867 loco,
788 823 976 871 Gregorius
988 823 1164 867 Nazianz„
1180 824 1335 871 adeoque
1349 825 1519 868 Socrates,
1537 826 1750 861 Novatianus

200 883 236 914 et
249 880 341 926 ipse,
357 883 392 915 et
407 881 601 927 complures
618 881 688 917 alii.
720 880 793 916 Imo
811 881 914 916 etiam
929 892 948 916 e
964 880 1097 916 Latinis
1109 881 1333 927 August-lib.
1351 882 1392 916 de
1407 883 1520 925 Haer„
1536 882 1750 926 Philastrius‚

199 937 318 975 Ambr.
335 937 371 973 in
382 937 450 974 LL.
465 937 506 973 de
518 937 623 975 Poen.
648 937 840 984 Distinguit
854 942 971 975 autem
986 937 1180 985 Cyprianus
1196 939 1327 985 passim
1344 939 1379 974 in
1395 939 1503 985 Epist.
1521 944 1556 974 et
1569 939 1749 983 pacianus,

199 1004 240 1029 ac
255 993 371 1029 Latini
387 1005 525 1038 omnes,
542 995 603 1040 qui
618 994 661 1030 de
675 994 740 1030 hac
755 994 891 1032 haeresi
905 995 1068 1036 subtilius
1084 995 1313 1042 disputarunt.

287 1050 361 1086 Iam
376 1050 561 1086 Novatiani
577 1051 706 1098 dogma
723 1051 823 1098 quale
838 1051 942 1087 fuerit
955 1051 1170 1099 Epiphanius
1193 1053 1311 1088 statim
1334 1053 1432 1088 initio
1455 1052 1606 1088 haeresis
1629 1055 1749 1100 aperit,

198 1108 360 1144 nimirum
376 1108 623 1155 pronunciasse
638 1109 752 1155 ipsum
767 1109 899 1144 nullam
914 1109 1035 1144 salutis
1051 1120 1150 1156 spem
1172 1120 1355 1156 superesse
1376 1110 1502 1157 lapsis,
1526 1111 1618 1156 quod
1640 1123 1749 1146 unum

198 1165 367 1200 duntaxat
382 1168 475 1200 esset
488 1165 722 1211 poeniteutiae
737 1176 850 1211 genus
864 1166 901 1200 in
917 1166 1102 1213 baptismo.
1149 1165 1248 1209 Quod
1267 1167 1316 1202 ita
1330 1166 1566 1202 Theodoretus
1583 1169 1747 1214 concipit:

199 1221 243 1268 μὴ
260 1223 378 1269 χρῆναι
393 1221 468 1262 τοὺς
484 1220 675 1268 ἀρνηθέντας
692 1221 852 1269 σωτηρίας
868 1224 990 1269 τυχέῖν.
1021 1223 1150 1259 Verum
1167 1235 1238 1259 non
1259 1235 1301 1259 ea
1322 1224 1507 1259 Novatiaui
1531 1225 1648 1271 opinio
1671 1226 1747 1267 fuit,

198 1290 257 1314 eos
274 1279 334 1325 qui
349 1278 518 1325 gravioris
533 1279 666 1326 peccati
680 1290 811 1315 noxam
827 1279 1085 1324 contraherent,
1101 1281 1146 1315 ab
1163 1281 1260 1316 omni
1274 1292 1336 1328 spe
1348 1281 1611 1327 consequendae
1624 1282 1746 1316 salutis

197 1334 344 1372 excludi.
391 1334 480 1371 Nam
496 1339 531 1371 et
545 1336 622 1371 illos
638 1335 681 1371 ad
697 1336 946 1386 capessendam
961 1337 1209 1383 poenitentiam
1222 1336 1351 1374 hortari
1366 1338 1542 1382 solebant,
1558 1343 1592 1373 et
1609 1342 1647 1373 ut
1663 1339 1747 1373 divi-

196 1403 278 1428 nam
294 1392 513 1429 clementiam
527 1393 690 1439 lacrymis
707 1403 748 1428 ac
764 1393 923 1429 sordibus
939 1394 1101 1430 elicerent
1115 1394 1302 1430 identidem
1319 1395 1561 1431 admonebant.
1593 1395 1663 1430 Sed
1682 1395 1747 1431 hoc

196 1461 304 1485 unum
319 1450 510 1496 negabant,
525 1449 570 1485 ad
585 1450 752 1486 ecclesiae
767 1461 808 1486 ae
823 1450 976 1486 fidelium
992 1452 1274 1487 communionem
1290 1453 1396 1499 recipi
1411 1453 1560 1500 amplius
1578 1458 1746 1500 oportere,

196 1517 310 1553 neque
324 1517 431 1553 penes
447 1506 628 1542 ecclesiam
643 1507 887 1543 reconciliandi
901 1508 956 1543 ius
972 1508 1082 1543 ullum
1098 1519 1138 1543 ac
1159 1512 1367 1555 potestatem
1386 1520 1473 1546 esse.
1521 1509 1654 1557 Quippe
1670 1511 1746 1545 uni-

197 1574 273 1598 cam
284 1563 380 1599 illam
390 1567 610 1610 peccatorum
622 1564 876 1611 indulgentiam
887 1564 924 1600 in
935 1565 1028 1600 illius
1040 1566 1182 1600 arbitrio
1194 1566 1342 1609 versari,
1359 1577 1448 1612 quae
1459 1578 1521 1613 per
1533 1567 1746 1614 baptismum

197 1620 379 1657 obtinetur.
410 1620 572 1656 Declarat
587 1621 671 1656 haec
687 1621 846 1657 Socrates
861 1621 923 1656 lib.
934 1634 981 1658 ιν.
998 1633 1072 1669 cap.
1087 1634 1164 1658 xm.
1197 1622 1384 1669 Scripsisse
1399 1623 1558 1659 videlicet
1571 1624 1745 1659 Novatum

196 1678 265 1718 ταῖς
282 1679 453 1724 πανταχοῦ
469 1675 670 1724 ἐκκλησίαις,
687 1677 732 1725 μὴ
749 1677 900 1725 δέχεσθαι
915 1678 990 1719 τοὺς
1007 1677 1232 1719 ἐπιτεθυκότας
1248 1677 1290 1720 εἰς
1306 1678 1347 1714 τὰ
1363 1681 1539 1727 μυστήρια,
1561 1679 1647 1715 ἀλλὰ
1664 1693 1745 1727 προ-

195 1733 320 1781 τρέπειν
337 1732 394 1781 μὶν
410 1733 528 1776 αὐτοὺς
545 1732 586 1775 εἰς
603 1733 783 1782 μετάνοιαν,
801 1733 858 1780 τὴν
874 1734 910 1770 δὲ
925 1734 1134 1783 συγχώρησιν
1157 1734 1334 1783 ἐπιτρέπειν
1357 1736 1422 1784 θεῷ
1438 1740 1487 1783 τῷ
1505 1737 1674 1783 δυναμένῳ
1691 1738 1744 1772 καὶ

196 1789 340 1832 ἐξουσίαν
357 1788 465 1838 ἔχοντι
481 1793 664 1838 συγχωρεῖν
680 1790 908 1839 ἁμαρτήματα.
945 1792 1013 1828 Sed
1029 1796 1064 1828 et
1079 1792 1284 1828 Ambrosius
1299 1794 1322 1830 l.
1334 1807 1358 1830 1.
1375 1794 1416 1829 de
1430 1794 1647 1829 Poenitentia
1663 1805 1691 1830 c.
1706 1807 1743 1830 11.

196 1859 275 1884 cum
289 1848 339 1883 ita
352 1848 431 1884 illos
445 1848 638 1895 redarguit:
667 1849 760 1890 Quid
771 1855 879 1884 autem
892 1851 1027 1892 durius,
1043 1862 1142 1896 quam
1158 1856 1196 1884 ut
1204 1852 1362 1885 indicant
1366 1854 1609 1897 poenitentiam
1616 1877 1626 1893 ,
1643 1864 1742 1898 quam

195 1918 262 1940 non
277 1906 444 1948 relaxent,
461 1917 534 1941 cum
546 1908 656 1952 utique
667 1909 800 1940 veniam
813 1908 966 1952 neqando
978 1909 1178 1957 incentivum
1192 1910 1611 1954 auferantpoem'tentiae?
1634 1908 1741 1942 Nemo

195 1965 282 1997 enim
290 1969 403 2009 potest
416 1962 495 1997 bene
512 1975 615 2008 aqere
627 1965 882 2009 poeniteutiam,
900 1965 967 1998 nisi
981 1966 1038 2009 qui
1051 1966 1245 2010 speraverit
1258 1966 1512 2010 indulqentc'am.
1549 1965 1643 2000 Haec
1659 1966 1741 2000 Am-

194 2019 340 2057 brosius.
387 2017 454 2061 Qui
474 2019 578 2066 paulo
599 2022 679 2066 post
701 2019 972 2056 Novatianorum
995 2020 1152 2056 doctores
1176 2022 1240 2063 ait,
1265 2024 1378 2056 omnia
1391 2028 1539 2068 peccata
1553 2021 1740 2056 Stoicorum

193 2078 336 2124 quodam
346 2087 438 2110 more
443 2077 591 2122 paribus
603 2078 799 2112 decantasse
812 2080 989 2119 mensuris,
1005 2076 1070 2112 hoc
1084 2082 1152 2120 est,
1169 2082 1207 2112 ut
1219 2079 1377 2124 sequenti
1389 2079 1501 2126 capite
1513 2079 1628 2123 docet,
1644 2080 1739 2114 nullo

193 2133 375 2170 criminum
390 2132 525 2168 delectu
539 2132 658 2169 habito
675 2134 836 2169 omuibus
853 2145 898 2169 ex
915 2145 1025 2181 aequo
1041 2135 1176 2171 veniam
1193 2146 1340 2182 negasse
1350 2163 1359 2178 ,
1375 2137 1492 2183 itaque
1508 2137 1659 2172 sensisse
1671 2136 1740 2172 No·
1797 2164 1803 2171 .
1832 2144 1847 2170 2
1866 2165 1872 2172 .

191 2194 322 2227 vatum.
368 2189 553 2238 Perperam
568 2190 677 2234 enim,
693 2194 732 2226 ut
746 2191 963 2235 monuimus,
983 2191 1156 2228 Novatum
1171 2203 1233 2239 pro
1249 2192 1443 2229 Novatiano
1459 2195 1548 2229 solet
1561 2205 1739 2240 usurpare,

193 2259 272 2284 cum
293 2238 378 2291 hoc,
401 2247 493 2294 quod
514 2248 589 2295 ipse
613 2251 746 2292 narrat,
768 2247 962 2283 Novatiano
980 2249 1096 2296 potius
1113 2254 1298 2296 congruat,
1323 2251 1383 2296 qui
1405 2250 1542 2286 Stoicae
1563 2255 1676 2286 sectae
1699 2262 1738 2285 ac

191 2303 429 2352 philosophiae
444 2315 520 2340 sese
536 2304 721 2340 dediderat.
745 2306 791 2340 At
805 2305 988 2340 Novatiani
1002 2307 1162 2353 magistri
1176 2307 1231 2342 sui
1247 2308 1410 2342 acerbum
1426 2309 1530 2343 nimis
1547 2312 1738 2342 austerum-

193 2373 259 2408 que
274 2361 449 2397 decretum
464 2372 505 2397 ea
519 2361 754 2397 moderatione
772 2365 1022 2409 temperarunt,
1043 2367 1082 2398 ut
1105 2363 1321 2410 gravioribus
1345 2364 1516 2400 duntaxat
1537 2365 1737 2400 criminibus

191 2419 330 2454 veniam
344 2423 530 2466 negarent,
551 2419 738 2454 levioribus
758 2418 957 2455 tribuerent.
1005 2419 1063 2455 Sic
1080 2421 1172 2455 enim
1187 2421 1407 2456 Ambrosius:
1439 2421 1508 2456 Sed
1523 2424 1619 2456 aiunt
1633 2434 1667 2455 se
1683 2434 1737 2456 ex-

193 2479 298 2523 ceptis
309 2477 527 2522 gravior-Ibus
542 2476 738 2511 criminibus:
752 2477 912 2510 relaxare
927 2479 1058 2510 veniam
1074 2478 1264 2512 levior-Ibus.
1311 2478 1390 2512 Non
1410 2478 1473 2512 Ιιοι,Ι
1491 2480 1621 2524 quidem
1639 2485 1737 2514 autor

191 2535 295 2569 veser&
309 2535 437 2568 erroris
452 2533 623 2574 Novatus,
646 2535 703 2578 qui
719 2534 1090 2579 neminipoenitentiam
1106 2535 1257 2568 dandam
1266 2537 1420 2583 putauit,
1444 2547 1486 2570 ea
1506 2537 1640 2570 scilieet
1659 2548 1736 2570 eon·

193 2590 421 2636 templatione,
435 2596 475 2624 ut
489 2591 578 2636 quod
591 2592 663 2635 ipse
679 2601 742 2624 mm
754 2595 868 2635 poscet
879 2590 1022 2631 colmere,
1039 2602 1103 2624 non
1119 2591 1263 2635 Itym-et,-
1286 2603 1325 2625 ne
1348 2592 1487 2636 liqando
1508 2595 1648 2638 sperari
1661 2606 1683 2627 a
1699 2606 1734 2628 se

185 2649 325 2692 faceret
334 2648 536 2694 saltationem.
583 2646 627 2680 In
643 2657 679 2680 eo
695 2648 802 2691 iyitur
812 2652 946 2692 patrem
963 2652 1105 2680 vestrum
1118 2649 1264 2693 propria
1282 2648 1454 2682 damnatis
1473 2652 1636 2684 sententia
1646 2677 1655 2693 ,
1678 2653 1736 2697 qui

195 2704 439 2739 distinctionem
448 2709 667 2750 peccatorum
674 2705 819 2748 facitis,
842 2714 926 2748 quae
941 2704 1100 2738 solvenda
1118 2716 1140 2737 α
1156 2704 1249 2738 vebia
1265 2715 1334 2738 esec
1342 2708 1485 2750 putetis,
1508 2711 1542 2740 et
1561 2718 1647 2753 quae
1661 2710 1733 2742 sitae

194 2761 338 2796 remedio
353 2771 423 2795 eene
437 2761 659 2795 arbitremini.
706 2759 818 2805 Atque
833 2762 872 2794 ut
885 2759 1025 2806 propius
1041 2759 1084 2794 ad
1099 2770 1141 2794 ea
1156 2760 1361 2806 disputanda
1374 2762 1570 2807 veniamus,
1586 2774 1732 2810 quorum

195 2826 319 2851 caussa
338 2816 476 2864 longius
498 2817 536 2853 in
558 2816 623 2852 hac
646 2816 794 2851 diatriba
814 2815 996 2862 procedere
1018 2817 1219 2860 statuimus,
1243 2817 1422 2853 sciendum
1443 2823 1497 2854 est
1516 2831 1586 2856 non
1601 2832 1662 2868 pro
1679 2833 1730 2864 eo,

197 2871 288 2918 quod
309 2872 424 2919 lapsos
447 2873 491 2909 ad
511 2874 790 2909 communionem
813 2875 847 2907 et
869 2873 1136 2908 ecclesiasticam
1158 2884 1279 2920 pacem
1302 2875 1531 2912 admittendos
1553 2883 1731 2924 negarent,

194 2928 367 2964 Novatum
381 2933 416 2965 et
428 2929 660 2966 Novatianum
675 2929 864 2965 haereticos
885 2928 1023 2964 habitos
1045 2933 1148 2976 atque
1170 2930 1213 2965 ab
1233 2925 1377 2967 ecclesia
1398 2932 1566 2969 catholica
1585 2936 1728 2981 proscri-

196 2987 274 3031 ptos
289 2985 413 3029 fuisse,
429 2986 489 3022 sed
505 2987 596 3034 quod
610 2987 744 3022 nullum
760 2986 803 3021 ad
819 2997 878 3021 eos
893 2987 1162 3022 reconciliandos
1178 2988 1470 3036 condonandaque
1486 2991 1608 3026 deficta
1623 2992 1677 3026 ius
1693 2993 1729 3026 in

197 3041 343 3077 ecclesia
357 3053 432 3078 esse
446 3043 626 3090 perfidiose
643 3054 682 3079 ac
699 3043 879 3078 crudeliter
900 3047 1145 3079 asseverarent.
1190 3043 1303 3090 Quod,
1323 3046 1482 3093 inquam,
1504 3049 1669 3091 clavium,
1691 3052 1728 3083 ut
